4022 6072
308 527 362 590 ua
914 514 1066 599 6688188
1093 517 1258 599 Hilarius

308 702 427 783 notavi,
451 702 537 786 quod
560 723 660 786 quum
683 705 849 766 monerent
871 700 911 766 ad
927 699 1107 766 Honorium
1123 723 1223 786 usque
1240 701 1419 785 pervenisse
1437 702 1737 787 interpretationem
1761 700 1852 769 editis

306 809 561 895 locupletiorem,
586 831 674 893 spem
699 808 777 873 mihi
802 808 926 890 darent,
950 808 1104 875 hactenus
1128 814 1234 874 tamen
1257 809 1379 875 frustra
1402 811 1576 890 nutritam,
1600 811 1669 876 fore
1698 815 1734 876 ut
1756 833 1852 896 auge-

306 921 397 984 retur
419 917 534 984 eummi
550 916 688 983 ductoris
704 916 960 982 commentarius.
978 913 1062 982 Sanc
1078 938 1160 1000 quae
1177 939 1249 982 cum
1267 917 1360 982 editis
1376 921 1408 982 et
1424 918 1555 984 sinceris
1571 919 1739 1003 quadrant,
1755 941 1852 1004 argu·

304 1031 414 1090 mento
437 1046 475 1091 ea
498 1029 584 1106 sunt,
606 1028 733 1091 caetera
756 1045 883 1108 quoque
901 1025 1107 1090 concordasse
1123 1046 1195 1090 cum
1212 1024 1335 1091 amissis
1352 1025 1600 1110 exemplaribus.
1616 1026 1711 1092 Brevi
1728 1033 1853 1094 utcum-

304 1156 366 1218 que
389 1132 518 1218 epeculo
543 1133 698 1218 prodeant
720 1153 802 1215 quae
825 1132 1016 1213 notavimus,
1041 1137 1075 1197 et
1101 1133 1134 1197 in
1166 1133 1278 1217 primis
1307 1132 1365 1198 illa
1388 1153 1469 1216 quae
1492 1137 1686 1199 vetustatem
1709 1135 1850 1219 apertius

304 1240 477 1321 declarant,
501 1245 598 1326 prout
619 1241 727 1324 jacent
750 1239 835 1324 apud
858 1238 1022 1306 Gerhoum
1045 1239 1111 1306 sive
1135 1238 1313 1306 Honorium
1338 1246 1370 1307 et
1394 1241 1427 1306 in
1452 1239 1574 1308 schedis
1596 1241 1750 1308 Pezianis.

340 1506 389 1562 Ρ8.
401 1504 563 1562 LXXXIX
570 1523 599 1563 v.
609 1506 651 1561 14.
663 1507 890 1576 Replellsumus
900 1521 987 1562 manc
998 1511 1053 1562 868.
1143 1508 1289 1586 Hilarius,
1308 1505 1339 1564 id
1358 1513 1406 1564 886
1418 1523 1520 1565 881888
1533 1513 1667 1581 gentes...
1686 1509 1728 1565 nei
1746 1507 1852 1565 domus

341 1599 491 1655 Hilarius.
510 1597 598 1652 Mane
618 1602 664 1652 est
676 1595 853 1669 principium
865 1595 1053 1652 aeternitatis
1107 1597 1163 1654 Dei
1183 1605 1277 1669 aptae.
1296 1600 1382 1654 Patr.
1402 1598 1574 1654 8816641).

304 1695 361 1745 etc.
380 1703 474 1760 usque
487 1689 617 1760 adquae
630 1684 745 1756 angelis
758 1684 892 1758 aequalis
908 1684 975 1742 erit.
994 1687 1050 1742 Pa·
1141 1688 1190 1743 Ρ8.
1209 1686 1248 1744 01
1267 1702 1295 1744 8.
1314 1673 1348 1742 ts
1362 1688 1437 1753 Quia
1450 1687 1623 1759 defecerunt
1640 1690 1717 1746 sicut
1734 1687 1850 1759 fumus.

304 1781 370 1834 trol.
390 1791 480 1832 oxmv
499 1775 554 1831 ool.
573 1775 626 1830 554
642 1775 675 1847 B,
695 1775 727 1832 0.
1141 1778 1288 1848 Hilarius,
1306 1777 1431 1833 Miseria
1446 1779 1582 1833 bominis.
1596 1776 1667 1834 Dies
1680 1776 1850 1834 6881181818

338 1866 388 1922 Ρ8.
408 1865 461 1922 XO
479 1882 508 1921 v.
527 1865 553 1919 6.
572 1865 641 1922 Noa
660 1867 773 1922 timebis
792 1881 812 1921 a
830 1867 934 1921 timore
953 1868 1008 1920 eto.
1104 1864 1270 1940 paradiso...
1289 1868 1332 1923 od
1350 1865 1427 1922 81886
1439 1866 1581 1922 88881188
1595 1870 1746 1922 88888886.
1765 1866 1848 1920 Patr.

341 1957 477 2012 Hilarius
496 1955 533 2011 dc
545 1956 678 2027 quatuor
691 1955 907 2010 tentationibus.
926 1953 1051 2009 Nootur·
1105 1955 1159 2011 col.
1179 1954 1232 2008 602
1250 1955 1286 2010 A.

303 2061 360 2100 888
380 2043 468 2099 618188
482 2047 554 2100 886...
565 2045 607 2100 ad
620 2042 771 2099 malitiosa
783 2041 896 2099 invidia
915 2040 1051 2115 exprimi·
1140 2045 1190 2100 Ρ8.
1210 2042 1249 2100 01
1267 2061 1294 2101 8.
1313 2043 1340 2098 8.
1364 2045 1490 2116 Vipiloui
1507 2046 1583 2103 sieut
1597 2060 1714 2115 888888.

302 2140 352 2190 688
371 2150 482 2190 eorum.
501 2135 586 2190 Patr.
606 2133 661 2189 ool.
680 2133 736 2188 656
754 2138 789 2202 A,
808 2131 842 2188 Β.
1140 2137 1287 2191 Hilarius.
1297 2135 1342 2191 De
1350 2151 1482 2205 passere.
1495 2134 1606 2191 Passer
1615 2151 1648 2192 88
1657 2134 1695 2190 86
1708 2130 1775 2188 aliis
1788 2129 1850 2188 avi·

337 2223 387 2280 Ρ8.
405 2223 475 2279 XOI
494 2240 523 2280 v.
540 2222 567 2278 4.
585 2223 624 2279 Ia
641 2225 825 2280 decachordo
841 2224 995 2293 psalterio.
1104 2222 1159 2278 bus
1174 2229 1321 2295 separat...
1334 2225 1376 2280 acl
1388 2223 1470 2280 Dens
1482 2224 1570 2280 homo
1583 2223 1700 2279 habitat
1713 2221 1744 2276 in
1757 2221 1847 2277 coelo.

337 2315 486 2370 Hilarius.
503 2313 620 2368 Bonum
632 2319 680 2370 eet
691 2312 820 2386 psallere
837 2329 904 2368 oum
923 2311 1048 2382 cithara,
1104 2315 1187 2369 Patr.
1206 2313 1261 2368 col.
1280 2311 1334 2368 606
1352 2311 1387 2368 D.
1407 2311 1451 2368 uf.
1469 2312 1518 2368 Ρ8.
1535 2327 1653 2368 amm
1672 2329 1700 2369 v.
1719 2314 1744 2366 4.
1764 2311 1848 2366 Patr.

301 2403 358 2460 hoo
377 2408 424 2460 est
441 2402 473 2458 in
491 2402 671 2475 operatione.
690 2405 773 2458 Patr.
793 2401 848 2458 ool.
869 2401 922 2457 664
939 2404 975 2459 A.
1104 2401 1158 2456 ool.
1177 2401 1239 2458 611.

336 2495 386 2551 Ρ8.
405 2492 509 2552 xum
527 2511 554 2550 v.
574 2493 600 2550 7.
619 2495 659 2549 ur
671 2495 832 2551 (1188818118
850 2494 920 2551 Noa
937 2492 1048 2548 videdit
1138 2491 1188 2548 Ρ8.
1207 2491 1246 2549 01
1264 2509 1291 2549 v.
1312 2491 1355 2549 18.
1374 2493 1514 2564 Respexit
1526 2492 1559 2547 ia
1575 2491 1739 2547 orationem
1756 2487 1849 2544 tumi-

300 2583 456 2640 Dornlaus.
1102 2583 1186 2639 lium.
1584 2625 1592 2638 .

336 2673 485 2727 Hilarius.
503 2669 586 2726 Deus
605 2668 699 2726 Jacob
719 2668 856 2724 dicitur...
868 2671 910 2726 ad
928 2667 1048 2740 corripit
1137 2673 1284 2728 Hilurica.
1304 2671 1349 2727 De
1368 2672 1499 2744 antiquis
1517 2673 1636 2728 8888118.
1655 2657 1847 2726 Patriar'chae

301 2759 418 2817 dicens:
437 2761 602 2833 Intellipite.
622 2761 705 2816 Patr.
725 2760 771 2816 ool
790 2760 843 2814 672
861 2760 897 2816 D.
1102 2763 1308 2837 etprophetae
1321 2760 1416 2818 etalii
1429 2761 1570 2835 antiqui...
1580 2762 1623 2818 ad
1635 2759 1847 2832 aequalitatem

336 2850 386 2907 Ρ8.
405 2847 502 2906 XCIV
520 2867 548 2906 v.
571 2851 595 2905 1.
620 2850 735 2920 Venae,
756 2851 922 2906 exultarunt
946 2848 1047 2905 Domi·
1102 2853 1287 2925 augelorum.

299 2958 338 2998 ao
358 2947 414 2998 868.
1136 2942 1186 2999 Ps.
1206 2941 1278 2998 0111
1295 2960 1324 3000 v.
1344 2941 1388 2999 00.
1407 2942 1534 3014 Auferes
1546 2942 1688 3013 spirltum
1699 2956 1801 2998 eorum
1820 2943 1847 2996 et

335 3033 481 3090 Hilarius.
492 3033 634 3105 Sequitur
642 3047 702 3089 888
711 3034 815 3090 Η81188
824 3037 852 3090 et
862 3033 982 3091 Heaocb
993 3034 1047 3088 aut
1101 3033 1246 3105 (1811818118.

298 3127 427 3182 ationem
442 3124 691 3194 praedicatorum
703 3125 745 3180 acl
753 3125 902 3194 populum
914 3124 1046 3181 Judaeu-
1135 3126 1283 3193 Hilarius,
1303 3123 1335 3181 id
1354 3129 1400 3180 est
1412 3123 1603 3181 morientur...
1618 3125 1660 3180 ad
1678 3123 1777 3180 omnia
1795 3121 1846 3177 im·

297 3231 376 3270 rum.
396 3213 420 3269 0
438 3230 502 3282 voe,
521 3210 639 3282 Judaei,
653 3211 704 3284 qui
716 3212 806 3283 longe
822 3213 895 3269 88618
914 3231 933 3268 8
951 3230 1045 3284 regno
1099 3212 1262 3287 plebuntur
1280 3210 1421 3269 bonitate.
1440 3213 1524 3269 Patr.
1544 3213 1598 3268 881.
1617 3211 1671 3268 660
1684 3211 1719 3268 D.
1737 3211 1789 3268 661
1808 3213 1843 3266 A.

297 3305 362 3376 Dei,
375 3320 427 3377 per
440 3309 539 3360 686881
551 3303 652 3359 orbem
666 3301 802 3375 dispersi,
815 3301 917 3360 venite
930 3303 967 3360 de
984 3321 1050 3376 per·
1100 3305 1288 3372 interpolata

297 3395 368 3453 fidia
386 3395 425 3452 ad
443 3395 540 3463 fidem,
558 3394 594 3450 de
614 3392 799 3450 Antichristo
818 3392 857 3449 ad
876 3393 1044 3468 Christum
1135 3392 1185 3448 Ρ8.
1204 3391 1271 3448 CIV
1289 3409 1318 3451 v.
1337 3393 1362 3447 1.
1383 3389 1566 3464 0881118811ιί
1577 3391 1704 3448 Domino
1723 3391 1751 3446 et
1769 3390 1845 3444 irruo·

298 3493 329 3544 86
347 3485 417 3559 quia
429 3502 521 3543 verus
537 3485 627 3554 Deus,
641 3486 802 3541 adoremus
821 3499 888 3541 eum
907 3486 934 3540 el
947 3486 1046 3554 proei-
1100 3485 1164 3539 cate
1181 3498 1288 3538 nomen
1306 3484 1380 3552 ejus.

297 3579 407 3633 domus
426 3592 548 3648 corpora
567 3579 636 3631 ante
656 3591 732 3644 eum,
751 3573 831 3647 quod
842 3572 957 3629 tamdiu
976 3589 1045 3629 eum
1134 3574 1281 3629 Hilarius.
1300 3574 1478 3630 Exhortatio
1490 3575 1588 3629 sancti
1599 3571 1740 3643 Spiritus.
1760 3569 1784 3626 Ο
1804 3585 1846 3625 se·

298 3665 499 3739 despeximus,
517 3669 544 3722 et
554 3667 708 3737 ploremus
720 3669 842 3736 8888868
854 3670 958 3720 888688
977 3668 1045 3721 unte
1098 3679 1168 3718 men
1179 3661 1327 3734 Abrahae,
1337 3662 1368 3718 id
1381 3669 1429 3720 eet
1440 3661 1608 3719 imitatores
1618 3661 1688 3717 fidei
1697 3659 1843 3728 Abrahae,

297 3756 394 3813 Deum
413 3758 466 3828 881
489 3754 561 3826 fecit
578 3771 633 3810 aas
651 3753 682 3808 18
708 3751 811 3808 mundi
836 3752 993 3825 creatione,
1013 3757 1043 3808 et
1098 3756 1130 3807 et
1147 3750 1202 3808 tilii
1220 3751 1331 3822 Jacob,
1351 3751 1383 3807 id
1401 3758 1449 3808 est
1468 3751 1522 3808 filii
1539 3750 1698 3808 luctatoris
1724 3747 1842 3818 Christi,

296 3845 478 3904 8818816888
497 3863 553 3902 eua
571 3846 719 3919 passione,
731 3846 803 3917 quia
820 3845 884 3915 ipse
902 3847 944 3901 est
962 3845 1043 3901 Deus
1096 3857 1151 3913 per
1168 3839 1365 3897 imitationem
1384 3841 1561 3912 confitemini
1580 3842 1712 3897 Dorilao.
1731 3841 1843 3895 Patrot

297 3940 405 4006 aester,
424 3953 484 3992 888
496 3935 582 4005 81188,
597 3940 628 3990 86
639 3951 695 3990 888
708 3951 813 3990 eumue
826 3935 960 4005 populus
973 3950 1045 4004 pas·
1098 3931 1152 3988 ool.
1172 3931 1226 3986 634
1244 3931 1277 3986 B.

300 4042 373 4084 eoae
392 4027 464 4096 ejus,
483 4022 631 4098 88181888
644 4021 795 4095 88816888
813 4021 845 4077 in
863 4021 991 4092 deserto,
1012 4026 1044 4078 et
1132 4019 1183 4076 Pe.
1203 4019 1268 4078 CIV
1287 4037 1315 4079 8.
1342 4021 1385 4076 16.
1412 4023 1451 4078 Et
1475 4021 1592 4103 uocauit
1613 4019 1729 4091 famem
1752 4033 1844 4090 super

297 4133 401 4173 888188
421 4129 488 4172 oves
505 4129 616 4170 munuc
634 4115 713 4184 8188,
733 4111 766 4169 id
789 4117 836 4170 eet
854 4111 1043 4184 operationis,
1098 4110 1220 4167 terrorve.

297 4204 367 4278 quia
379 4211 414 4262 86
425 4209 527 4278 pastor
539 4202 678 4276 providet
689 4203 774 4260 nobis
792 4202 961 4260 necessaria
979 4203 1044 4274 (818
1133 4204 1281 4259 Hilarius.
1300 4201 1453 4258 Historiae.
1472 4199 1509 4255 Id
1522 4205 1569 4256 est
1582 4202 1702 4272 propter
1719 4200 1844 4270 8888868

297 4298 448 4370 quaedam
466 4294 497 4351 in
515 4297 601 4351 Patr.
619 4293 673 4350 ool.
692 4293 746 4349 676
764 4293 808 4367 0).
1097 4291 1198 4367 888811
1207 4290 1302 4364 jussit
1314 4307 1440 4362 regnare
1452 4295 1553 4346 tamen
1565 4289 1596 4345 18
1609 4287 1718 4345 mundo
1729 4293 1843 4359 8886818

331 4386 381 4443 Ρ8.
400 4383 482 4442 XCV
500 4401 529 4440 v.
548 4383 574 4439 ’1.
594 4383 704 4456 Afferte
728 4383 904 4454 Dominum,
920 4387 1043 4455 patriae
1097 4383 1190 4439 88818.
1210 4384 1293 4438 Patr.
1314 4381 1368 4436 881.
1387 4381 1440 4436 669
1458 4381 1493 4438 B.

298 4479 438 4549 perillum.
1130 4473 1180 4528 Pe.
1194 4472 1260 4530 CIV
1273 4489 1300 4530 v.
1313 4471 1357 4526 at.
1369 4475 1473 4530 Posuit
1483 4476 1513 4528 ia
1526 4472 1840 4543 8688868818888818.

332 4566 479 4623 Hilarius.
497 4565 543 4622 De
561 4564 715 4635 sacmfioio.
734 4562 874 4637 Superior
892 4569 977 4622 actus
996 4582 1042 4622 ex·
1132 4563 1279 4620 Hilarius.
1292 4563 1445 4620 Historiae.
1459 4560 1542 4618 Sicut
1555 4561 1647 4618 88868
1660 4577 1736 4634 quae
1748 4557 1843 4632 loqui-

295 4654 432 4727 preeeit...
451 4655 493 4711 ad
511 4653 654 4710 subaudis
674 4652 779 4708 crucis.
809 4657 892 4712 Patr.
915 4654 969 4710 col.
989 4654 1042 4709 tua
1095 4652 1506 4726 mur...odterramoperuit.
1521 4656 1603 4711 Patr.
1618 4651 1784 4708 8816166.

296 4743 331 4816 Β,
350 4745 381 4816 0,
400 4743 436 4815 D,
455 4743 1041 4813 86188188Τ8111186881188,888611888
1131 4747 1180 4802 Ρ8.
1200 4745 1266 4803 0111
1285 4762 1313 4801 8.
1326 4743 1371 4800 46.
1385 4745 1424 4800 Et
1431 4745 1579 4814 poenituit
1591 4759 1658 4799 eum
1677 4741 1842 4800 seeundum

296 4834 489 4902 8868168188,
511 4834 564 4889 sed
575 4850 631 4891 voe
647 4833 729 4907 ipsos
741 4833 843 4890 vivam
855 4832 985 4891 hostiam
1003 4833 1042 4889 ad
1096 4835 1318 4892 multitudinem
1337 4833 1556 4891 misericordiae
1575 4849 1655 4889 suae.

296 4922 474 4996 martyrium
492 4927 668 4995 praeparata
687 4927 740 4978 etc.
760 4927 786 4979 et
798 4925 830 4979 18
847 4923 918 4994 fine:
940 4925 1042 4980 Omnis
1131 4927 1278 4982 Hilarius.
1297 4925 1342 4980 De
1358 4923 1538 4994 poenitentia
1556 4922 1620 4978 Dei.
1639 4919 1705 4978 Η88
1716 4924 1764 4977 886
1782 4937 1845 4977 818·

295 5015 471 5070 amoveatur
483 5013 573 5085 (8818.
588 5014 821 5086 commoveatur)
834 5014 872 5070 ab
884 5011 1042 5070 infidelita·
1096 5016 1181 5086 tavit,
1201 5013 1365 5072 secundum
1383 5012 1482 5070 visum
1501 5011 1665 5084 hominum,
1677 5009 1845 5068 tribulatio-

295 5109 358 5159 tem
370 5099 958 5178 86111818,8888818888816888116888
973 5121 1041 5178 888·
1095 5123 1163 5164 8818
1181 5123 1272 5178 quarn
1296 5103 1328 5160 in
1353 5102 1397 5160 818
1419 5101 1559 5159 illaturus
1579 5107 1659 5174 erat,
1679 5099 1844 5158 secundum

292 5205 335 5265 ra,
354 5189 595 5265 8888888861888
614 5193 652 5250 ad
670 5195 854 5269 martyrium.
1095 5193 1175 5269 quod
1193 5193 1351 5268 multiplex
1370 5199 1436 5248 erat
1454 5190 1660 5250 misericordia
1678 5191 1754 5264 ejus.

328 5281 379 5342 Pe.
398 5279 479 5340 XOV
498 5300 526 5342 v.
547 5285 589 5344 lu.
610 5285 716 5344 Omnia
734 5289 818 5360 118118
835 5288 991 5344 alvarum.
1130 5283 1180 5341 Ρ8.
1199 5283 1266 5342 CVI
1284 5301 1313 5341 v.
1332 5281 1357 5338 6.
1377 5283 1460 5339 Deus
1479 5283 1517 5338 86
1536 5284 1641 5339 austro
1660 5281 1764 5338 reniet.
