3944 6074
295 453 349 510 151
602 445 771 520 Divinum
789 445 873 540 quid
887 447 1051 537 ροηίίαικ,
1070 446 1174 520 simul
1192 469 1234 522 σο
1252 448 1441 522 humanum
1461 455 1520 522 est.

293 618 477 707 κυριωτέραι
501 607 534 682 δὲ
558 619 601 704 αί]
626 626 690 681 τῶν
714 607 831 700 ἀϊδίων,
857 617 1040 708 ἀκυρότεραι
1071 607 1105 684 δὲ
1128 623 1161 682 αί
1184 629 1247 683 τῶν
1271 618 1411 692 θνητῶν·
1435 629 1542 685 πασῶν
1567 611 1601 686 δέ
1629 627 1670 697 εἰς
1684 617 1709 706 ¹)
1731 623 1833 688 πάντα

293 729 527 804 συντελουσῶν,
550 735 614 791 τῶν
639 717 745 791 ἀϊδίων
769 729 810 802 είς
834 724 877 791 τά
909 723 1027 808 θνητοί,
1052 726 1135 798 ἄλλα
1159 726 1266 803 ἄλλοις
1290 730 1411 816 μᾶλλον
1436 729 1523 793 αίτια
1549 737 1608 804 τῆς
1635 740 1834 819 περιτροπῆς,

292 830 356 899 οἷον
372 843 418 918 τῷ
436 834 490 924 μὲν
507 835 659 908 σεληναία
674 826 825 925 περίοδος,
842 843 888 918 τῷ
905 827 939 900 δὲ
953 835 1070 926 κρόνια,
1087 845 1133 920 τῷ
1151 827 1185 902 δὲ
1201 835 1283 910 ἄλλη
1301 860 1360 916 τις,
1377 836 1396 910 ή
1415 835 1534 926 ἀρανής
1551 835 1664 926 ήμῖνή
1689 839 1833 928 ἐμφανής·

291 951 353 1008 πᾶν
377 941 438 1032 γὰρ
462 941 568 1026 κύκλῳ
592 942 781 1032 κινούμενον,
805 934 947 1032 περίοδον
972 945 1047 1033 ἔχει,
1071 944 1124 1009 καί
1148 943 1248 1009 αίτιόν
1264 948 1333 1009 ἐστι
1348 941 1454 1028 θνητῷ
1469 969 1532 1011 τινι
1553 955 1751 1036 περιτροπῆς,
1776 948 1835 1011 είτε

252 1076 266 1116 ε
293 1048 372 1116 θεῖον
398 1052 444 1123 είη
469 1050 592 1139 ὄχημα,
616 1052 679 1116 ε’ίτε
703 1051 884 1142 ἀγγελικὸν,
908 1053 972 1117 εἴτε
996 1043 1166 1142 δαιμόνιον·
1182 1073 1221 1128 ss:
1238 1053 1293 1117 καί
1315 1043 1368 1117 διά
1389 1063 1485 1119 τοῦτο
1508 1052 1563 1119 καί
1585 1052 1628 1118 τά
1652 1053 1753 1142 μέτρα
1775 1064 1834 1119 τῶν

292 1167 385 1248 τριῶν
412 1159 486 1244 βίων
511 1149 643 1248 διάρορα
665 1157 782 1232 πλήθει
804 1159 935 1249 χρόνου,
960 1159 1014 1223 καί
1036 1157 1078 1224 τά
1094 1149 1159 1231 εἴδη
1178 1170 1237 1235 της
1260 1152 1356 1239 ζωῆς,
1381 1162 1431 1226 ὅτι
1454 1159 1509 1226 καί
1531 1160 1573 1228 τόι
1596 1165 1684 1228 αἴτια
1707 1152 1836 1251 διάφορα

291 1265 334 1332 τὰ
358 1266 406 1333 ἀεί
428 1266 605 1356 κινούμενα·
628 1265 776 1332 λανθάνει
800 1257 833 1331 δὲ
856 1269 889 1331 τί
911 1269 995 1344 τίνος
1012 1269 1122 1344 αἴτιον,
1140 1269 1194 1332 καί
1210 1264 1410 1359 θαυμάζομεν
1428 1260 1480 1334 διά
1502 1272 1536 1336 τί
1558 1271 1596 1336 τό
1621 1269 1676 1361 μέν
1700 1265 1739 1356 ζῇ
1766 1273 1835 1360 μίαν

292 1377 411 1466 ἡμέραν
424 1373 462 1460 ²),
486 1381 526 1452 ῶς
550 1376 588 1440 τδ
611 1375 680 1466 περί
703 1376 758 1440 τὀν
783 1377 920 1442 ’Ύπανιν
943 1378 1099 1466 ποταμὸν,
1115 1377 1309 1467 γεννώμενον
1327 1379 1383 1468 μέν
1406 1382 1560 1465 ἀνατολῇ,
1584 1378 1782 1452 ἀποθνῆσκον
1807 1371 1837 1444 δέ
1936 1447 1937 1460 ,

293 1485 323 1546 ὲν
339 1492 380 1568 τῇ
401 1473 494 1548 δύσει·
513 1483 551 1547 τ“ο
567 1473 601 1548 δὲ
617 1500 658 1554 -ζζ-
673 1483 760 1548 ἐννέα
776 1481 883 1572 γενεάς
900 1474 1018 1573 ἀνδρῶν
1034 1481 1215 1575 γηρώντων,
1229 1487 1287 1576 ούχ
1299 1491 1429 1577 ὁρῶντες
1445 1485 1551 1552 πάντα
1568 1485 1610 1551 τά
1626 1491 1657 1552 ἐν
1670 1496 1716 1570 τῷ
1733 1486 1838 1574 κόσμῳ

237 1613 265 1652 ιο
294 1592 329 1676 (f.
354 1593 410 1674 36)
435 1590 691 1681 κυκλοφορητικά
709 1591 774 1678 [καί
790 1602 865 1656 ποῖα
888 1593 985 1656 ποίων
1009 1591 1140 1684 ἄγεσθαι
1161 1603 1365 1684 περιτροπῶν·
1383 1599 1414 1660 ἐν
1432 1585 1466 1660 δὲ
1488 1593 1611 1670 τούτοις
1635 1595 1767 1685 ὥρισται
1789 1592 1839 1656 καί

293 1721 391 1764 ...ον
409 1700 473 1765 ότω
488 1753 496 1768 .
510 1753 517 1768 .
533 1751 541 1767 .
563 1708 668 1764 πᾶσαν
685 1699 840 1788 κοσμικὴν
856 1691 997 1790 περίοδον
1013 1753 1020 1767 .
1036 1752 1065 1768 ..
1089 1701 1151 1765 Καί
1166 1703 1197 1765 τί
1213 1702 1251 1766 τύ
1269 1695 1546 1791 μακρούιώτατονς
1563 1705 1613 1768 ότι
1628 1704 1666 1768 τύ
1682 1703 1738 1767 τὸν
1755 1725 1838 1766 π...

291 1808 403 1898 χρόνον
427 1818 486 1884 τῆς
509 1799 652 1898 περιόδου
676 1807 797 1885 ταύτης
816 1811 964 1893 βιοτεύον.
989 1809 1050 1873 Καί
1072 1810 1107 1873 τί
1120 1810 1158 1873 τ“ο
1176 1802 1453 1900 βραχυύιώτατονς
1470 1811 1521 1875 ότι
1536 1812 1574 1877 τό
1597 1819 1643 1895 τῷ
1667 1813 1838 1900 ἐλαχίστην

291 1917 398 2006 έχοντι
421 1915 481 1991 τήν
506 1916 767 1989 ἀποκαταστικὴν
791 1911 875 1997 ζωήν
900 1908 1012 1995 διεξείη
1038 1917 1094 1982 τὀν
1117 1915 1178 1990 τήν
1201 1921 1314 1984 ἑαυτοῦ
1337 1919 1548 2009 περιτροπήν]

1036 2239 1095 2310 1Ε’.

338 2456 439 2543 [Θεῖον
463 2454 611 2545 γενητόν,
627 2456 710 2543 ούτε]
726 2453 782 2519 τδν
807 2455 879 2519 ὅλον
895 2454 982 2545 λέγει
999 2453 1127 2544 κόσμον,
1147 2458 1173 2518 εί
1188 2453 1243 2518 καί
1263 2455 1524 2545 [προηγουμένως]
1545 2463 1669 2531 τοῦτον,
1693 2455 1770 2520 ούτε
1786 2455 1839 2519 τὸν

236 2596 264 2634 ιι
291 2563 418 2652 ούρανύν
443 2563 547 2650 μόνον,
572 2563 644 2627 ούτε
667 2563 704 2626 τὸ
729 2563 789 2627 ύπθ
813 2562 959 2640 σελήνην,
984 2560 1069 2627 ἀλλά
1084 2571 1146 2626 πᾶν
1170 2563 1208 2626 τδ
1232 2563 1410 2634 ἀεικίνητον
1435 2562 1489 2626 καί
1511 2563 1762 2654 περιφερόμενον,
1780 2564 1841 2627 εἴτε

291 2674 322 2738 ἐν
352 2673 480 2761 οὐρανῷ,
505 2668 560 2734 εἴθ’
585 2670 645 2734 ὑπὸ
668 2668 815 2746 σελήνην,
840 2675 880 2745 ῶς
897 2668 952 2757 μὲν
970 2669 1151 2758 σωματικὸν
1167 2669 1302 2762 γενητόν
1318 2669 1520 2760 καλούμενον.
1543 2662 1641 2736 Ούδέν
1665 2669 1727 2762 γάρ
1752 2679 1841 2757 σῶμα

292 2777 541 2844 αύθυπόοτατον·
564 2781 604 2852 ὡς
629 2767 663 2840 δέ
686 2777 874 2859 ἀεικίνητον,
892 2775 983 2842 θεῖον·
1001 2789 1144 2866 μιμεῖται
1160 2777 1221 2869 γάρ
1237 2777 1280 2842 τά
1297 2777 1446 2843 θειότατα
1468 2788 1532 2842 τῶν
1547 2777 1659 2860 όντων,
1683 2778 1839 2868 ἄγρυπνον

292 2889 409 2977 ἔχοντα
433 2879 527 2962 ζωήν.
552 2885 612 2949 Καί
637 2883 698 2974 γάρ
722 2875 792 2949 οὐδὲ
815 2878 898 2949 εἶπεν
914 2896 969 2950 τοῦ
987 2884 1068 2950 θείου
1085 2895 1221 2976 γενητοῦ
1244 2887 1299 2952 τὸν
1319 2886 1438 2953 τέλειον
1460 2885 1590 2977 ἀριθμὸν
1614 2885 1673 2958 τήν
1696 2876 1840 2975 περίοδον

289 2986 544 3086 περιλαμύάνειν,
561 2991 631 3059 ἀλλ’
650 2992 723 3058 ἀνευ
740 3003 795 3058 τοῦ
813 2991 936 3083 ἄρθρου,
963 2991 1071 3059 “θείου
1087 3004 1222 3084 γενητοῦ
1236 3019 1263 3075 ,·
1288 2986 1327 3058 δι’
1353 2989 1387 3058 ού
1412 2985 1505 3067 δηλοῖ
1526 2991 1652 3069 πάντως
1668 2991 1687 3065 ή
1705 2992 1837 3074 τινύς,ή

235 3130 263 3169 ιο
289 3104 407 3178 παντὸς
427 3100 509 3167 θείου
526 3111 672 3192 γενητοῦ.
691 3102 735 3166 'rb
753 3093 786 3167 δὲ
803 3103 885 3178 τινὸς
903 3107 958 3167 ούκ
973 3103 1228 3193 ἐπιστημονικὸν,
1246 3103 1389 3192 ἀόριστον
1405 3101 1477 3193 γάρ,
1493 3105 1620 3167 πολλῶν
1637 3099 1736 3166 ὄντων
1755 3097 1840 3165 θείων

290 3221 444 3304 γενητῶν,
468 3211 521 3276 καί
544 3214 603 3302 οὐχ
626 3211 701 3288 ἑνός·
720 3203 785 3278 οὐδ’
807 3213 843 3277 ἂν
868 3213 942 3302 πρός
966 3213 996 3277 ἕν
1021 3238 1053 3278 τι
1077 3212 1170 3302 μόνον
1191 3202 1403 3302 ἀντιδιῃρεϊτο
1427 3220 1500 3306 τῶν
1514 3209 1601 3275 θείων
1625 3217 1782 3300 γενητῶν,
1806 3210 1841 3271 τό

291 3319 479 3410 ἀνθρώπειον
503 3319 654 3410 γενητόν·
676 3310 746 3386 οὐδὲ
769 3319 830 3411 γάρ
854 3325 870 3384 ό
895 3318 1052 3410 ἄνθρωπος
1076 3321 1141 3396 ἑνὸς
1164 3330 1228 3386 τῶν
1253 3318 1339 3386 θείων
1363 3319 1482 3410 ἕτερος,
1509 3315 1592 3384 ἀλλά
1619 3317 1766 3382 πάντων·
1791 3314 1842 3381 καὶ

289 3418 431 3518 περίοδον
455 3426 522 3516 ἔχει
546 3415 669 3509 διττὴν,
694 3428 864 3517 ἀμεινόνων
888 3427 943 3491 καί
964 3428 1112 3517 χειρόνων
1136 3428 1295 3518 γενέσεων,
1312 3425 1350 3500 ήν
1376 3418 1474 3515 μηδὲν
1498 3429 1566 3516 ἔχει
1588 3425 1669 3491 θεῖον
1693 3426 1840 3516 γενητόν,

291 3537 361 3602 ἀλλ’
388 3535 497 3626 ούχίθ)
520 3536 551 3600 ἕν
574 3559 607 3600 τι
632 3535 736 3624 μόνον.
760 3537 882 3612 Παντθς
907 3533 967 3625 ἀρα
988 3535 1077 3626 λέγει
1101 3534 1181 3601 θείου
1205 3545 1352 3626 γενητοῦ,
1376 3535 1430 3601 καί
1454 3533 1524 3624 ούχί
1547 3533 1641 3616 τινός,
1658 3535 1735 3600 όταν
1760 3533 1837 3623 λέγῃ

234 3667 262 3706 ιι
294 3654 307 3682 ⁸
321 3644 393 3728 θείῳ
408 3643 462 3734 μὲν
479 3637 531 3709 ούν
546 3654 670 3734 γενητῷ
682 3635 823 3731 περίοδός
836 3649 932 3726 ἐστιν,
946 3642 984 3717 ήν
997 3642 1123 3734 ἀριθμὸς
1136 3635 1364 3732 περιλαμύάνει
1374 3643 1494 3719 τέλειος
1507 3667 1533 3722 ,·
1545 3642 1645 3727 έπεμ)
1659 3641 1713 3706 καὶ
1724 3640 1841 3716 παντὸς

289 3751 341 3837 ήν,
366 3759 393 3819 εἰ
409 3757 515 3844 ἔλεγεν
534 3752 618 3826 τινδς
636 3751 730 3834 θείου,
746 3753 800 3816 καί
817 3755 851 3818 ού
867 3752 995 3828 παντός·
1012 3762 1075 3816 τῶν
1093 3744 1127 3817 δὲ
1144 3751 1249 3816 ἀλλων
1266 3750 1326 3822 τήν
1342 3741 1486 3839 περίοδον
1511 3750 1581 3839 οὐχί
1605 3747 1732 3839 ἀριθμός
1756 3773 1840 3839 περι-

290 3854 451 3949 λαμύάνει
472 3860 600 3935 τέλειος·
617 3860 683 3925 έπεί
699 3859 753 3922 καί
773 3860 810 3944 [εί
829 3861 899 3946 (fol.
917 3863 960 3927 36
976 3864 1021 3942 v.)
1040 3881 1164 3927 ...ειεν
1181 3860 1229 3935 τίς
1245 3859 1300 3924 τὸν
1317 3859 1433 3947 κόσμον
1451 3859 1555 3947 μόνον]
1574 3856 1722 3948 λέγεσθαι
1749 3856 1840 3940 ίθεῑον

289 3967 437 4060 γενητόν,
456 3965 509 4031 καί
533 3957 585 4032 διά
607 3975 720 4030 τοῦτον
736 3965 804 4053 τόν]
824 3964 952 4056 ἀριθμόν
972 3969 1078 4052 [αὑτοῦ
1094 3968 1149 4032 τὸν
1165 3956 1358 4056 περιίοδικδν
1374 3965 1506 4042 τέλειον,
1517 3969 1646 4057 ,γελοῖον
1663 3965 1780 4029 ἀντικα
1793 4013 1800 4028 .
1814 4011 1839 4024 ..

289 4085 333 4142 εῖν
357 4077 387 4140 ὲν
412 4083 459 4158 τῷ
482 4073 592 4160 κόσμῳ
615 4071 671 4137 τὸν
695 4070 856 4162 ἄνθρωπον
884 4073 948 4158 [καί
970 4071 1031 4148 τήν
1047 4073 1174 4161 τούτου]
1192 4065 1335 4166 περίοδον
1356 4073 1440 4165 [πρὸς
1456 4071 1516 4145 τήν
1533 4071 1699 4160 κοσμικήν·
1722 4071 1758 4134 ού
1782 4066 1840 4159 γάρ

234 4200 262 4240 ιο
290 4185 500 4270 ιῦίτακτοςή
527 4171 709 4270 μετάύασις,
734 4180 787 4245 καὶ
810 4191 914 4246 ταῦτα
930 4187 1059 4248 Μουσῶν
1075 4185 1245 4274 λεγουσῶν·
1267 4191 1353 4250 “πο“ιν
1370 4181 1431 4274 ἀρα
1456 4179 1537 4248 θεῖον
1560 4177 1706 4272 γενητόν,
1731 4174 1802 4268 μεθ’
1826 4177 1840 4240 θ

288 4292 327 4357 τὸ
351 4288 540 4381 ἀνθρώπειόν
563 4292 648 4354 ἐστιν
672 4285 806 4378 γενητόν
825 4335 850 4368 ,.
877 4294 945 4352 Τῶν
970 4282 1022 4354 ούν
1039 4299 1180 4380 γενητῶν
1198 4289 1384 4364 ἀεικινήτων
1401 4288 1510 4366 ὄντων,
1526 4288 1545 4360 ή
1564 4291 1620 4354 ούκ
1643 4286 1839 4361 ἀεικινήτων,

288 4397 395 4465 πάντα
419 4399 584 4469 ἀεικίνητα
609 4393 677 4460 θεῖα
700 4395 847 4471 καλέσας,
871 4398 909 4461 τό
935 4395 1122 4487 ἀνθρώπειον
1149 4389 1356 4484 [ἀντιδιεϊλεν]
1382 4398 1520 4473 ἐκείνοις,
1544 4395 1648 4462 ούκέτι
1669 4395 1744 4482 μίαν
1769 4394 1839 4482 έχον

288 4501 383 4588 ζωήν,
400 4504 455 4571 καί
471 4513 517 4588 τῷ
528 4503 554 4590 ⁶)
570 4503 691 4594 ἀριθμῷ
708 4502 769 4575 τήν
787 4503 898 4590 αὐτὴν,
915 4497 986 4568 οὐδὲ
1003 4504 1250 4596 ἀπαράλλακτον
1267 4503 1327 4576 τήν
1343 4495 1498 4595 περίοδον.
1514 4503 1627 4592 Διόπερ
1645 4501 1762 4567 ἐκείνου
1787 4499 1839 4588 μὲν

287 4611 405 4686 παντὸς
428 4609 490 4684 τήν
513 4601 657 4700 περίοδον
689 4609 817 4702 ἀριθμὸς
840 4604 1066 4700 περιλαμύάνει
1087 4611 1223 4694 τέλειος,
1249 4609 1290 4687 είς
1313 4607 1355 4674 ῶν
1379 4613 1428 4699 ἐρ’
1451 4608 1606 4690 ἑκάστου,
1629 4609 1682 4674 καί
1705 4613 1722 4672 ό
1745 4609 1838 4682 αύτδς

233 4733 260 4770 ³⁵
289 4718 555 4796 ἀποκαταστικθς,
580 4720 664 4808 μήτε
686 4715 880 4810 προσθήκην,
906 4720 990 4810 μήτε
1014 4721 1171 4810 ἀφαίρεσιν
1187 4721 1279 4810 ἔχων,
1297 4717 1350 4783 καί
1365 4716 1492 4784 πάντων
1516 4716 1718 4794 τελειότατος
1741 4720 1759 4781 ό
1783 4725 1836 4781 τοῦ

324 5005 332 5044 ¹
394 5047 401 5062 ·
434 5047 441 5064 ·
497 5049 504 5064 .
1129 5003 1141 5040 ³
1170 5001 1208 5058 Η.
1226 5000 1247 5056 f.
1267 5001 1310 5056 12.

325 5003 351 5171 ι))
362 5003 498 5153 ῗίούαθίιθ·
510 5095 539 5150 in
552 5111 661 5166 marga
674 5100 713 5157 ἐξ·
727 5097 790 5165 Σήμ.
806 5099 861 5166 περί
881 5095 945 5156 ζύου
964 5093 1039 5150 αύθή-
1127 5005 1152 5166 4))
1168 5090 1206 5147 Η.
1225 5088 1371 5164 expunxit
1390 5091 1442 5143 ἐπεί
1457 5105 1553 5162 usque
1566 5087 1605 5144 ad
1618 5088 1644 5140 ού
1664 5091 1763 5153 παντός,
1784 5083 1834 5142 sed

290 5203 362 5256 μερεν
382 5185 533 5256 γιννωμίνιυ
547 5191 589 5236 καί
604 5187 808 5252 ἀποθνήσκοντος,
822 5185 833 5237 θ
847 5189 922 5236 καλεῖ
938 5181 1039 5238 ίπιύιίλ·
1093 5190 1196 5242 contra
1213 5181 1276 5238 eod.

288 5279 340 5338 λοι,
361 5273 394 5334 ὥς
412 5273 427 5328 λ
447 5271 550 5344 κορύνη.
571 5273 608 5329 Η.
629 5271 737 5330 omisit.
756 5271 836 5330 Pom
857 5279 884 5328 ιο
904 5277 948 5344 μὲν
967 5277 1019 5344 ζῇν.
1127 5269 1151 5344 ⁵)
1170 5269 1207 5326 Η.
1226 5287 1285 5328 om.
1305 5271 1348 5340 τῷ.
