3978 6070
559 468 561 470 Ι
675 541 679 549 ·
700 521 756 596 De
776 523 863 596 Fato
882 528 913 596 et
931 523 1165 601 Providentia.
1659 545 1711 604 145

161 697 297 790 ῥήμασιν
321 695 516 788 ἐκηρύττετο
540 704 653 786 σαφῶς·
682 697 805 778 “αίτία,
828 695 988 784 ἑλομένου·
1005 694 1083 781 θεὸς,
1101 699 1239 776 ἀναίτιος
1254 752 1280 780 ,.
1298 707 1367 766 Τῶν
1392 702 1451 796 γάρ
1476 714 1582 770 κακῶν
1606 697 1709 782 δήπου

160 805 227 883 θεός
251 806 400 889 ἀναίτιος,
424 807 495 895 σύχί
518 814 582 869 τῶν
606 803 742 896 ἀγαθῶν·
765 803 893 869 πάντων
916 802 975 896 γάρ
1001 806 1160 872 αἰτιᾶσθαι
1181 819 1296 898 χρῆναι
1313 821 1376 876 τῶν
1401 811 1526 905 ἀγαθῶν
1547 815 1603 880 τόν
1627 815 1706 906 θεόν,

159 918 190 980 ἐν
213 924 259 998 τῷ
277 905 410 1005 δευτέρῳ
425 924 484 990 τῆς
502 914 668 990 Πολιτείας
683 913 872 1002 ἠκούσαμεν.
891 921 1002 978 Ταῦτα
1019 913 1074 1004 μὲν
1092 909 1154 992 σύν,
1173 917 1245 1006 ὅπερ
1269 919 1357 1008 ἔφην,
1382 923 1630 1013 ὑπομιμνήσκειν
1656 917 1708 990 διὰ

158 1023 309 1090 πλειόνων
332 1023 503 1114 περιέργου.
528 1061 569 1074 -
596 1023 674 1090 ’Ότι
698 1015 732 1088 δέ
755 1021 815 1095 τήν
848 1022 1045 1113 Εἱμαρμένην
1078 1025 1182 1089 αἰτίαν
1215 1019 1293 1091 εἶναι
1325 1029 1418 1118 φησίν
1450 1032 1544 1109 αύτδς
1567 1043 1631 1098 τῶν
1654 1046 1710 1101 τοῦ

118 1157 131 1195 ε
159 1131 278 1225 κόσμου
297 1122 459 1222 περιόδων,

158 1349 182 1413 f.
208 1347 271 1414 194
298 1369 344 1414 v.:
368 1345 423 1410 καί
446 1347 517 1412 ούτε
540 1343 600 1420 τὴν
623 1337 785 1438 περίοδον,
810 1349 881 1413 ούτε
904 1345 964 1419 τήν
988 1340 1077 1425 τάξιν
1097 1347 1158 1419 τήν
1182 1352 1213 1414 ἐν
1238 1353 1347 1427 αὐταῖς
1373 1352 1427 1418 καί
1450 1353 1505 1420 τόν
1529 1359 1644 1448 εἱρμὸν,
1669 1361 1709 1438 ὥς

158 1478 239 1519 τισιν
264 1443 378 1536 ἔδοξεν,
403 1444 497 1526 δηλοῖ
518 1451 560 1518 τά
585 1456 616 1518 ἐν
639 1463 686 1537 τῷ
710 1458 868 1537 Πολιτικῷ
893 1452 1029 1547 ῥηθέντα
1044 1458 1115 1548 περὶ
1132 1461 1240 1536 αὐτῆς·
1268 1463 1359 1527 ἱΤόν
1384 1453 1419 1528 δέ
1435 1453 1473 1535 δή
1500 1465 1618 1556 κόσμον
1643 1469 1709 1536 ἀνέ-

159 1585 289 1653 στρεφεν
313 1561 505 1652 Εἱμαρμένη,
530 1562 584 1626 καί
608 1561 766 1652 σύμφυτος
789 1561 948 1651 ἐπιθυμία,
971 1564 1031 1639 τήν
1047 1569 1190 1632 ἐναντίαν
1211 1581 1252 1656 τῇ
1278 1573 1414 1664 προτέρᾳ
1437 1576 1632 1670 περιάγουσα
1655 1604 1710 1645 κυ-

158 1671 269 1744 κλήοει
286 1720 312 1750 ,.
336 1674 438 1743 Δῆλον
461 1670 523 1761 γάρ
546 1669 599 1738 ότι
622 1682 717 1737 κινεῖν
748 1671 804 1761 μέν
829 1675 860 1737 ἐν
884 1671 1007 1749 τούτοις
1039 1676 1138 1740 σίεται
1170 1675 1230 1749 τήν
1261 1681 1479 1770 Εἱμαρμένην,
1503 1685 1653 1752 κινεῖσθαι
1676 1680 1710 1754 δὲ

105 1803 130 1841 ιο
157 1778 207 1844 ὑπ’
232 1782 331 1855 αὐτῆς
354 1777 409 1844 τὸν
433 1779 551 1868 κόσμον
576 1778 755 1868 σύμπαντα,
779 1779 863 1844 κατά
882 1779 985 1857 πάσας
1001 1780 1058 1861 τάς
1075 1787 1106 1848 ἐν
1124 1789 1210 1869 αύτῷ
1226 1788 1371 1871 κινήσεις,
1388 1781 1436 1856 διό
1454 1794 1627 1884 ἀρχόμενον
1653 1794 1708 1884 μέν

158 1879 376 1978 ἀκριύέστερον
393 1889 559 1954 ἀποπλεῖν
569 1885 604 1968 ¹),
620 1890 824 1952 τελευτῶντα
837 1879 871 1952 δέ
883 1881 1090 1980 ἀμύλύτερον·
1104 1891 1211 1964 ἥττων
1224 1894 1284 1986 γάρ
1296 1903 1316 1971 ή
1330 1893 1418 1977 τάξις
1434 1904 1466 1966 ἐν
1478 1912 1543 1978 τοῖς
1561 1901 1707 1992 ἐσχάτοις

157 2006 213 2062 τοῦ
237 1996 367 2085 κόσμου,
390 1996 506 2060 πλείων
531 1986 565 2060 δέ
587 1999 619 2060 ἐν
642 2006 709 2072 τοῖς
732 1986 930 2086 πρωτίστοις.
948 1997 1106 2072 Τοιαύτην
1124 1991 1158 2066 δέ
1179 2001 1240 2073 τήν
1264 2009 1463 2098 Εἱμαρμένην
1488 2003 1593 2088 οὖσαν,
1617 2035 1707 2085 κινη-

157 2105 249 2177 τικὴν
262 2106 345 2198 λέγω
358 2115 421 2170 τῶν
438 2112 595 2193 κοσμικῶν
611 2097 760 2196 περιόδων
776 2107 890 2171 αἰτίαν.
902 2104 978 2172 Ὀτι
995 2105 1063 2172 θεὸν
1081 2111 1137 2173 ούκ
1161 2111 1260 2177 οίεται
1276 2107 1363 2192 εἶναι,
1386 2109 1494 2193 λάθοις
1519 2115 1556 2182 ἂν
1573 2123 1707 2210 ἐναργῶς

157 2220 192 2281 ἐκ
215 2225 270 2281 τοῦ
295 2218 390 2280 αὐτοῦ
415 2205 574 2305 διαλόγου·
600 2213 677 2303 φησί
699 2212 760 2304 γάρ
784 2205 839 2280 δύο
863 2215 997 2292 κινήσεις
1021 2218 1174 2300 ἐναντίας,
1191 2210 1246 2286 δύο
1270 2220 1353 2299 θεοὺς
1370 2225 1496 2290 ἐναντία
1521 2237 1707 2317 φρονοῦντας

102 2343 129 2382 1⁵
158 2323 201 2413 μή
227 2335 329 2403 κινεῖν,
346 2322 406 2396 τήν
423 2313 458 2388 δέ
474 2321 686 2395 ἀνακύκλησιν
703 2325 846 2388 ἐναντίαν
864 2317 942 2388 είναι
957 2334 998 2411 τῇ
1016 2326 1152 2416 προτέρᾳ
1168 2330 1320 2403 κυκλήσει
1337 2342 1378 2417 τῇ
1397 2331 1498 2417 θεῷ’)·
1525 2325 1621 2408 δῆλον
1645 2336 1705 2426 ἄρα

155 2431 201 2498 ὅτι
223 2431 285 2504 τήν
308 2430 460 2505 τοιαύτην
484 2429 650 2504 κινητικὴν
674 2435 730 2497 ούκ
753 2431 790 2498 ἀν
807 2433 881 2523 φαίη
903 2431 971 2499 θεόν
988 2427 1075 2517 εἶναι,
1092 2433 1159 2502 θεόν
1177 2438 1282 2528 άρχειν
1303 2442 1421 2517 ἐκείνης
1444 2451 1503 2520 τῆς
1526 2445 1706 2523 κυκλήσεως

155 2538 339 2631 προσειπὼν,
362 2539 431 2604 ἐπεί
454 2538 507 2604 καί
528 2537 656 2604 πάντων
681 2537 757 2604 θεῶν
782 2540 922 2629 ἀφέντων
938 2540 981 2606 τά
997 2543 1074 2632 μέρη
1093 2555 1149 2610 τοῦ
1166 2547 1286 2637 κόσμου
1302 2559 1360 2625 τῆς
1384 2555 1504 2616 ἑαυτῶν
1527 2554 1706 2641 ἐπιμελείας

156 2648 254 2723 ούτως
277 2648 447 2739 ἐπήγαγεν.
466 2647 545 2713 Ὅτι
559 2647 615 2711 τόν
631 2646 748 2735 κόσμον
764 2648 888 2712 ἐκείνων
906 2647 1056 2736 ἀφέντων,
1075 2651 1169 2716 αὐτόν
1186 2653 1368 2745 ἀνέστρεφεν
1387 2658 1566 2748 Εἱμαρμένη
1584 2659 1704 2744 λοιπόν,

156 2759 211 2821 σόκ
234 2755 295 2845 ἄρα
318 2754 384 2832 θεός
407 2759 502 2838 ἐστιν,
527 2756 611 2845 είπερ
627 2754 687 2828 τήν
709 2757 852 2821 ἐναντίαν
868 2766 947 2822 κινεῖ
961 2760 1082 2831 κίνησιν
1098 2769 1140 2844 τῇ
1165 2760 1301 2850 προτέρᾳ
1324 2763 1474 2836 κυκλήσει
1497 2774 1552 2829 τοῦ
1576 2765 1705 2852 παντός,

97 2899 127 2938 20
155 2865 194 2938 ήν
211 2867 304 2931 ἐκίνει
320 2862 395 2940 θεός·
413 2862 481 2930 θεόν
499 2857 533 2930 δέ
548 2866 691 2930 ἐναντίαν
708 2864 784 2931 θεῶν
801 2867 922 2938 κίνησιν
940 2866 1106 2956 ἀμήχανον
1122 2879 1227 2934 κινεῖν·
1244 2870 1298 2934 καί
1314 2874 1341 2934 εί
1358 2870 1439 2957 μετά
1462 2871 1522 2945 τήν
1540 2869 1703 2961 ἀπόλειψιν

155 2973 282 3039 πάντων
307 2970 393 3051 θεῶν,
409 2973 490 3038 οὕτω
506 2984 588 3038 κινεῖ
599 2973 655 3038 τόν
673 2973 800 3064 κόσμον,
817 2979 857 3048 ῶς
875 2973 911 3039 ἀν
934 2973 1014 3046 αύτή
1034 2974 1077 3066 μή
1097 2970 1173 3041 οὖσα
1197 2975 1275 3054 θεός.
1294 3017 1335 3027 -
1352 2979 1431 3046 ’Ότι
1447 2969 1481 3046 δέ
1498 2971 1568 3047 οὐδέ
1590 2986 1610 3056 ή
1637 2978 1703 3047 θεία
1780 3063 1785 3070 ¹

156 3081 240 3174 ψυχή
264 3093 321 3149 τοῦ
344 3083 462 3160 παντός
486 3085 581 3167 ἐστιν,
607 3080 760 3173 μάθοιμεν
784 3080 822 3146 ἀν
845 3081 1060 3166 έννοήσαντες,
1085 3084 1167 3159 ὅπως
1191 3085 1314 3159 ταύτην
1339 3085 1393 3152 καί

155 3300 179 3366 f.
206 3300 286 3366 195:
311 3302 343 3363 ἐν
360 3297 482 3385 Τιμαίῳ
499 3294 567 3362 θεόν
583 3285 675 3378 οίδεν,
690 3295 776 3384 είπερ
792 3294 925 3359 ἕκαστον
941 3295 1060 3385 κόσμον
1076 3286 1247 3385 εὐδαίμονα
1263 3287 1302 3361 διΙ
1321 3295 1419 3368 αὑτήν
1437 3295 1518 3383 θεὸν,
1541 3296 1596 3362 καί
1619 3295 1704 3364 θείαν

155 3405 256 3497 ἀρχὴν
281 3399 433 3495 ἄρξασθαι
456 3401 549 3493 φησίν
574 3401 737 3466 ἀπαύστου
763 3402 830 3485 βίου
854 3401 908 3466 καί
930 3402 1089 3492 ἔμφρονος·
1106 3402 1161 3468 καί
1183 3407 1214 3468 ἐν
1239 3403 1353 3494 Νόμοις
1374 3415 1442 3470 νοῦν
1467 3404 1546 3470 θεῖον
1569 3409 1705 3495 προσλα-

94 3543 127 3582 ει
155 3507 270 3580 ύοῦσαν
287 3507 364 3579 είναι
381 3512 532 3597 βούλεται
548 3509 627 3592 θεόν,
645 3510 721 3575 ὅπου
739 3508 793 3574 καί
807 3509 910 3586 πάσας
933 3509 990 3586 τάς
1008 3506 1109 3599 ψυχάς
1126 3509 1259 3599 ἄστρων,
1276 3517 1374 3601 ὡρῶν,
1394 3514 1568 3603 στοιχείων.
1593 3517 1629 3578 Εἱ
1652 3507 1705 3578 ούν

153 3627 173 3696 ή
193 3621 248 3710 μέν
272 3620 450 3710 Εἱμαρμένη
477 3616 548 3684 κατ’
567 3618 661 3682 αὐτόν
678 3620 713 3682 ού
730 3616 844 3700 θεύς,ή
863 3609 897 3684 δέ
912 3614 996 3708 ψυχή
1015 3627 1072 3682 τοῦ
1088 3618 1208 3706 κόσμου
1230 3617 1307 3696 θεός,
1325 3624 1380 3684 σύκ
1397 3618 1434 3684 ἂν
1450 3623 1496 3694 εἱη
1523 3620 1701 3711 Εἱμαρμένη

153 3735 173 3804 ή
198 3740 255 3795 τοῦ
279 3728 398 3818 κόσμου
421 3724 519 3818 ψυχή,
543 3725 606 3792 οὔθ’
630 3732 650 3801 ή
677 3729 708 3791 ἐν
733 3729 867 3816 Τιμαίῳ,
892 3725 956 3792 οὐθ’
981 3732 1001 3800 ἡ
1027 3727 1198 3816 ἐνΝόμοις.
1217 3729 1354 3793 -Ὅτι
1377 3718 1412 3794 δέ
1436 3730 1509 3820 όπερ
1533 3729 1703 3795 ὑπόλοιπον

154 3837 277 3915 ἀληθὲς,
303 3837 357 3902 καί
379 3843 420 3914 ῶς
443 3842 463 3911 ή
489 3835 575 3927 φύσις
600 3836 685 3902 ἐστίν
701 3845 756 3901 τοῦ
773 3836 900 3918 παντός,
917 3839 952 3901 ἐκ
968 3834 1088 3900 τούτων
1107 3836 1249 3927 συνάγειν
1274 3827 1418 3901 δυνατόν·
1441 3841 1468 3902 εί
1491 3835 1550 3930 γάρ
1576 3838 1659 3926 μήτε
1681 3843 1701 3913 ή

153 3943 238 4036 ψυχή
264 3949 348 4011 ἐστιν
372 3950 391 4019 ή
417 3937 639 4034 προσλαύοῦσα
663 3953 743 4026 νοῦν,
767 3943 851 4031 μήτε
873 3943 912 4008 τό
937 3934 1147 4032 σωματοειδὲς
1164 3946 1272 4030 (τοῦτο
1290 3943 1344 4032 μέν
1369 3942 1429 4035 γάρ
1453 3947 1556 4028 κινεῖ),
1580 3942 1646 4021 θεός
1670 3935 1705 4010 δέ

95 4081 125 4118 ιο
153 4053 327 4130 οὐκέστιν,
352 4054 456 4141 ὥσπερ
480 4052 598 4136 ἐκείνη,
620 4052 765 4118 λείπεται
781 4051 879 4140 μέσην
897 4049 996 4122 αὑτήν
1014 4044 1108 4114 οὖσαν
1125 4053 1320 4142 ἀμφοτέρων·
1335 4061 1394 4127 τῆς
1420 4051 1475 4140 μέν
1499 4055 1539 4128 ὡς
1563 4050 1631 4118 θεοῦ
1657 4051 1700 4141 μή

152 4161 220 4228 θεὸν
244 4162 381 4251 χείρονα,
397 4170 453 4225 τοῦ
470 4152 505 4226 δέ
522 4164 561 4234 ὡς
578 4159 760 4248 κινουμένου
777 4169 931 4235 κινοῦσαν,
948 4161 1112 4249 κρείσσονα
1128 4157 1188 4231 τήν
1206 4158 1294 4248 φύσιν
1313 4153 1390 4225 εἶναι
1409 4169 1466 4224 τοῦ
1489 4161 1618 4235 παντός,
1641 4160 1703 4224 Καί

152 4269 212 4362 γάρ
236 4272 267 4335 ἐν
292 4269 415 4357 Τιμαίῳ
439 4278 509 4345 ταῖς
533 4262 647 4357 ψυχαῖς
663 4265 735 4343 τούς
752 4265 955 4356 εἱμαρμένους
971 4266 1082 4354 νόμους
1099 4271 1194 4332 εἰπεῖν
1209 4264 1333 4345 ἐθέλων,
1356 4266 1506 4357 πρότερον
1530 4265 1589 4339 τήν
1613 4265 1701 4357 φύσιν

152 4369 305 4443 δείκνυσιν
329 4385 386 4442 τοῦ
408 4375 536 4452 παντός·
562 4375 644 4440 σύτω
667 4379 698 4467 γ’
724 4368 775 4439 σύν
800 4373 893 4464 φησίν
910 4373 965 4438 καί
981 4365 1153 4462 ἐμθιθάσαι
1168 4379 1208 4451 ὡς
1224 4380 1266 4452 εἱς
1286 4375 1397 4465 ὄχημα
1421 4374 1480 4449 τήν
1504 4384 1560 4440 τοῦ
1582 4373 1701 4452 παντός

152 4487 240 4576 φύσιν
265 4475 389 4563 ἔδειξεν,
415 4483 526 4573 νόμους
550 4507 586 4548 τε
602 4483 674 4560 τούς
698 4482 900 4574 εἱμαρμένους
923 4488 1018 4549 εἰπεῖν
1044 4485 1162 4560 αὐταῖς.
1189 4523 1230 4534 -
1254 4483 1315 4548 Καί
1338 4486 1369 4549 ἐν
1393 4483 1508 4573 Νόμοις
1530 4483 1606 4573 πρός
1629 4481 1701 4559 τούς

96 4635 124 4673 ,ς
152 4603 345 4681 σωματικαῖς
362 4595 471 4683 ἀρχαῖς
487 4593 663 4683 χρωμένους
680 4585 890 4683 ἀγωνίζεσθαι
908 4591 1042 4681 μέλλων,
1059 4597 1162 4669 καλῶς
1180 4593 1284 4682 φησίν,
1302 4590 1414 4669 αὺτούς
1437 4589 1479 4657 τά
1502 4590 1590 4682 φύσει
1613 4589 1701 4682 φύσιν

153 4702 335 4781 ἀποκαλεῖν,
351 4703 391 4776 ὡς
405 4700 505 4775 ἀλλης
519 4691 643 4771 δηλαδή
657 4699 743 4790 παρά
754 4697 796 4764 τά
804 4696 830 4786 ⁸)
843 4697 930 4788 φύσει
946 4709 1005 4774 τῆς
1023 4699 1139 4789 φύσεως
1157 4702 1260 4775 οὔσης·
1278 4704 1305 4764 εί
1317 4693 1369 4764 ούν
1386 4697 1429 4763 τά
1447 4697 1581 4787 σώματα
1593 4697 1701 4763 πάντα

152 4807 252 4899 φύσει,
277 4797 373 4881 δῆλον
397 4813 438 4882 ῶς
461 4807 548 4896 φύσις
573 4806 655 4880 άλλη
674 4832 722 4883 τις
738 4807 824 4897 παρά
839 4806 882 4871 τά
899 4806 1044 4896 σώματα,
1060 4806 1114 4870 καί
1130 4808 1217 4870 αἰτία
1233 4816 1296 4870 τῶν
1314 4805 1402 4895 φύσει
1419 4805 1473 4870 καί
1496 4811 1570 4869 κατ’
1594 4805 1699 4870 αὐτόν·

152 5025 259 5115 ἀρχάς.
285 5063 327 5074 -
352 5023 431 5089 ’Ότι
454 5015 614 5089 δὲταῦτα
637 5025 849 5090 συντέτακται
873 5023 1034 5108 ἀλλήλοις,
1051 5022 1089 5088 τό
1106 5045 1142 5087 τε
1158 5020 1203 5111 ἐφ’
1221 5026 1298 5110 ἡμῖν
1321 5021 1406 5112 λέγω
1429 5021 1484 5085 καί
1509 5021 1699 5112 Εἱμαρμένη,

189 5267 387 5344 πλη
989 5267 1208 5342 omma

187 5359 335 5437 ηωκ
986 5357 1367 5432 ηκωωκωε

292 5486 389 5544 Am.
407 5499 436 5555 v,
456 5484 498 5541 10.
