4022 6072
230 506 266 562 82
842 494 991 568 Seuerus
1010 494 1165 568 Basilius

229 660 327 744 πόδας
341 658 447 758 Ιερείδει
462 666 513 734 ἐπὶ
527 678 585 742 τῆς
599 676 669 759 γῆς·
685 666 757 730 ἀλλ’
772 657 877 731 ἐπειδὴ
895 665 976 756 μέγα
1032 673 1084 735 tus
1107 675 1165 752 est,
1190 693 1247 740 nee
1262 671 1359 755 pedes
1375 694 1447 738 suos
1463 695 1559 758 super
1575 679 1695 740 terram
1712 674 1776 740 ful-

229 802 261 842 τι
285 777 339 842 τόν
364 775 491 866 οὐρανόν
522 781 611 864 ἡμεῖς
643 772 771 862 οἰόμεθα
803 769 898 856 εἶναι,
923 766 975 837 διὰ
1030 773 1082 838 cit.
1109 773 1169 840 Sed
1192 774 1268 858 quie
1291 797 1348 840 nos
1373 775 1496 841 coelum
1525 777 1601 861 quid
1625 798 1778 862 magnum

228 895 323 952 τοῦτο
335 885 409 975 πρὸς
423 882 482 954 τιδν
495 883 652 973 ἡμετέραν
666 879 821 970 ὑπόληψιν
839 885 870 946 ἐν
888 887 974 964 αὐτῷ

230 992 470 1082 ἑντεόρόνισται.
496 990 634 1055 Ἀκοόων
653 982 685 1055 δὲ
702 992 752 1054 ότι
776 981 910 1077 διέκυψε,
928 990 970 1078 μὴ

228 1105 380 1170 ὲπένευσιν
405 1100 456 1166 ἐπὶ
480 1105 560 1165 Θεοῦ
585 1095 710 1185 νόμιζε,
736 1097 819 1162 ἀλλα
843 1097 901 1168 τὴν
926 1123 974 1186 pr·

228 1209 428 1299 λανθρωπίαν
446 1209 499 1272 καὶ
515 1207 574 1278 τὴν
592 1204 722 1294 ἑποψίαν
740 1204 888 1294 μάνθανε·
915 1199 975 1270 διέ-

229 1314 306 1406 κυψε
329 1315 388 1408 γὰρ
412 1326 468 1407 τοῦ
495 1307 578 1390 ἰδεῖν,
598 1315 686 1388 εἴτις
705 1319 799 1377 αὑτοῦ
824 1314 973 1396 συνίησιν,

230 1427 319 1500 εἴτις
336 1424 395 1497 τὴν
413 1426 508 1488 αὐτοῦ
525 1425 696 1507 παρουσίαν
714 1414 813 1499 ζητεῖ.
833 1419 925 1509 Τάχα
943 1411 976 1486 δὲ

230 1533 373 1598 συνιέντα
397 1531 530 1597 ἐνταῦθα
547 1532 635 1621 μησί,
651 1532 705 1594 τόν
724 1521 893 1616 δυνάμενον
915 1527 975 1591 ἀπό

230 1647 386 1716 καλλονῆς
400 1639 595 1728 κτισμάτων,
605 1639 767 1729 ἀναλόγως
778 1641 975 1724 ἀναμετρεῖν,

228 1753 325 1842 ἤγουν
339 1743 555 1840 ἐκλογίζεσθαι
567 1760 622 1814 τοῦ
635 1747 880 1837 παρενεγκόντος
894 1742 975 1807 αὐτὰ

227 1861 301 1948 πρός
325 1851 452 1946 ὕπαρξιν
469 1855 528 1926 τὴν
546 1855 712 1946 ὑπεροχὴν·
730 1859 746 1917 ό
762 1853 817 1944 μὲν
842 1849 910 1941 γὰρ.
924 1875 975 1914 συ-

229 1965 343 2040 νιὼν,ὁ
367 1956 429 2037 ἤδη
450 1963 591 2053 ἐγνωκώς
606 1967 699 2028 ἐστιν·
726 1967 741 2026 ὁ
767 1953 800 2026 δὲ
823 1954 975 2039 ἐκζητῶν,

228 2079 244 2136 ὁ
262 2075 357 2162 μήπω
376 2072 430 2161 μὲν
448 2070 658 2159 κατειληφὼς,
676 2069 801 2144 πάντως
820 2059 853 2132 δέ
877 2091 976 2132 κατα-

228 2181 405 2270 ληψόμενος
430 2181 467 2245 τό
492 2173 693 2267 ζητούμενον.
718 2169 845 2248 Ἐπειδὴ
872 2178 975 2240 τοίνυν

198 2343 201 2348 .
229 2287 272 2379 μὴ
298 2289 483 2378 έλογίσαντο
500 2289 554 2352 τόν
573 2285 650 2352 Θεόν
668 2289 778 2375 'epoptes
796 2283 837 2348 ci.
861 2281 978 2372 ανθρώ-

228 2421 313 2472 πινα,
328 2397 472 2484 κρίνοντα
486 2398 584 2486 κρίσει
598 2385 703 2479 δικαία
720 2393 773 2456 καὶ
786 2401 889 2456 πᾶσαν
908 2390 977 2456 αδε-

231 2505 412 2593 μ.ιτυυργίαν
437 2505 591 2594 εἴργοντα.
609 2500 730 2566 Ἰὀότου
746 2501 837 2590 χάριν
860 2503 875 2563 ό
899 2500 976 2575 Θεὸς

230 2615 265 2677 ἐκ
281 2623 340 2684 τοῦ,
357 2613 484 2700 οὐρανοῦ
510 2601 644 2698 διέκυψε·
669 2620 764 2674 τοῦτο
788 2607 847 2701 γὰρ
873 2619 976 2697 σαρῶς

230 2719 289 2790 τὴν
315 2725 356 2795 εἰς
381 2718 540 2810 ἄνθρωπον
560 2709 695 2807 παροδον
713 2727 768 2782 τοῦ
786 2718 898 2806 Κυρίου
923 2742 979 2788 ση-

231 2828 344 2914 μαίνει.

1029 883 1252 962 aestimamus,
1276 881 1345 948 ideo
1374 888 1509 968 propter
1531 889 1676 950 nostrum
1701 906 1782 951 con·

1027 994 1157 1074 ceptum
1181 990 1212 1056 in
1235 991 1322 1057 coelo
1339 991 1474 1058 thronus
1490 997 1614 1058 erectus
1638 998 1697 1059 est.
1716 992 1777 1060 Sed

1029 1099 1084 1184 qui
1107 1099 1213 1164 audis:
1235 1099 1475 1182 “perforamen
1491 1100 1696 1185 prospexit„
1713 1122 1777 1166 non

1029 1207 1212 1292 despectum
1236 1209 1353 1292 cogito,
1370 1208 1424 1274 sed
1446 1209 1613 1274 hominum
1636 1232 1776 1276 umorem

1030 1321 1062 1382 et
1079 1316 1310 1401 prouidentiam
1328 1339 1394 1382 esse
1411 1318 1501 1383 scito.
1519 1318 1550 1383 Is
1566 1318 1686 1402 quippe
1709 1341 1777 1385 cer·

1031 1424 1118 1489 nitur
1133 1422 1365 1508 prospiciendo
1380 1425 1407 1490 si
1425 1426 1496 1509 quis
1512 1425 1550 1491 de
1566 1447 1604 1490 eo
1621 1425 1777 1491 sollicitus

1030 1531 1082 1610 sit,
1099 1530 1126 1594 si
1142 1531 1213 1614 quis
1229 1531 1296 1614 ejus
1313 1532 1528 1615 praesentium
1544 1533 1696 1617 inquirat.
1717 1531 1779 1598 Hic

1030 1637 1165 1703 fortusse
1178 1637 1392 1704 consulentem
1404 1639 1528 1705 inducit
1539 1640 1692 1724 psalmus,
1706 1661 1779 1706 eum

1030 1746 1151 1812 scilicet
1166 1747 1221 1829 qui
1245 1750 1351 1830 potest
1374 1751 1503 1830 praeter
1520 1749 1690 1814 creationis
1706 1748 1779 1833 pul-

1031 1852 1253 1932 chritudinem,
1271 1853 1310 1917 ad
1329 1854 1397 1937 ejus
1421 1855 1522 1920 instar
1545 1877 1615 1921 earn
1639 1856 1778 1922 redinte-

1031 1980 1142 2044 μισσες
1156 1959 1304 2026 videlicet
1317 1961 1488 2027 meditatur
1499 1963 1554 2029 ille
1566 1965 1619 2048 qui
1637 1963 1777 2030 condidit

1031 2090 1111 2148 eum,
1120 2067 1182 2133 alie
1194 2069 1337 2153 proferre
1350 2070 1389 2134 de
1399 2071 1500 2135 nihilo
1513 2071 1712 2151 sublimiore,
1721 2071 1776 2155 qui

1031 2176 1114 2242 enim
1127 2199 1194 2241 rem
1207 2176 1389 2257 meditatur,
1402 2177 1458 2242 ille
1473 2182 1521 2242 est
1537 2179 1591 2261 qui
1604 2179 1671 2262 jem
1687 2177 1776 2242 novit

1031 2306 1119 2364 ουτος
1142 2283 1197 2367 qui
1220 2306 1296 2348 vero
1316 2285 1458 2368 inquirit,
1476 2285 1531 2349 ille
1547 2290 1595 2350 est
1618 2285 1673 2368 qui
1696 2306 1775 2349 non·

1032 2390 1106 2456 dum
1128 2413 1197 2456 rem
1214 2391 1370 2474 concepit,
1393 2391 1448 2455 sed
1465 2391 1592 2456 omnino
1608 2391 1775 2474 concipiet,

1031 2505 1069 2565 ut
1080 2499 1232 2564 inveniat.
1244 2497 1371 2566 Interes
1386 2520 1451 2562 non
1468 2498 1660 2581 reputabant
1672 2497 1778 2562 Deum

1048 2629 1128 2691 uper
1151 2607 1292 2672 humano
1306 2607 1474 2689 respicere,
1500 2609 1536 2670 ut
1555 2605 1676 2688 judicet
1688 2602 1778 2692 justo

1028 2713 1147 2797 judicio
1179 2716 1212 2777 et
1243 2735 1367 2778 omnem
1400 2712 1592 2796 injustitiam
1624 2719 1778 2780 coerceat.

1032 2821 1130 2904 Cujus
1146 2822 1191 2886 rei
1208 2821 1323 2906 gratis,
1341 2820 1426 2886 Deus
1441 2821 1479 2886 de
1496 2821 1583 2887 coelo
1601 2823 1776 2907 prospexit,

1031 2929 1064 2993 id
1087 2929 1205 3013 quippe
1228 2929 1336 3013 pulum
1366 2928 1506 2994 ostendit
1538 2929 1667 2996 Domini
1700 2951 1779 3015 erga

1032 3039 1192 3104 hominem
1217 3036 1472 3104 sollicitudinem.

585 3381 613 3425 v.
638 3361 669 3426 5,
694 3362 779 3422 Ἐκεῖ
800 3347 975 3422 ἑδειλίασαν
1000 3347 1096 3446 ρόόῳ,
1120 3349 1153 3420 od
1178 3359 1235 3420 eiu
1259 3351 1297 3431 ἧν
1321 3348 1425 3448 ρόόος.

640 3469 766 3534 Timore
789 3469 975 3549 tioruerunt,
1000 3469 1055 3533 ceti
1078 3487 1143 3532 non
1166 3473 1235 3532 eret
1259 3468 1363 3534 tineor.

276 3684 428 3773 Μέγιστον
453 3688 493 3759 εἰς
518 3685 679 3747 τελείωσιν
704 3683 742 3747 τό
766 3673 978 3771 πεπαιδευμέ-

230 3810 288 3864 νοις
312 3779 490 3874 φοόεῖσθαι,
515 3787 569 3849 καὶ
595 3784 702 3851 πάντα
726 3786 977 3862 καταπτήσσειν,

231 3885 313 3983 μηδὲ
329 3884 485 3982 ψοφοδεεῖς
506 3887 596 3968 εἶναι,
614 3892 655 3957 τὰ
673 3885 769 3958 &dere
786 3885 977 3969 δεδοικότας·

230 3999 461 4092 καταγινιόσκει
489 3999 548 4090 γὰρ
581 4011 643 4066 τῶν
669 4001 820 4066 τοιούτων
850 4005 866 4065 ὁ
898 4001 977 4090 ψαλ-

231 4099 342 4200 μῳδός.

1079 3681 1220 3748 Multum
1237 3686 1286 3748 est
1302 3682 1342 3747 ed
1354 3681 1593 3767 perfectionem,
1607 3684 1632 3749 si
1649 3685 1720 3768 quis
1736 3685 1779 3750 ti-

1035 3812 1120 3855 mere
1137 3789 1266 3856 edoctus
1281 3788 1391 3869 fuerit,
1405 3789 1534 3854 sednon
1551 3791 1657 3856 omnic
1669 3789 1778 3857 tormi-

1034 3897 1120 3979 dere,
1138 3918 1241 3982 neque
1257 3917 1324 3963 esse
1340 3918 1397 3961 nos
1414 3897 1617 3963 meticulosos
1633 3898 1776 3980 nimium,

1033 4028 1136 4090 neque
1159 4009 1310 4090 paventes
1325 4006 1366 4069 cd
1380 4005 1535 4071 innocua:
1560 4005 1676 4072 similia
1693 4007 1777 4072 enim

1033 4112 1199 4197 psalmisto
1221 4111 1381 4196 reprobat.

856 4431 1054 4498 PSALMUS
1076 4432 1148 4499 XV.

498 4669 527 4712 ν.
554 4649 604 4713 10.
625 4643 700 4710 Ὅτι
725 4649 780 4710 οὐκ
804 4643 1039 4736 ἐγκαταλείψεις
1063 4645 1122 4717 τὴν
1140 4643 1242 4736 ψυχήν
1268 4669 1328 4733 μου
1351 4650 1393 4721 εἰς
1418 4637 1508 4731 ᾅδην.

598 4755 675 4822 Nou
699 4755 898 4840 derelinques
921 4758 1064 4823 αιιίιιιοιιι
1087 4777 1188 4822 mecm
1212 4758 1248 4822 ιἰι
1272 4757 1410 4840 inferno.

275 4964 309 5030 ‘0
326 4963 433 5052 μέντοι
450 4957 527 5049 ᾅδης
545 4965 615 5056 οὐχὶ
639 4961 718 5044 ζῶόν
735 4971 768 5031 τί
787 4973 882 5047 ἐστιν,
908 4959 978 5034 οὐδὲ
1077 4971 1223 5036 infernus
1247 4972 1307 5036 iste
1331 4991 1395 5036 non
1420 4975 1468 5036 est
1491 4971 1567 5056 quid
1590 4973 1776 5056 auimatum,

231 5064 359 5163 δύναμις
382 5075 624 5165 ἀποτεταγμένη
651 5086 717 5152 τοῖς
747 5075 978 5150 ἀποθνήσκουσι
1032 5103 1090 5146 nec
1114 5085 1255 5164 potestas
1282 5080 1417 5145 mortuis
1444 5085 1621 5162 reservato,
1645 5086 1682 5147 ut
1713 5081 1776 5146 fert

230 5181 314 5247 κατὰ
337 5181 396 5254 τόν
414 5182 597 5272 μυθοποιίαν
615 5194 676 5248 τῶν
693 5179 814 5263 ἔξωθεν·
832 5185 916 5250 ἀλλὰ
940 5188 977 5252 τὸ
1032 5187 1232 5272 mythologie
1256 5187 1386 5253 exotico.
1412 5185 1473 5253 Sed
1504 5187 1623 5252 inferni
1645 5210 1776 5272 campus

231 5298 286 5352 τοῦ
311 5280 384 5371 ᾅδου
410 5291 520 5378 χοιρίον
546 5291 645 5368 κοινός
662 5293 708 5368 τίς
733 5295 801 5358 έστι
826 5293 921 5370 τόπος
946 5298 976 5360 ὲν
1031 5300 1080 5361 est
1103 5295 1217 5379 aliquis
1245 5295 1332 5362 locus
1361 5295 1536 5362 communis
1560 5295 1594 5360 in
1625 5293 1775 5362 inferiore
1869 5318 1876 5328 ·
