4006 6074
5 4963 9 4992 ί

686 563 899 640 Animarum
916 567 1268 644 σσκεασεῖοεόῖσκίσ.
1714 586 1754 644 ιο

201 741 235 802 αί
257 738 328 828 περί
351 741 455 803 αὐτῶν
478 748 582 828 φῆμαι
605 729 792 830 παρέδοσαν.
817 743 854 803 Ei
877 730 911 805 δὲ
935 729 973 814 δή
998 733 1155 834 γνωρίζειν
1180 738 1278 833 ψυχαὶ
1302 734 1452 811 δύνανται
1475 745 1530 812 καί
1553 751 1620 815 ἐκεῖ
1639 746 1752 841 ψυχάς,

202 846 266 910 ίτε
282 834 322 909 δ
339 849 470 926 ἑαυτῶν,
488 847 551 912 είτε
568 838 619 912 διά
635 851 726 912 τῶν
716 846 891 937 σχημάτων
907 847 958 914 ἐπὶ
974 859 1087 980 γνῶσιν
1105 851 1255 925 ἀλλήλων
1278 855 1388 930 ίοῦσαι,
1405 853 1496 919 καθ’
1482 879 1637 949 αναγνωρι
1628 853 1752 942 ίζουσιν,

201 952 384 1044 έπόμενόν“
376 978 444 1020 εστι
466 965 571 1041 τούτῳ
595 955 711 1022 τόκαὶ
732 949 927 1035 ἀσπάζεσθαι
950 955 1008 1033 τάς
1031 981 1113 1050 γνωρ
1099 955 1188 1048 ριμάς
1212 961 1430 1044 ἀλλήλας,ὡς
1417 955 1507 1029 διά
1525 965 1584 1056 χρό

201 1173 226 1241 f.
244 1175 286 1241 14
301 1197 344 1255 κ,
362 1174 475 1241 eadem
492 1174 697 1260 amputabio:
714 1173 769 1237 καί
785 1174 861 1250 ὅλης
878 1177 985 1251 ἁπλῶς
1001 1173 1044 1239 τά
1058 1227 1066 1244 .
1080 1225 1087 1241 .
1101 1225 1108 1240 .
1120 1199 1158 1252 ης
1174 1175 1249 1265 πρός
1273 1171 1312 1251 ήν
1329 1175 1542 1246 συνάπτεσθαι
1560 1173 1754 1262 σπευδούσης

159 1304 171 1342 ε
203 1335 210 1351 ,
226 1334 233 1349 .
249 1281 431 1372 ,σωφρόνως
448 1280 582 1371 ἐχούσης
594 1281 648 1346 καί
663 1280 725 1373 μήν
741 1281 795 1346 καί
807 1283 846 1348 τό
863 1272 1065 1374 διαλέγεσθαι
1080 1279 1192 1372 ψυχάς,
1208 1286 1244 1349 ού
1261 1287 1411 1375 γλῶτταν
1428 1285 1568 1377 ἐχούσας,
1586 1290 1642 1354 ούκ
1656 1293 1754 1381 ἀρτη-

203 1393 280 1482 ρίαν,
300 1393 335 1456 ού
351 1391 458 1480 χείλη,
474 1380 513 1454 δι’
531 1383 572 1454 ὧν
590 1393 621 1454 ἐν
637 1400 684 1473 τῷ
700 1382 780 1476 τῇδε
797 1392 854 1474 βίῳ
872 1379 1071 1483 διαλέγεσθαι
1089 1392 1188 1481 μόνως
1206 1384 1350 1470 δυνατόν,
1369 1397 1511 1460 ἀπιστεῖν
1529 1399 1563 1461 ού
1586 1409 1754 1486 προσῆκεν·

201 1498 353 1590 ἔστιγὰρ
377 1496 546 1566 αύτῶν.τά
570 1499 726 1589 σχήματα
749 1491 944 1592 γλωσσοειδῆ
963 1503 1031 1586 ὀλα,
1049 1501 1103 1566 καὶ
1126 1501 1258 1592 όμματα
1281 1500 1352 1566 καθ’
1378 1504 1438 1568 ὀλα
1461 1504 1570 1584 ἑαυτά,
1597 1507 1652 1572 καί
1674 1501 1753 1584 ὦτα,

202 1608 255 1673 καί
278 1607 401 1673 ἀκούειν
426 1598 583 1696 δυνάμενα
606 1607 661 1672 καὶ
684 1612 757 1698 ὁρᾶν
781 1608 836 1673 καί
859 1607 1058 1700 φθέγγεσθαι.
1076 1609 1137 1674 Καὶ
1152 1608 1213 1701 γάρ
1229 1609 1359 1689 ἄτοπον,
1375 1617 1437 1685 εἰή
1464 1611 1520 1701 μὲν
1544 1617 1674 1703 γλῶσσα
1697 1615 1753 1680 τόν

202 1718 263 1783 ἀπό
288 1727 342 1782 τοῦ
365 1715 534 1805 πνεύμονος
559 1715 634 1806 ἀέρα
658 1717 857 1794 πλήττουσα,
883 1709 1015 1782 δύναται
1039 1708 1272 1808 διηρθρωμένην
1296 1729 1395 1784 ποιεῖν
1423 1718 1483 1794 τήν
1508 1713 1755 1810 φωνήν,τάδέ

148 1841 173 1879 ¹⁰
201 1835 265 1890 τῶν
288 1821 396 1915 ψυχῶν
420 1825 573 1915 ὀχήματα
598 1823 641 1914 μή
668 1815 800 1890 δύναται
823 1825 878 1889 τόν
902 1825 973 1916 περί
999 1824 1098 1890 ἑαυτά
1122 1836 1216 1891 κινεῖν
1240 1825 1333 1917 ἀέρα,
1358 1827 1412 1892 καί
1437 1818 1488 1892 διά
1511 1839 1598 1906 τοιάς
1622 1829 1642 1902 ή
1667 1839 1754 1908 τοιάς

202 1935 362 2010 κινήσεως,
386 1927 594 2023 σχηματίζειν
612 1937 654 2009 εἰς
670 1931 825 2024 φθόγγους
842 1923 1003 2024 διαφόρους
1022 1935 1043 2022 ¹)
1068 1933 1144 2025 πρός
1159 1944 1205 2018 τῷ
1222 1933 1276 1999 καί
1291 1931 1347 2000 τόν
1363 1935 1479 2026 τρόπον
1496 1945 1555 2014 τῆς
1580 1928 1754 2017 διαλέξεως·

203 2044 246 2136 μή
272 2037 304 2123 ἐξ
329 2042 469 2135 ἀνάγκης
485 2037 562 2108 εἶναι
578 2043 720 2107 ποικίλον
738 2043 835 2118 οὕτως
851 2041 905 2106 καί
919 2043 1144 2126 πολυκίνητον,
1160 2048 1201 2119 ὡς
1216 2043 1272 2108 τόν
1289 2053 1352 2108 τῶν
1369 2043 1504 2110 ἐνταῦθα
1528 2042 1645 2135 ψυχῶν,
1670 2044 1754 2112 ἀλλά

203 2145 254 2220 διά
277 2177 371 2220 τινων
396 2152 616 2243 ἁπλουστέρων
640 2151 793 2224 κινήσεων
819 2141 969 2215 δύνασθαι
992 2151 1155 2240 σημαίνειν
1179 2147 1236 2227 τάς
1261 2152 1377 2228 ἐννοίας
1401 2154 1503 2216 αὐτῶν
1528 2152 1695 2230 ἀλλήλαις·
1712 2158 1752 2230 ὡς

202 2263 262 2354 γάρ
287 2268 319 2327 αί
342 2253 514 2337 διανοήσεις
539 2258 751 2350 ἀπλούστεραι
774 2259 829 2323 καί
853 2264 886 2323 αῖ
907 2260 1087 2348 φαντασίαι,
1112 2260 1194 2325 ούτω
1217 2259 1271 2324 καὶ
1295 2264 1327 2324 αί
1355 2250 1505 2338 διαλέξεις
1535 2263 1753 2327 ἐπιτελοῦνται

147 2378 175 2418 ¹⁵
203 2362 255 2437 διά
279 2372 429 2443 κινήσεων
453 2371 565 2458 ὁμοίως
589 2366 775 2448 ἐλασσόνων,
800 2366 854 2430 καί
877 2376 936 2444 τῆς
953 2366 1087 2433 ἐνταῦθα
1103 2369 1258 2444 ποικιλίας
1274 2365 1519 2458 καθαρευουσῶν,
1537 2374 1577 2445 ὡς
1599 2369 1638 2434 τό
1661 2370 1752 2452 είκός,

202 2479 255 2542 καί
275 2467 440 2566 ἐπείδηπερ
457 2481 488 2541 ἐν
505 2487 570 2552 τοῖς
587 2475 746 2564 ὀχήμασιν
765 2477 867 2540 αὐτῶν
884 2478 967 2540 ἐστιν
984 2480 1003 2547 ή
1022 2479 1063 2552 ὡς
1079 2474 1204 2553 ἀληθῶς
1221 2473 1372 2552 αἴσθησις·
1387 2484 1449 2540 πᾶν
1465 2474 1525 2568 γάρ
1543 2487 1634 2566 σῶμα
1651 2473 1753 2567 ψυχῆς

204 2586 337 2676 μετέχον
354 2580 406 2672 ζῇ,
423 2589 552 2678 λογικῆς
570 2576 604 2650 δέ
619 2581 654 2650 όν
671 2578 785 2672 ψυχῆς,
802 2582 856 2647 καί
871 2588 944 2648 κατ’
962 2582 1105 2656 αἴσθησιν
1118 2578 1170 2670 ζῇ·
1186 2584 1240 2649 καὶ
1256 2586 1303 2650 ἐτι
1319 2582 1404 2649 κατά
1420 2583 1457 2648 τό
1473 2593 1536 2649 πᾶν
1560 2583 1752 2675 κινούμενον,

203 2687 305 2761 δεῖται
327 2694 382 2760 καί
404 2692 585 2770 αἰσθήσεως·
609 2702 751 2757 τοιοῦτον
776 2683 810 2757 δέ
831 2701 894 2758 πᾶν
917 2692 1036 2783 όχημα,
1062 2689 1163 2784 ψυχῆς
1187 2690 1322 2784 συμφυὲς
1344 2689 1379 2759 όν
1402 2697 1543 2783 λογικῆς,

202 2913 227 2980 f.
254 2913 305 2993 15,
331 2912 350 2977 7
375 2933 459 2976 vers.
483 2906 657 2975 inhercisi.:
684 2904 843 2982 ...ισίσαις
868 2903 1023 2971 θάνεσθαι·
1047 2907 1104 2997 μία
1127 2904 1199 2999 γάρ,
1224 2905 1317 2998 φησὶν
1341 2907 1576 2998 Ἀριστοτελής,
1599 2914 1619 2983 ή
1645 2910 1754 3001 κυρίως

147 3039 175 3078 ιι
205 3017 358 3100 αἴσθησις,
381 3015 435 3081 καὶ
458 3015 495 3080 τό
512 3013 615 3104 κύριον
633 3013 836 3106 αἰσθητήριον
853 3015 883 3080 ἐν
901 3017 996 3099 ἐστιν,
1021 3020 1061 3091 ὡς
1085 3019 1116 3080 ἐν
1139 3025 1205 3090 τοῖς
1228 3014 1297 3105 περί
1321 3014 1491 3092 αἰσθήσεως
1510 3015 1596 3106 λέγει
1618 3041 1678 3082 που
1701 3017 1756 3082 καὶ

203 3125 373 3199 αίσθητῶν.
398 3128 435 3187 Εἰ
459 3113 492 3188 δὲ
508 3133 603 3186 τοῦτο
624 3122 676 3188 καί
692 3133 733 3209 τῇ
752 3133 839 3208 κοινῇ
859 3121 1003 3197 αἰσθήσει
1019 3133 1149 3213 χρῆται,
1166 3113 1299 3188 δύναται
1315 3114 1417 3196 δήπου
1437 3123 1492 3188 καί
1514 3124 1602 3213 ήχων
1627 3123 1754 3203 ἀπαθῶς

203 3225 503 3324 ἀντιλαμύάνεσθαι,
520 3230 573 3295 καί
593 3229 728 3313 ἀκούειν,
752 3231 806 3294 καί
821 3225 899 3305 ὧνή
924 3221 1024 3296 τῶνδε
1047 3240 1110 3296 τῶν
1127 3230 1282 3320 σωμάτων
1299 3230 1378 3304 ἀκοή
1398 3230 1441 3321 μή
1465 3231 1609 3321 πέφυκεν·
1633 3235 1668 3296 ού
1692 3230 1752 3324 γάρ

202 3351 290 3408 πᾶσα
313 3339 392 3413 ἀκοή
416 3339 543 3406 πάντων
566 3337 651 3403 ἐστίν
675 3342 849 3420 ἀκουστῶν,
875 3337 945 3402 ἀλλ’
969 3345 989 3412 ή
1010 3337 1064 3429 μέν
1086 3337 1202 3424 ἀλλων,
1219 3345 1239 3412 ή
1258 3329 1293 3405 δέ
1308 3341 1424 3406 ἀλλων·
1447 3331 1495 3407 διό
1519 3339 1573 3406 καί
1597 3332 1752 3431 δαιμόνων

204 3449 304 3541 φωνάς
321 3455 349 3515 σί
366 3447 421 3540 μέν
438 3446 610 3532 ἀκούουσιν,
630 3451 658 3511 οἱ
682 3436 716 3511 δὲ
739 3445 881 3520 συνόντες
897 3455 964 3522 τοῖς
981 3445 1155 3510 ἀκούουσιν·
1172 3444 1226 3510 καί
1241 3447 1371 3538 παρέχει
1394 3447 1454 3521 τὴν
1479 3438 1609 3538 δύναμιν
1630 3446 1752 3522 ταύτην

147 3574 176 3614 ¹³
202 3571 267 3636 τοῖς
293 3558 347 3649 μὲν
373 3555 510 3649 ίερατική
532 3549 670 3644 δύναμις,
686 3563 752 3630 τοῖς
770 3544 803 3618 δέ
818 3553 1001 3626 κατασκευή
1019 3552 1146 3644 φύσεως,
1163 3555 1266 3644 ὥσπερ
1283 3555 1404 3644 όμμασι
1427 3553 1581 3645 φάσματα
1604 3558 1676 3646 ὀρᾶν
1701 3544 1753 3620 διά

203 3667 333 3757 θατέρου
350 3665 470 3731 τούτων
487 3664 622 3756 ὑπάρχει
636 3661 679 3729 τά
692 3661 798 3739 ἀλλοις
815 3663 952 3752 όμμασιν
970 3661 1100 3751 ἀόρατα.
1118 3663 1163 3726 Τό
1181 3652 1214 3727 δέ
1231 3653 1269 3734 δή
1287 3673 1411 3753 πρῶτον
1428 3662 1538 3752 ὄχημα
1553 3669 1617 3726 τῶν
1633 3643 1752 3752 ψυχῶν,

202 3776 262 3850 τήν
275 3775 382 3849 κοινήν
396 3773 532 3839 αἵσθεσιν
545 3775 629 3862 ἔχον,
645 3771 688 3838 τά
702 3770 817 3849 πάσαις
835 3770 878 3860 μή
894 3770 1034 3837 ἀκουστά
1051 3782 1120 3849 ταῖς
1133 3774 1241 3849 ἀκοαῖς
1258 3781 1320 3836 τῶν
1335 3769 1469 3855 θνητῶν,
1481 3769 1535 3834 καί
1548 3769 1669 3861 ἀόρατα
1681 3779 1752 3846 ταῖς

202 3883 306 3975 όψεσιν
330 3888 403 3975 ὁρᾶν
427 3882 481 3947 καί
505 3881 625 3947 ἀκούειν
648 3881 794 3972 πέφυκεν.
821 3881 864 3946 Τό
889 3879 944 3968 μέν
969 3875 1021 3946 σύν
1047 3871 1234 3971 διηγεῖσθαι,
1258 3879 1311 3943 καί
1335 3871 1548 3970 διηγουμένων
1573 3876 1753 3969 ἀκροᾶσθαι,

203 4005 314 4060 τοῦτον
338 3997 532 4059 ἐπιτελεῖται
548 3991 603 4055 τόν
620 3989 744 4081 τρόπον.
770 3989 805 4053 Ἡ
829 3979 863 4053 δέ
885 3989 976 4078 χρεία
993 3997 1056 4053 τῶν
1074 3979 1251 4080 διηγήσεών
1267 3991 1362 4065 ἐστιν,
1388 3988 1469 4063 ὅπως
1493 3992 1527 4051 αῖ
1551 3985 1606 4077 μέν
1630 3989 1666 4052 ἐκ
1689 3995 1751 4051 τῶν

147 4112 175 4149 ³⁰
204 4093 431 4192 δικαιωτηρίων
454 4109 569 4192 γνῶσιν
593 4099 630 4163 τό
655 4096 785 4188 ἀγαθόν,
810 4093 918 4162 οἶονά
897 4121 957 4188 αρα
981 4097 1049 4162 ἐστί
1072 4106 1130 4172 τῆς
1146 4097 1321 4187 κρείσσονο
1307 4089 1418 4175 ζωῆς
1441 4095 1495 4160 καί
1518 4104 1576 4171 τῆς
1600 4095 1753 4184 ἑπομένης

202 4211 302 4297 ἐκείνῃ
327 4203 457 4289 λήξεως·
481 4214 514 4274 αἱ
538 4199 629 4273 δὲέκ
644 4216 700 4272 τοῦ
717 4208 846 4297 ούρανοῦ
862 4205 900 4270 τό
917 4215 980 4271 τῶν
996 4213 1153 4295 τιμωριῶν
1177 4203 1318 4295 μέθοςγε
1276 4204 1483 4278 οήλίκον“
1473 4201 1557 4267 εστὶν
1581 4211 1644 4267 τῶν
1668 4200 1753 4267 κατά

203 4309 294 4391 δίκην
318 4316 525 4409 ὀφειλομένων
548 4325 618 4392 ταῖς
643 4313 870 4390 ἀποπεσούσαις
894 4317 991 4390 τῆς
977 4315 1107 4403 αρίοτης
1127 4307 1220 4397 ζωῆς,
1236 4256 1426 4402 ἀμφότέραις
1450 4300 1483 4375 δέ
1507 4308 1657 4400 όφελος
1641 4333 1677 4374 αν
1702 4309 1749 4383 είη

202 4431 222 4501 ή
246 4426 320 4516 πρός
344 4423 404 4496 τήν
429 4421 512 4513 μετὰ

203 4644 227 4710 f.
249 4643 289 4709 15
307 4666 350 4725 v.‚
367 4642 481 4708 eadem
504 4639 687 4706 intercisio:
714 4689 721 4706 .
737 4688 744 4704 .
759 4637 799 4710 ,θ
818 4627 852 4702 δέ
867 4639 1036 4728 τιμωρίας.
1051 4687 1057 4701 .
1072 4687 1078 4701 .
1103 4641 1194 4727 ήμῶν
1210 4645 1279 4711 ταῖς
1305 4634 1360 4726 μέν
1384 4632 1524 4700 κάτωθεν
1539 4632 1688 4709 ήκούσαις
1700 4682 1708 4697 .
1721 4681 1749 4698 ..

147 4771 174 4809 σε
202 4755 290 4814 τοῦτ’
303 4749 385 4838 ἔχειν
399 4746 517 4840 ἀγαθοῦ
530 4755 593 4812 τῶν
606 4743 721 4811 ἀνωθεν
739 4744 922 4838 ἀφιγμέναις
933 4746 957 4828 ²)
974 4737 1068 4835 φόύος
1079 4754 1138 4822 τῆς
1151 4746 1301 4835 τιμωρίας
1317 4751 1380 4807 τῶν
1397 4740 1537 4808 κάτωθεν
1553 4746 1695 4817 ήκουσῶν
1708 4737 1751 4804 τά

202 4859 233 4924 ἐν
250 4849 326 4943 ᾅδου
343 4847 482 4945 δείματα
498 4858 776 4948 ἀπαγγελλουσῶν·
794 4853 983 4945 ἀμφοτέραις
1000 4845 1043 4930 δέ,
1060 4853 1098 4918 τό
1112 4862 1275 4944 σωφρονεῖν
1289 4855 1320 4918 ἐν
1336 4861 1405 4928 ταῖς
1417 4860 1480 4917 τῶν
1499 4851 1572 4937 βίων
1590 4847 1750 4941 αἱρέσεσιν,

240 5142 263 5210 ¹)
284 5139 463 5201 scholium
455 5159 486 5196 ln
498 5139 649 5211 margine:
663 5145 713 5194 Καὶ
727 5145 823 5212 μᾶλλον
838 5141 901 5202 ιίκθς
921 5140 950 5194 ἀν
1004 5143 1048 5200 τὰς
1063 5137 1201 5210 φαντασίας
1215 5137 1263 5189 τῶν
1278 5133 1517 5206 ψυχῶνδννατόν,”
1501 5136 1675 5188 ωστικαίτόν
1689 5133 1751 5206 ἀίρα

202 5237 311 5309 γίνεσθαι
331 5236 410 5286 ταῦτα
429 5239 497 5286 κατὰ
515 5238 548 5285 τά
566 5231 867 5303 πνιυματικάὀχήματα,
886 5233 949 5304 άπερ
1004 5229 1186 5284 πλήττειν.-
1203 5225 1222 5281 l.
1242 5224 1279 5280 20
1296 5222 1389 5280 σῶά.1
1376 5221 1483 5280 ηέστιν.

203 5327 270 5374 κατὰ
287 5327 321 5375 τὰ
340 5321 464 5395 αύγοειόἢ·
484 5341 564 5375 ταυτα
577 5327 626 5394 γὰρ
642 5326 686 5376 ἅτε
706 5323 830 5396 γενητὰ”
819 5340 885 5388 οντα,
907 5327 950 5375 καί
1041 5318 1065 5391 ²)
1084 5315 1236 5375 scholium
1254 5313 1363 5372 aliud'
1354 5333 1386 5370 ln
1404 5329 1540 5386 marglno
1551 5310 1668 5387 1n01p1t
1688 5317 1752 5387 ἀφι-

202 5411 331 5464 ιύπλαστιι
344 5418 386 5464 καί
400 5414 580 5485 μορφουσθοιι
566 5413 690 5484 οιαιρόρως
703 5417 746 5465 καί
757 5415 874 5464 κινεισθαι
883 5415 951 5464 κατὰ
1005 5405 1154 5482 ριζσμίνωνθ
1173 5404 1283 5464 desinit
1301 5409 1398 5473 ἀνωθιν,
1418 5408 1537 5460 caetera
1554 5400 1684 5475 fugiunt.
