4008 6068
286 501 321 602 1¹6
868 491 1016 565 Sanctus
1034 488 1251 566 Athanasius

285 653 403 740 δωκας;
428 662 477 726 ὅτι
502 663 531 727 εί
551 686 605 726 και
628 651 842 751 προσθοκᾶται
867 661 948 752 parri
971 661 1031 734 τθν
1086 663 1162 731 Ideo
1185 665 1269 749 quod
1292 665 1352 731 etsi
1369 670 1555 750 expectetur
1578 670 1651 750 post
1674 685 1831 730 resurree-

284 770 467 856 ἀνάστασιν,
493 769 576 836 ἀλλά
600 794 637 861 γε
666 779 711 853 τῷ
734 761 796 844 ἤθη
825 769 1031 860 εῦτρέπιοθαι,
1087 771 1215 850 tionem,
1228 773 1295 857 jam
1313 794 1388 838 vero
1410 772 1443 838 in
1459 773 1520 839 hoa
1534 773 1620 857 quod
1639 775 1831 858 praeparata

282 872 411 947 θέθοται
425 891 491 956 τοῖς
505 879 604 952 αὑτὴν
621 877 706 945 κατὰ
722 880 828 969 καιρὸν
845 881 900 944 τὸν
919 871 1031 944 δέοντα
1087 885 1145 962 ost,
1162 879 1257 946 datur
1272 879 1323 946 his
1338 880 1394 965 qui
1411 885 1553 966 ternpore
1577 882 1759 964 opportuno
1782 900 1831 944 re·

280 984 477 1076 ληψομένοις.
501 986 587 1076 ”ορα
611 977 644 1056 ht
673 987 722 1050 ὅτι
752 986 894 1062 καὶτοῖς
918 978 1033 1074 podon—
1086 987 1206 1072 cipient
1228 987 1327 1052 illam.
1343 987 1445 1072 Atqui
1464 987 1535 1052 vide
1558 985 1788 1080 haereditatem
1812 1007 1831 1051 a

282 1094 384 1183 μένοις
407 1093 463 1157 τθν
487 1090 567 1158 Θεθν
585 1082 746 1164 ditarunt
768 1094 971 1182 κληρονομία.
997 1095 1032 1156 Εί
1085 1095 1154 1162 Deo
1165 1095 1234 1162 dari
1247 1096 1445 1162 timentibus.
1462 1095 1496 1163 Si
1512 1116 1591 1182 ergo
1607 1095 1702 1162 datur
1714 1094 1830 1161 ultimo

282 1195 334 1265 οὖν
348 1203 453 1275 αὐτοῖς
467 1190 700 1289 ὑποδεεστέροις
716 1192 793 1283 οὖσι,
810 1203 920 1282 πολλῷ
935 1199 1030 1266 πλέον
1085 1204 1208 1288 positis,
1231 1208 1353 1289 quanto
1376 1203 1479 1288 magis
1502 1203 1671 1270 sublimius
1694 1203 1832 1270 colloca·

281 1319 347 1384 τοῖς
363 1299 680 1398 ὑπεραναθεθηκθσιν,
698 1312 798 1373 τίτοῦν
815 1311 960 1399 ἀγαπῶσι
975 1308 1031 1372 τθν
1084 1313 1137 1392 tis,
1150 1313 1272 1379 scilicet
1283 1311 1491 1397 diligentibus
1504 1312 1619 1378 Deum.
1632 1311 1738 1389 Quum
1755 1331 1831 1377 vero

283 1417 371 1484 Θεὸν.
389 1417 557 1506 Ἀορίστως
574 1406 608 1480 dt
623 1413 717 1480 εἰπὼν
734 1425 799 1491 τοῖς
821 1405 1045 1506 φοθουμένοις,’
1084 1421 1131 1486 ait
1154 1419 1316 1486 indefinite
1333 1419 1530 1499 timentibus,
1546 1441 1650 1504 nequa
1665 1418 1753 1484 addit
1768 1417 1828 1484 Ju-

282 1521 383 1596 καίοῦ
397 1523 539 1618 προσθείς
556 1516 716 1600 Ἰουδαίοις
733 1522 752 1596 ἣ
771 1525 910 1609 ἑλλησιν,
924 1529 1029 1600 ἀπλῶς
1084 1525 1170 1592 daeis
1192 1525 1244 1592 vel
1266 1525 1428 1611 gentibus,
1452 1525 1559 1610 palam
1585 1525 1730 1592 extendit
1753 1546 1828 1611 gra·

282 1635 342 1704 τλν
367 1632 457 1723 χάριν
474 1632 526 1697 trrt
541 1631 662 1708 πάντας
680 1629 866 1721 ἀνθρώπους·
888 1631 1030 1720 μάλιστα
1084 1635 1162 1701 tiam
1186 1634 1218 1699 in
1235 1654 1343 1700 omnes
1360 1633 1513 1715 homines,
1530 1633 1563 1699 in
1587 1655 1639 1699 eos
1662 1656 1739 1700 vero
1763 1656 1830 1700 ma·

282 1736 316 1810 tt
339 1740 412 1816 τοὺς
435 1733 468 1817 ἀξ
491 1737 585 1804 ἐθνῶν
609 1739 795 1828 προσιόντας
819 1731 1029 1828 ροθουμίνους
1084 1742 1286 1827 ximequier
1299 1741 1713 1826 gentibusaocedunt‚qnos
1726 1739 1830 1826 Scrip-

269 1853 336 1916 ’τθν
354 1848 463 1938 Κύριον
482 1845 587 1913 εἴωθεν
604 1849 773 1910 ἀποκαλεῖν
791 1851 806 1911 ὁ
823 1848 927 1937 λόγος.
952 1848 1030 1912 Ποία
1083 1855 1157 1914 tura
1170 1848 1252 1914 solet
1262 1869 1375 1914 vocare
1387 1869 1440 1914 eos
1450 1848 1506 1932 qui
1516 1848 1633 1914 timent
1645 1847 1828 1914 Dominum.

282 1949 316 2022 δὲ
340 1955 542 2043 κληρονομία,
559 1955 632 2016 ἀλλ’
650 1951 669 2026 ἢ
687 1955 874 2037 theresheia
889 1964 952 2019 τῶν
977 1959 1030 2019 οῦ·
1084 1957 1193 2034 Qualis
1217 1960 1265 2022 est
1280 1955 1471 2038 haereditas,
1488 1956 1547 2020 nisi
1564 1977 1700 2040 regnum
1724 1956 1828 2024 coelo-

283 2070 391 2154 ρανῶν,
416 2060 454 2133 ἣν
478 2063 510 2126 ὲν
538 2071 603 2138 τοῖς
628 2073 835 2153 μακαρισμοῖς
867 2065 1028 2152 είρηκενό
1082 2085 1172 2141 rum,
1196 2085 1293 2147 quam
1320 2061 1469 2128 Salvator
1497 2061 1583 2128 inter
1614 2061 1827 2128 beatitudines

281 2170 387 2260 σωτήρ
407 2169 447 2257 ²);
1086 2172 1273 2239 accensuit?

326 2517 356 2563 v.
374 2495 405 2563 8.
426 2499 572 2583 Διαμινεϊ
594 2498 635 2568 είς
654 2492 707 2558 τθν
725 2497 822 2560 αἰῶνα
838 2491 967 2558 ἐνώπιον
984 2501 1039 2558 τοῦ
1050 2495 1145 2559 Θεοῦ.
1164 2491 1280 2568 ’Ἔλεος
1303 2490 1357 2556 καί
1381 2489 1529 2565 ἀλήθειαν
1546 2492 1642 2554 αὐτοῦ
1666 2490 1712 2564 τίς
1736 2482 1830 2568 ἐκζη-

281 2603 374 2678 τήσει
397 2607 519 2680 αὑτῶνς

327 2713 497 2780 Permanet
519 2713 556 2778 ιἰι
578 2717 742 2780 artemam
757 2713 794 2778 ia
809 2718 975 2795 conspecta
991 2711 1065 2778 Dei.
1082 2709 1347 2778 Misericordiam
1370 2715 1399 2776 et
1413 2709 1578 2776 ueritatem
1600 2709 1670 2791 ejas
1685 2708 1758 2792 qais
1781 2729 1831 2774 re·

282 2822 387 2905 quiret
410 2820 546 2886 eoram?

327 3025 380 3111 Ἐξ
404 3033 600 3123 ἀναστροφῆς
618 3022 652 3098 ht
667 3037 683 3097 ὁ
700 3033 804 3123 λόγος,
826 3035 874 3098 ίνα
890 3026 909 3120 ᾖ
928 3041 1029 3098 τοιοῦ-
1127 3031 1177 3098 Ex
1192 3031 1372 3098 inversione
1387 3053 1492 3097 sermo
1507 3030 1690 3115 hujusmodi
1708 3035 1774 3098 est:
1792 3029 1826 3096 Si

276 3163 343 3215 τος·
361 3141 399 3204 Εἴ
412 3163 459 3217 τις
475 3135 604 3219 ἑκζητεῖ
619 3141 656 3206 τὸ
680 3143 763 3216 ἔλεος
781 3145 875 3206 αὑτοῦ
900 3141 953 3205 καί
968 3138 1027 3212 τὴν
1083 3140 1155 3223 quis
1177 3139 1312 3224 requirit
1335 3139 1403 3222 ejus
1418 3138 1666 3204 misericordiam
1691 3142 1724 3202 et
1746 3138 1828 3204 veri-

280 3243 444 3328 ἀλιίθιιαν,
462 3239 550 3322 οὗτος
568 3249 678 3322 ἐντοῖς
694 3247 921 3322 ἀτελευτήτοις
938 3251 1028 3310 αἰῶσι
1083 3250 1193 3326 tatem,
1209 3247 1265 3312 ille
1280 3247 1313 3310 in
1329 3243 1463 3312 saeculis
1480 3244 1682 3329 sempiternis
1702 3266 1827 3330 perma-

281 3343 426 3443 θιαμενεῖ
446 3353 575 3420 ἐνώπιον
599 3363 656 3420 τοῦ
680 3359 772 3420 Θεοῦ·
796 3365 891 3420 τοῦτο
914 3346 949 3420 δὲ
973 3379 1032 3419 σα·
1083 3359 1138 3419 net
1156 3355 1190 3420 in
1206 3356 1377 3438 conspecta
1395 3351 1465 3418 Dei.
1482 3352 1571 3417 Idem
1587 3352 1690 3438 magis
1705 3353 1830 3437 perspi·

281 3461 427 3552 ρέοτερον
445 3465 461 3524 ὁ
479 3460 652 3551 Σύμμαχος
669 3461 864 3552 ηρμήνευσεν
874 3461 900 3546 ²)
914 3462 1029 3539 ’Ἔλεος
1082 3482 1141 3528 cue
1165 3459 1374 3546 Symmachus
1390 3459 1621 3544 interpretatus
1644 3463 1711 3524 est:
1737 3462 1750 3491 ³
1768 3458 1828 3524 Mi·

280 3570 335 3634 καί
358 3568 491 3644 ἀλήθεια
514 3561 758 3661 θιατηρήοουσιν
789 3572 901 3634 αὐτόν·
926 3581 1029 3636 ταῦτα
1083 3570 1252 3635 sericordia
1275 3573 1308 3634 et
1337 3567 1453 3634 veritas
1481 3568 1662 3634 custodient
1692 3567 1784 3634 illum
1802 3617 1828 3648 „.

279 3676 341 3769 γάρ
365 3686 423 3753 τῆς
448 3674 619 3753 ἀθανασίας
651 3679 737 3760 αὐτῷ
767 3679 856 3742 ἔσται
881 3679 968 3742 αἰτία
990 3678 1028 3742 τὸ
1083 3677 1131 3744 Ea
1142 3678 1292 3743 nimirum
1305 3681 1379 3742 sunt
1395 3677 1645 3742 immortalitatis
1662 3677 1828 3762 principia,

280 3794 336 3850 τοῦ
361 3787 440 3848 Θεοῦ
457 3786 541 3860 ἔλεος
557 3783 611 3848 καί
627 3782 770 3858 ἀλήθεια.
792 3783 883 3849 Κατά
908 3776 942 3850 dt
957 3782 1029 3860 τοὺς
1083 3784 1144 3849 Dei
1167 3783 1330 3849 miseratio
1353 3786 1386 3848 et
1400 3779 1730 3862 venustaruntum
1752 3805 1828 3850 vero

281 3891 326 3958 0'·
351 3893 415 3969 Τίς,
440 3891 542 3981 φασίν,
568 3891 671 3967 ίκανθς
695 3890 750 3954 τὸν
774 3889 955 3981 κεκριμένον
975 3891 1029 3954 καί
1083 3891 1306 3975 septuaginta:
1324 3888 1402 3966 Quis
1416 3889 1501 3974 potis
1524 3893 1583 3969 est,
1599 3890 1759 3975 inquiunt,
1776 3913 1831 3956 ex·

281 3989 400 4064 θίκαιον
424 4006 480 4062 τοῦ
503 4001 581 4062 Θεοῦ
605 3999 691 4062 ἔλεον
716 3995 911 4085 καταμαθεῖν
937 3999 1030 4088 ἀκρι-
1084 4003 1154 4062 acto
1169 3994 1355 4081 dignoscere
1367 3995 1552 4080 judicialem
1564 3995 1748 4080 jrutamqne
1768 3995 1829 4062 Dei

280 4097 358 4184 θῶςς
370 4101 413 4170 τὰ
426 4103 485 4196 γὰρ
498 4105 638 4194 κρίματα
652 4105 748 4170 αὐτοῦ
762 4095 896 4179 ἄθυσσος
911 4104 1028 4176 πολλή.
1085 4105 1344 4172 misericordiam.
1359 4141 1401 4152 —
1413 4103 1435 4170 J
1438 4103 1541 4172 ndieia
1557 4103 1641 4170 onim
1657 4104 1726 4189 ejus
1737 4104 1830 4191 abys-

1085 4235 1138 4278 sus
1162 4211 1265 4280 multa
1281 4206 1319 4293 ⁸).

780 4454 784 4462 ’
888 4461 1087 4531 PSALMUS
1110 4462 1225 4530 LXIV.

667 4685 697 4728 v.
724 4663 752 4728 1.
778 4665 828 4736 Εἰς
852 4660 889 4725 rh
914 4659 1003 4737 τέλος
1028 4655 1150 4748 ψαλμθς
1174 4669 1220 4744 τῷ
1244 4649 1341 4724 Δαυίθ
1365 4649 1441 4743 dhis.

987 4771 1127 4840 Titulus.

323 4965 555 5056 ’ἀναμέμικται
583 4957 617 5032 ht
646 4976 687 5054 τῇ
719 4965 839 5031 τούτων
862 4967 1028 5056 προρρήσει
1126 4968 1222 5036 Hisce
1237 4969 1284 5036 ita
1297 4966 1476 5049 declaratis,
1493 4965 1614 5032 adnexa
1629 4984 1756 5049 quoque
1778 4964 1828 5028 est

278 5080 333 5145 καί
356 5087 415 5154 τῆς
437 5085 501 5141 τῶν
518 5073 612 5142 ἐθνῶν
628 5077 784 5166 σωτηρίας
800 5079 820 5149 η
838 5077 1026 5165 προφητεία·
1081 5077 1119 5144 da
1142 5077 1288 5162 gentium
1312 5075 1416 5142 salute
1440 5071 1622 5158 prophetia.
1642 5069 1716 5137 Huc
1740 5090 1829 5136 nam·

316 5240 338 5314 ¹)
357 5237 463 5296 Ματθία
483 5255 511 5312 v,
532 5238 557 5294 7.
1080 5241 1106 5292 t.
1121 5251 1153 5308 11,
1172 5251 1200 5308 p.
1221 5234 1282 5291 191.

316 5329 339 5404 ²)
358 5327 444 5396 Quor
462 5333 603 5402 exparte
622 5326 708 5386 deest
726 5327 855 5398 Haupt.
874 5325 908 5382 F.
929 5325 1024 5383 Field.
1114 5326 1139 5400 ⁸)
1157 5327 1208 5383 Pe.
1227 5339 1317 5396 xxxv,
1336 5323 1361 5379 t.
1382 5319 1452 5380 (tad
1472 5322 1508 5383 τίς
1529 5321 1612 5392 φησίν.
