4008 6068
741 514 780 586 ia
797 511 984 606 symbolum
1005 513 1203 590 Athanasii.
1711 527 1747 585 29

200 693 261 769 tue,
286 685 350 754 Dei
371 685 494 768 Filius,
516 685 608 754 Deos
630 694 660 755 ct
674 687 763 755 bomo
785 693 842 754 est.
865 686 959 756 Jesus
980 687 1127 754 hebraice
1149 689 1250 756 latine
1274 689 1420 758 Salvator
1442 691 1570 773 dicitnr,
1594 691 1741 760 Christus

200 815 314 880 graece
337 793 437 860 latine
460 799 574 860 unctus
598 799 746 874 vocatum
761 793 857 860 Jesus
879 815 957 878 ergo
980 795 1105 876 dicitur,
1119 817 1156 862 eo
1171 798 1256 881 quod
1275 798 1378 864 salvat
1395 799 1566 883 populum:
1586 798 1743 883 Christus,

198 923 236 968 so
259 901 344 987 quod
367 901 490 986 Spiritu
513 925 570 968 suo
593 902 769 981 delibutus:
793 901 876 967 sicut
898 903 931 967 in
954 901 1024 986 ipsa
1053 903 1173 969 Christi
1196 927 1329 990 persona
1353 907 1450 972 Isaiae
1479 908 1541 973 ait:
1569 911 1582 940 “
1606 907 1747 993 Spiritus

198 1009 327 1075 Domini
350 1031 446 1094 super
461 1032 512 1075 me
523 1005 558 1091 ¹),
583 1014 716 1095 propter
738 1007 823 1094 quod
841 1009 933 1074 unxit
949 1031 999 1075 me
1022 1014 1083 1076 etc.
1097 1061 1123 1090 ,.
1147 1011 1230 1076 Item
1243 1012 1277 1077 in
1293 1013 1431 1096 psalmo:
1461 1011 1588 1079 “Uarit
1605 1018 1638 1079 te
1658 1013 1746 1081 Deus

198 1121 274 1184 tuus
286 1112 312 1199 ¹)
330 1122 404 1184 tuus
419 1117 491 1183 oleo
507 1115 649 1184 laetitiae
665 1139 741 1202 prae
756 1117 955 1184 consortibus
967 1119 1032 1184 tuis
1044 1169 1070 1198 ,.
1086 1118 1146 1184 Dei
1163 1119 1262 1186 Vilius
1279 1119 1365 1186 Deus
1382 1121 1504 1205 pariter
1520 1122 1664 1188 ethome
1682 1126 1740 1188 est.

199 1224 301 1291 Filius
316 1247 335 1291 a
351 1224 505 1292 felicitate
520 1230 692 1310 parentum
708 1223 835 1306 dicitur,
851 1225 947 1290 homo
963 1224 1004 1290 ab
1020 1225 1118 1290 humo
1133 1226 1260 1309 dicitur,
1276 1227 1308 1293 id
1324 1232 1372 1292 est
1387 1228 1425 1293 de
1441 1228 1539 1295 humo
1562 1228 1666 1296 factus
1684 1235 1744 1295 est.

243 1333 335 1400 Deus
358 1338 404 1401 es:
426 1354 466 1400 ea
488 1335 673 1402 maturatae
694 1332 808 1400 Patris
830 1338 905 1400 uate
927 1332 1055 1399 saeculo
1074 1334 1213 1416 penitus,
1237 1334 1269 1399 id
1291 1337 1340 1400 est
1363 1335 1449 1402 Deus
1471 1335 1510 1402 de
1532 1336 1612 1417 Deo,
1636 1336 1744 1403 lumen

200 1442 391 1524 delumine,
416 1441 566 1528 splendor
589 1442 627 1509 de
651 1440 830 1526 splendore,
853 1440 947 1507 fortis
970 1439 1009 1506 de
1030 1439 1124 1519 forte,
1148 1439 1250 1506 virtus
1273 1441 1311 1507 de
1333 1440 1465 1523 virtute,
1497 1442 1565 1508 vita
1598 1443 1637 1509 de
1666 1443 1744 1525 vita,

201 1550 372 1617 aeternitas
396 1549 434 1616 de
457 1549 659 1616 aeternitate.
683 1548 786 1616 Omne
810 1548 895 1632 quod
917 1543 1055 1628 Pater³l
1078 1546 1112 1612 in
1135 1547 1241 1613 divina
1263 1548 1453 1630 substantia,
1476 1548 1537 1616 hoc
1561 1553 1609 1616 est
1632 1548 1744 1617 Filius.

200 1657 288 1724 Dens
312 1657 409 1725 Pater
431 1657 537 1724 Deum
560 1656 678 1724 Filium
702 1657 825 1742 genuit,
849 1677 912 1722 non
935 1655 1111 1734 voluntate,
1134 1676 1193 1721 neo
1215 1655 1420 1738 necessitate,
1444 1657 1499 1723 sed
1528 1662 1654 1723 natura.
1677 1657 1747 1724 Nec

201 1767 373 1848 quaeratur
396 1763 554 1849 quomodo
577 1763 703 1849 genitus
725 1763 782 1842 sit:
816 1762 901 1846 quod
931 1761 1038 1848 angeli
1073 1762 1227 1840 nesciunt,
1260 1763 1426 1848 prophetis
1456 1768 1504 1830 est
1534 1764 1746 1848 incognitum.

200 1871 291 1936 Unde
315 1870 446 1936 eximius
470 1870 629 1954 propheta
653 1868 763 1936 Esaias
786 1869 880 1936 dicit:
906 1868 1185 1936 '‘Generationem
1207 1871 1276 1956 ejus
1298 1872 1548 1958 quisdenarrabit
1564 1875 1602 1952 ,t
1616 1871 1642 1956 ⁴)
1666 1894 1704 1940 ac
1721 1873 1748 1938 si

201 1977 337 2044 diceret:
360 1976 561 2062 Angelorum
584 1998 679 2042 nemo
705 1976 807 2060 igitur
834 1979 1004 2059 scrutetur,
1032 1999 1091 2044 nec
1117 1979 1337 2045 inenarrabilis
1369 1984 1402 2045 et
1415 1979 1665 2046 'inaestimabilis
1680 1979 1748 2063 δ)ο

201 2085 335 2152 servulis
358 2084 574 2154 discutiendus
597 2089 655 2150 eat.
681 2082 875 2150 studenter
899 2084 1071 2152 credendus
1094 2091 1153 2169 est,
1176 2087 1298 2172 pariter
1320 2087 1511 2174 diligendus.
1551 2105 1555 2117 “

244 2193 289 2260 Et
309 2194 399 2262 bono
421 2199 468 2260 est
485 2213 524 2260 ea
539 2193 721 2260 substantia
744 2193 861 2258 marm
884 2193 919 2258 in
942 2195 1067 2262 soeculo
1078 2201 1186 2262 autea.
1204 2194 1256 2262 Sic
1271 2195 1373 2262 Filius
1388 2195 1494 2263 Patris
1508 2196 1653 2263 Verbum
1674 2217 1747 2264 caro

201 2301 333 2383 iactum,
356 2323 421 2368 non
443 2302 528 2387 quod
551 2300 699 2367 divinitas
722 2305 878 2367 mutasset
900 2300 1061 2382 deitatem,
1086 2302 1141 2368 sed
1163 2302 1334 2388 assumpsit
1350 2302 1602 2382 humanitatem:
1620 2303 1681 2370 hoe
1696 2307 1744 2370 est

204 2409 379 2476 “Verbum
402 2429 476 2476 caro
499 2408 622 2474 factum
645 2413 694 2474 est
711 2401 737 2490 ⁸)
757 2456 784 2490 „
798 2429 848 2473 ex
871 2413 963 2474 utero
987 2408 1136 2493 virginali
1159 2432 1266 2476 veram
1288 2409 1461 2476 humanam
1482 2432 1610 2477 carnem
1638 2410 1748 2490 traxit,

203 2523 236 2584 et
259 2519 298 2585 de
322 2524 414 2585 utero
436 2515 581 2602 Virginis
605 2538 700 2582 verus
722 2515 829 2597 homo,
852 2515 936 2582 sicut
959 2519 1007 2582 est
1029 2539 1123 2583 verus
1145 2517 1242 2584 Deus.
1265 2517 1312 2584 E:
1334 2520 1371 2584 in
1393 2519 1517 2586 οοοοιιῑο
1540 2525 1648 2599 notus,
1672 2519 1748 2603 quia

202 2629 308 2692 mater
329 2646 411 2710 quae
434 2624 555 2709 genuit,
579 2622 682 2710 Virgo
705 2627 779 2690 ante
794 2627 924 2708 partum
940 2628 973 2688 et
987 2622 1091 2710 Virgo
1108 2627 1181 2708 post
1198 2629 1327 2709 partum
1341 2626 1525 2709 permansit.
1543 2626 1588 2692 Ia
1612 2627 1748 2705 soeculo,

202 2733 235 2798 id
259 2736 308 2799 est
329 2733 364 2798 in
387 2736 476 2799 sexto
500 2731 660 2812 milliario,
683 2731 717 2797 in
740 2753 803 2816 quo
826 2753 912 2798 nunc
933 2753 1052 2798 sumus.
1075 2731 1162 2798 Deus
1185 2736 1219 2798 et
1241 2733 1336 2798 homo
1359 2731 1504 2799 Christus
1527 2733 1641 2814 Jcsus,
1665 2756 1746 2800 unus

203 2840 262 2906 Dei
286 2839 398 2921 ffiuus,
423 2844 455 2904 et
476 2839 545 2924 ipse
559 2837 704 2924 Virginis
729 2837 838 2920 Filius,
859 2839 934 2924 quia
949 2841 1025 2906 dum
1041 2839 1154 2906 Deitas
1176 2839 1210 2904 in
1233 2844 1324 2906 utero
1347 2839 1491 2925 Virginis
1514 2840 1747 2908 humanitatem

203 2947 385 3032 assumpsit,
409 2949 443 3012 et
466 2967 565 3031 quum
588 2967 658 3011 eam
682 2967 739 3030 per
762 2950 889 3028 portam
911 2944 1057 3032 Virginis
1079 2947 1238 3032 integram
1254 2951 1287 3012 ct
1309 2937 1452 3014 illaesam
1475 2949 1640 3030 nascendo,
1657 2971 1748 3016 mun·

202 3058 278 3122 dum
300 3055 464 3140 ingressus
487 3057 536 3118 est
559 3052 692 3138 virginis
715 3053 816 3119 Filius
831 3057 864 3118 et
879 3052 1040 3120 hominem
1064 3077 1159 3140 quem
1182 3056 1364 3140 assumpsit,
1380 3055 1476 3121 idest
1498 3054 1557 3121 Dei
1575 3051 1747 3138 Vilius....⁷)

202 3164 285 3231 sicut
305 3163 372 3249 jam
396 3161 663 3248 supradiximus,
687 3165 721 3226 et
743 3161 845 3228 deitas
866 3166 900 3228 st
922 3162 1105 3230 humanitas
1126 3163 1161 3228 in
1184 3161 1323 3244 Christo,
1348 3167 1381 3230 et
1404 3161 1464 3228 Dei
1489 3162 1594 3228 Patris
1624 3163 1746 3249 pariter

202 3277 236 3337 et
257 3270 402 3356 Virginis
425 3270 537 3336 matris
561 3269 672 3335 Filius.

248 3379 414 3464 Perfectus
437 3377 537 3459 Deus,
556 3379 718 3462 perfectus
739 3377 828 3446 bomo
851 3399 891 3446 ea
912 3379 1024 3444 ocimo
1047 3377 1214 3445 rationali.
1239 3377 1281 3442 Et
1304 3399 1368 3442 non
1390 3382 1428 3444 nt
1451 3376 1647 3463 Apollinaris
1670 3377 1747 3443 hae-

203 3487 322 3554 reticus
343 3485 424 3552 dixit
448 3485 601 3569 primum,
624 3485 716 3569 quasi
740 3483 852 3551 Deitas
873 3505 933 3569 pro
957 3484 1063 3550 anima
1078 3483 1191 3549 brissct
1207 3484 1241 3548 in
1257 3505 1351 3549 carne
1368 3483 1505 3550 Christi:
1521 3489 1632 3569 postea
1648 3505 1748 3568 quum

204 3617 262 3680 per
286 3592 503 3679 evangelicam
526 3592 751 3659 auctoritatem
774 3592 837 3657 fuit
860 3591 1032 3672 convictus,
1057 3590 1155 3657 dixit:
1184 3589 1308 3657 Habuit
1339 3591 1468 3676 quidem
1498 3591 1637 3658 animam
1668 3613 1749 3676 quae

203 3702 344 3768 vivificat
368 3721 494 3785 corpus,
512 3701 566 3766 sad
583 3721 646 3766 non
662 3700 869 3779 rationalem:
885 3699 1078 3766 econtrario
1094 3697 1171 3764 dicit
1186 3698 1242 3782 qui
1258 3698 1414 3764 catholice
1429 3699 1540 3764 sentit:
1562 3697 1619 3765 Ea
1639 3700 1751 3766 anina

204 3808 362 3876 rationali
383 3807 541 3886 subsistit,
565 3807 597 3872 id
620 3811 670 3872 est
692 3806 807 3890 plenus
830 3807 926 3873 homo
947 3809 1045 3890 atque
1068 3803 1242 3888 perfectus.

246 3914 403 3998 Aequalis
425 3913 522 3980 Patri
544 3915 717 3980 seeundum
740 3914 952 3994 divinitatem,
969 3913 1075 3978 minor
1091 3911 1191 3978 Patre
1206 3913 1379 3979 secandum
1394 3913 1636 3994 humanitatem,
1651 3913 1683 3980 id
1699 3917 1748 3978 est

203 4023 375 4089 secuudum
397 4021 535 4087 formam
557 4021 651 4102 servi,
675 4043 772 4106 quam
796 4043 956 4088 assumere
980 4019 1130 4105 dignatus
1151 4023 1210 4085 est.

249 4131 312 4213 Qut
335 4136 415 4197 certe
437 4129 528 4196 Deus
549 4130 594 4195 sit
615 4135 647 4194 ct
666 4129 766 4210 tomo,
789 4149 855 4195 aaa
878 4134 985 4195 tornea
1008 4128 1080 4209 dac,
1104 4128 1161 4194 sed
1183 4147 1271 4194 aaa:
1293 4133 1339 4195 cst
1365 4128 1524 4211 Christus,
1547 4129 1579 4196 id
1602 4133 1651 4196 est
1666 4130 1748 4196 duae

204 4237 401 4304 substantiae
423 4237 457 4302 in
480 4235 618 4317 Christo,
641 4235 792 4301 divinitas
816 4239 850 4300 et
872 4234 1066 4316 humanitas,
1090 4256 1152 4302 non
1177 4237 1257 4302 dnae
1281 4257 1444 4321 personae,
1468 4237 1522 4302 sed
1545 4259 1619 4304 nna.

255 4345 347 4414 Unus
368 4350 484 4425 uatem,
506 4365 572 4410 aaa
595 4344 796 4411 conversione
819 4343 1004 4410 divinitatis
1026 4343 1063 4408 ia
1078 4362 1216 4423 curnem,
1230 4343 1286 4410 sed
1301 4346 1518 4427 assumptione
1536 4343 1749 4412 humanitatis

203 4455 242 4520 ia
263 4453 378 4533 Deum,
401 4453 434 4518 id
457 4456 593 4517 estnon
616 4450 700 4536 quod
723 4449 882 4530 divinitas,
906 4470 988 4534 quae
1020 4449 1231 4516 immutabilis
1260 4454 1309 4516 cst
1340 4454 1372 4516 et
1403 4451 1666 4532 inconvertibilis,
1701 4453 1750 4516 est

205 4581 289 4642 caro,
312 4561 367 4626 sed
387 4559 459 4624 ideo
473 4580 567 4640 unus,
584 4580 621 4624 eo
636 4557 721 4643 quod
736 4555 973 4622 humanitatem
996 4555 1178 4639 assumpsit.
1202 4554 1320 4640 Incipit
1343 4577 1412 4622 esse
1435 4556 1519 4641 quod
1535 4578 1598 4622 non
1618 4558 1698 4637 erat,
1714 4561 1748 4622 st

204 4689 269 4733 non
291 4665 397 4732 amisit
420 4665 504 4749 quod
527 4669 606 4730 erat.
631 4661 748 4748 Incipit
773 4685 841 4728 esse
863 4662 971 4742 homo,
994 4662 1078 4746 quod
1101 4666 1195 4728 antea
1217 4682 1281 4728 non
1303 4662 1427 4745 fuerat,
1450 4684 1515 4730 non
1538 4662 1644 4730 amisit
1667 4663 1749 4729 divi-

204 4775 350 4856 nitatem,
374 4773 449 4858 quia
470 4771 680 4838 immutabilis
702 4771 736 4836 in
759 4774 925 4838 aeternum
947 4768 1133 4854 permansit.

244 5059 266 5136 ¹)
283 5061 325 5119 Is.
343 5075 403 5133 ω,
423 5059 449 5118 1.
1040 5053 1063 5127 ⁴)
1082 5051 1122 5110 Is.
1141 5067 1207 5124 mn,
1225 5051 1252 5108 8.

185 5153 187 5158 ’
241 5153 264 5227 ²)
281 5151 332 5210 Ps.
350 5165 431 5222 mv,
450 5149 477 5206 8.
1042 5143 1066 5217 ⁵)
1085 5142 1156 5201 (iod.
1173 5140 1279 5201 inserit
1296 5144 1415 5202 dicitur.

240 5243 264 5314 8)
284 5241 374 5299 Omne
392 5241 473 5313 qued
490 5241 581 5297 Pater
598 5237 642 5296 sio
661 5254 753 5312 supra
765 5235 883 5310 lineam
897 5235 952 5294 sub
1042 5233 1065 5308 ⁶)
1084 5233 1171 5291 dean.
1191 5247 1211 5304 1,
1231 5233 1274 5290 14.

205 5327 314 5404 quibua
330 5328 423 5388 infra:
438 5345 497 5403 per
514 5330 616 5387 mnata
633 5329 722 5402 qaod
1041 5327 1064 5402 ⁷)
1083 5326 1204 5384 Lacuna
1221 5324 1253 5383 in
1270 5323 1379 5384 codice.
