3978 6070
627 525 713 616 Lex,
727 525 840 615 judex
858 530 889 597 οῖ
906 528 1008 615 τοῖσε,
1029 527 1241 600 conscientia.
1660 545 1713 601 10⁷

162 697 217 763 καί
239 697 299 769 τήν
324 686 502 789 δυσμοιρίαν
527 696 704 788 ἐπανορθοῖ·
729 698 785 764 τθν
810 698 865 787 μὲν
889 697 950 789 γάρ
975 698 1114 788 ἄρχοντα
1138 710 1196 775 τῆς
1221 700 1363 791 αἱρέσεως
1394 704 1510 768 ἐκεῖνον
1538 704 1624 796 λέγει
1654 707 1710 772 τὸν

161 819 284 898 πρῶτον
310 805 488 898 αἱρούμενον
513 805 567 870 καί
590 804 794 896 κληρωθέντα
817 816 949 898 πρῶτον,
975 805 1006 882 θς
1031 797 1082 871 διά
1100 807 1264 899 μοχθηράν
1289 812 1404 899 αίρεσιν
1430 811 1575 902 θρηνήσει
1599 816 1707 906 μικρὸν

163 919 292 1007 ὕστερον
316 915 438 980 ἑαυτὸν·
464 913 518 978 τθν
543 905 576 978 δέ
599 919 811 1000 τελευτῶντα,

163 1133 186 1200 f.
214 1134 288 1212 159,
311 1133 398 1199 idem
422 1132 490 1198 fere
514 1132 623 1197 hiatus
646 1132 681 1196 in
704 1137 795 1198 recto
819 1137 852 1197 et
876 1155 970 1198 verso
993 1133 1069 1200 fol.:
1097 1134 1219 1219 [τοῦτον
1243 1136 1359 1199 ἐκεῖνον
1392 1129 1470 1200 εἶναι
1495 1135 1586 1226 φησίν
1612 1137 1643 1216 θς
1668 1149 1713 1223 τῷ

122 1263 134 1300 ε
164 1241 339 1331 φρονήσεως
362 1239 432 1329 περὶ
447 1237 514 1344 ἱτήν
533 1241 658 1329 αἵρεσιν]
674 1289 681 1302 .
696 1288 725 1302 ..
750 1248 853 1302 ταῦτα
872 1241 1017 1328 [ἔσχατος
1032 1240 1102 1330 περί
1118 1239 1178 1311 τὴν
1197 1241 1312 1330 αἱρεσιν
1328 1295 1336 1310 .
1351 1295 1380 1310 ..
1406 1237 1498 1331 μίξει]
1523 1245 1654 1312 κάλλιον
1678 1249 1714 1310 ἐκ

164 1359 226 1414 τῶν
253 1351 372 1436 [ἰόντων
388 1401 395 1416 .
411 1401 441 1416 ..
464 1347 623 1436 ἐλόμενος]
650 1349 728 1432 βίον,
752 1349 825 1411 οὔτε
840 1400 847 1414 .
863 1400 870 1414 .
886 1370 958 1414 ,κεν
984 1353 1023 1423 ὡς
1040 1350 1176 1437 ἔσχατον
1195 1348 1247 1414 ἐἀν
1265 1351 1322 1439 ἔχῃ
1343 1351 1418 1438 [καί]
1435 1403 1441 1416 .
1456 1403 1484 1416 ..
1508 1365 1574 1430 τοῖς
1599 1345 1714 1422 δοθεῖσι

163 1456 245 1548 μετά
270 1469 321 1523 νοῦ
344 1456 503 1548 χρώμενον
519 1509 526 1524 .
543 1508 572 1524 ..
597 1457 651 1520 τὸν
677 1445 728 1520 διά
751 1455 810 1525 τήν
833 1457 989 1545 εὐμοιρίαν
1008 1453 1163 1547 ῥᾳθυμεῖν·
1181 1462 1200 1531 ή
1219 1456 1279 1548 γάρ
1297 1458 1431 1548 ῥᾳθυμία
1454 1464 1583 1537 πολλοῖς
1608 1465 1710 1552 ἀφανῆ

162 1579 246 1633 ποιεῖ
268 1566 309 1631 τά
334 1571 368 1633 ἐκ
385 1578 443 1641 τῆς
462 1567 616 1655 εὐμοιρίας
634 1563 749 1656 ἀγαθά,
769 1554 820 1629 διά
839 1562 1003 1652 μοχθηράν
1020 1575 1083 1628 τῶν
1100 1569 1135 1630 ἐκ
1152 1575 1208 1630 τοῦ
1224 1569 1341 1642 παντὸς
1362 1562 1567 1659 ὑπαρξάντων
1591 1581 1714 1662 χρῆσιν.

164 1676 260 1742 Ταῦτ’
285 1671 337 1741 σύν
362 1667 518 1766 σφραγῖδα
541 1685 606 1749 τοῖς
630 1673 735 1764 λύγοις
754 1675 774 1755 ¹)
799 1671 965 1755 ἐπέθηκεν,
993 1672 1083 1737 ἱκανά
1109 1673 1163 1762 μέν
1188 1675 1276 1752 ὄντα,
1301 1676 1372 1753 τοὺς
1405 1671 1506 1756 ἀξίους
1531 1677 1713 1770 ἐπιστρέψαι

109 1800 135 1838 ¹⁰
162 1787 237 1874 πρὸς
261 1782 321 1857 τήν
347 1783 428 1872 μετὰ
452 1784 577 1873 κρίσεως
601 1780 693 1872 ὀρθῆς
718 1783 844 1870 αἱρεσιν,
861 1771 977 1870 τοῖςδὲ
995 1774 1129 1859 ἀναξίοις
1152 1781 1323 1872 ἱκανώτερα
1347 1778 1476 1871 μείζονα
1499 1796 1630 1861 ποιῆσαι
1653 1786 1713 1861 τήν

164 1890 342 1983 συμφοράν·
368 1893 401 1956 οἱ
419 1914 466 1982 γε,
490 1891 544 1956 καί
567 1901 623 1955 τοῦ
646 1889 809 1980 προφήτου
832 1889 1000 1981 λέγοντος,
1025 1890 1256 1980 ἀπερισκέπτως
1281 1896 1471 1968 πεποίηνται
1504 1893 1564 1968 τήν
1588 1898 1717 1986 αἵρεσιν.

163 2002 310 2067 Μάλιστα
335 1999 390 2091 μὲν
415 1995 468 2064 οὖν
492 1999 546 2063 καί
569 2004 585 2062 ὁ
609 2001 640 2064 ἐν
664 2007 710 2082 τῷ
733 1997 830 2063 παντί
853 1998 1018 2088 προφήτης
1035 1999 1128 2063 ἐστίν
1151 2010 1215 2066 τῶν
1239 1992 1370 2067 τοιῶνδε
1396 2003 1498 2093 λύγων
1524 1993 1714 2096 δημηγόρος.

159 2111 250 2175 Ἔστι
264 2101 297 2176 δέ
309 2109 363 2174 καί
379 2113 410 2174 ἐν
426 2108 543 2195 ἑκάστῃ
559 2106 643 2197 ψυχῇ
658 2107 823 2198 προφήτης
836 2106 894 2190 τίς,
907 2117 1011 2172 ταῦτα
1027 2110 1106 2192 βοῶν
1120 2109 1173 2173 καί
1186 2100 1491 2201 διαμαρτυρούμενος
1509 2115 1577 2178 κατ’
1594 2116 1711 2195 ούσίαν,

164 2221 268 2310 ὥσπερ
292 2219 346 2283 καί
369 2213 440 2292 δίκη
466 2219 521 2282 καί
545 2218 648 2306 νόμος·
673 2221 745 2282 ἀλλ’
770 2222 789 2290 ή
810 2215 864 2304 μὲν
882 2216 936 2280 καί
951 2214 1095 2280 πείθεται
1111 2226 1157 2298 τῷ
1174 2220 1205 2280 ἐν
1227 2219 1307 2304 αὐτῇ
1334 2220 1492 2308 προφήτῃ,
1517 2220 1571 2284 καί
1593 2221 1715 2311 γίνεται

109 2335 136 2374 ¹⁵
164 2329 434 2420 ἐπιστατικωτέρα
457 2329 526 2419 περὶ
549 2327 609 2398 τήν
634 2326 779 2416 ἐκλογήν·
804 2332 824 2400 ή
851 2317 885 2390 δὲ
902 2323 1110 2408 ἀπειθήσασα,
1129 2326 1237 2416 μικρὸν
1254 2327 1382 2417 ὕστερον
1408 2329 1617 2418 μεταμελείας
1642 2332 1716 2392 ἀνα-

163 2439 348 2527 πίμπλαται
363 2437 416 2500 καὶ
433 2445 537 2500 κακῶν
550 2426 762 2526 ἐπιδραμοῦσα
775 2425 827 2498 διὰ
840 2432 938 2508 πάθος
951 2430 1084 2509 τούτοις,
1098 2430 1139 2495 ῶν
1154 2437 1170 2496 ὁ
1187 2437 1218 2498 ἐν
1235 2437 1315 2520 αύτῇ
1336 2435 1498 2525 προφήτης
1515 2435 1711 2502 ἀνέστελλεν·

431 2665 475 2728 -ζ-
500 2650 650 2726 Εἰπόντος
675 2640 748 2735 δὲ’)
779 2658 884 2713 ταῦτα
907 2649 962 2714 τὸν
992 2659 1116 2740 πρῶτον
1148 2648 1293 2739 λαχόντα
1321 2653 1378 2741 ἔφη
1404 2664 1450 2727 -ζ-

431 2775 476 2836 ÷
498 2758 584 2835 εύθύς
597 2758 727 2825 ἐπιόντα
739 2756 799 2830 τήν
813 2759 967 2848 μεγίστην
981 2750 1150 2849 τυραννίδα
1166 2757 1300 2836 ἑλέσθαι,
1317 2758 1382 2844 [καὶ
1406 2773 1450 2835 2—

433 2884 478 2946 ÷
500 2870 560 2935 ύπθ
577 2867 750 2958 ἀφροσύνης
763 2890 798 2931 τε
815 2867 869 2930 καί
884 2869 1134 2958 λαιμαργίας,ού
1150 2867 1257 2934 πάντα
1271 2872 1381 2945 ἱκανῶς
1405 2881 1449 2944 ÷

432 2994 477 3056 ÷
501 2977 753 3068 ἀνασκεψάμενον
778 2976 913 3059 ἑλέσθαι,
931 2975 1002 3040 ἀλλ’
1020 2976 1113 3041 αὐτὸν
1130 2975 1236 3042 λαθεῖν
1245 2980 1380 3072 Ιἐνοῦσαν
1405 2990 1450 3052 -ζ-

433 3103 476 3165 -ζ-
500 3089 708 3180 Εἱμαρμένην,
725 3079 845 3153 παίδων
863 3091 958 3152 αὑτοῦ
976 3083 1104 3175 βρώσεις
1121 3086 1174 3151 καί
1191 3085 1274 3151 ἀλλά
1287 3085 1380 3151 κακά.
1404 3099 1450 3162 ÷

431 3213 478 3274 -ζ-
499 3189 625 3270 Ἐπειδή
653 3188 686 3262 δέ
710 3194 794 3260 κατά
812 3194 932 3285 σχολὴν
948 3190 1132 3282 σκέψασθαι,
1149 3192 1322 3260 κοπτεσθαὶ
1345 3219 1381 3260 τε
1405 3209 1449 3270 ÷

432 3320 478 3383 ÷
500 3306 555 3371 καί
567 3297 728 3396 ὀδύρεσθαι
740 3303 800 3370 τάν
814 3307 939 3395 αἵρεσιν,
954 3305 1010 3368 οὐκ
1023 3305 1198 3392 ἐμμένοντα
1210 3314 1280 3380 ταῖς
1293 3328 1384 3393 προρ-
1405 3317 1449 3380 -2-

432 3427 478 3490 -',-
502 3412 633 3504 ρηθεῖσιν
657 3413 717 3478 ύπθ
741 3423 796 3477 τοῦ
820 3411 993 3501 προφήτου
1012 3414 1046 3476 ού
1063 3411 1122 3504 γάρ
1147 3411 1259 3476 ἑαυτὸν
1284 3417 1383 3477 αἰτιᾶ-
1404 3425 1450 3488 -ζ-

434 3535 480 3598 ÷
502 3520 573 3587 σθαι
596 3530 659 3585 τῶν
682 3529 797 3604 κακῶν,
816 3519 899 3585 ἀλλά
914 3519 1016 3609 τύχην
1034 3543 1070 3585 τε
1085 3520 1138 3585 καί
1155 3511 1305 3610 δαίμονας
1329 3519 1383 3585 καί
1405 3533 1450 3596 -ζ-

432 3644 477 3706 -ζ-
499 3627 606 3695 πάντα
630 3632 751 3718 μᾶλλον
783 3627 849 3692 ἀνθ’
875 3631 997 3693 ἑαυτοῦ·
1022 3622 1098 3694 εἶναι
1125 3619 1159 3693 δέ
1190 3629 1285 3693 αὑτὸν
1316 3637 1379 3692 τῶν
1405 3641 1449 3704 ÷

431 3751 477 3814 ÷
498 3723 590 3804 ἐκτού
615 3743 743 3829 ούρανοῦ
759 3736 914 3820 ήκύντων,
931 3741 963 3804 ἐν
979 3736 1159 3829 τεταγμένη
1180 3737 1328 3803 πολιτεία
1351 3740 1382 3802 ἐν
1406 3749 1450 3813 ÷

433 3859 477 3921 ÷
499 3855 544 3929 τῷ
575 3844 716 3937 προτέρῳ
748 3847 804 3930 βίῳ
830 3838 1033 3933 βεύιωκύτα],
1058 3844 1120 3912 ἔθει
1152 3844 1224 3911 ἄνευ
1258 3848 1383 3935 φιλοσο-
1405 3857 1450 3921 -“,-

433 3966 477 4028 -ζ-
500 3951 603 4042 φίαςὶ)
627 3956 741 4044 ἀρετῆς
767 3954 992 4046 μετειληφότα.
1017 3967 1062 4030 ζ-

112 4201 139 4238 εο
211 4174 289 4250 Τοὺς
308 4173 362 4264 μὲν
379 4171 491 4265 λύγους
507 4183 562 4236 τοῦ
579 4171 742 4262 προφήτου
760 4162 800 4235 δι’
819 4175 921 4236 αύτῶν
938 4161 1142 4236 ἐπιδείκνυσιν
1159 4178 1222 4232 τῶν
1239 4168 1336 4259 ἔργων
1353 4163 1599 4257 έναργεστάτους
1612 4165 1715 4240 ὄντας.

167 4285 202 4347 ἐκ
219 4307 255 4348 τε
271 4291 334 4347 τῶν
348 4281 579 4374 ἀπερισκέπτως
593 4279 823 4370 ἐπιτρεχέντων
837 4290 905 4356 ταῖς
919 4279 1079 4370 αἱρέσεσιν,
1097 4269 1149 4343 διά
1165 4276 1222 4353 τάς
1239 4277 1485 4368 προφαινομένας
1503 4265 1649 4364 δυνάμεις
1662 4272 1717 4337 καὶ

168 4498 190 4566 f.
218 4501 280 4566 159
304 4523 353 4566 v.:
381 4499 400 4584 [
415 4548 442 4562 ..
479 4499 553 4589 ρίσιν
578 4499 632 4564 καί
654 4497 806 4588 λογισμὸν
830 4488 942 4586 ἀκριύῆ
970 4493 1024 4582 μὲν
1040 4548 1047 4563 .
1063 4547 1092 4561 ..
1117 4492 1161 4583 ἐφ’
1180 4491 1223 4572 οἱς
1247 4497 1373 4560 είλοντο
1400 4493 1476 4577 βίοις
1499 4488 1716 4566 πολλάκις

168 4617 233 4682 τοῖς
252 4605 355 4697 μύθοις
372 4605 471 4680 σκηνή
490 4618 623 4684 τοῖς...
644 4607 784 4681 εἰπόντος
801 4606 867 4690 τὸν]
886 4607 921 4670 ἐκ
938 4615 992 4670 τοῦ
1009 4603 1197 4696 πρώτου...
1213 4603 1355 4691 [ηθόντα]
1374 4613 1415 4688 τῇ
1435 4601 1548 4692 αἱρέσει
1564 4598 1716 4674 τοιούτοις

171 4713 388 4806 [σφάλμασι].,.
407 4715 460 4780 καί
476 4709 774 4806 ἐπεισαγαγέντοςί)
794 4712 929 4806 τραγικά
941 4711 1025 4786 πάθη
1041 4724 1081 4799 τῇ
1101 4711 1272 4795 ἐπιστάσει,
1285 4710 1339 4778 καί
1356 4709 1484 4801 θρήνους
1500 4706 1553 4774 καὶ
1566 4706 1716 4784 κοπετούς

114 4844 141 4882 ³⁵
169 4817 360 4915 οἱμωζούσης
384 4822 426 4889 τά
451 4821 610 4914 αἱρεθέντα
633 4833 691 4899 τῆς
715 4819 836 4912 ψυχῆς,
859 4822 913 4888 καί
935 4823 994 4912 πρὸ
1026 4831 1089 4886 τῶν
1120 4813 1274 4886 ἐκύάσεων
1305 4817 1560 4908 ἀνακλαομένης,
1585 4814 1638 4880 καί
1661 4817 1717 4880 ούκ

109 5135 111 5140 ’
205 5110 226 5184 ¹)
246 5116 297 5171 τοῖς
316 5111 398 5182 λόγωι
418 5108 453 5164 A.
473 5125 530 5164 om.
969 5109 1156 5180 scholiastae,
1169 5108 1222 5167 sed
1236 5105 1368 5165 secunda
1379 5123 1477 5178 manu,
1488 5105 1600 5164 veteris
1612 5108 1716 5162 tamen

204 5202 228 5275 2)
247 5199 385 5273 Reipubl.
405 5217 433 5270 x,
452 5199 514 5253 316.
969 5204 1106 5271 διορθωτιῖ.
1126 5199 1184 5257 Sed
1196 5198 1223 5254 A
1236 5197 1417 5253 confidenter
1429 5195 1580 5268 glossema
1597 5193 1630 5250 in
1648 5193 1717 5249 Pla-

204 5294 228 5368 3)
248 5292 295 5348 Ad
314 5293 394 5347 hune
417 5291 515 5346 locum
533 5288 563 5345 in
582 5289 716 5362 margine
742 5289 915 5363 opponitur:
969 5287 1049 5345 tonis
1068 5287 1160 5346 verba
1178 5285 1307 5358 intrusit,
1327 5285 1409 5341 edita
1427 5302 1499 5341 vero
1517 5281 1671 5358 expunxit.

170 5403 208 5456 γρ.
219 5385 284 5436 θείαν
296 5383 348 5436 ιύθὺ
363 5381 519 5453 φιλοσοφίαν,
533 5380 635 5452 glossa
649 5384 750 5451 aperte
762 5379 918 5436 christiani
1006 5378 1031 5451 ⁴)
1049 5377 1083 5433 Α.
1103 5377 1123 5432 f.
1143 5376 1187 5434 90.
1206 5375 1277 5433 Mox
1295 5374 1364 5432 fort.
1384 5374 1587 5446 ἀνακλαιομένας.
