4006 6074
202 711 974 964 HPOKAOY
1048 717 1657 966 AYKIOY

568 1089 949 1177 ΠΛΑΤΩΝΙΚΟΥ
988 1094 1292 1180 ΔΙΑΔΟΧΟΥ

297 1333 361 1395 ΕΙΣ
385 1333 464 1395 TON
489 1333 538 1394 EN
561 1333 755 1416 ΠΟΛΙΤΕΙᾼ
779 1335 860 1398 ΤΟΥ
883 1336 1104 1399 ΠΛΑΤΩΝΟΣ
1128 1337 1269 1400 ΜΥΘΟΝ
1293 1338 1511 1400 morituris
1526 1329 1560 1420 ¹).

794 1529 1060 1545 -..——--——-

359 2005 379 2060 f.
400 2005 451 2061 111
470 2023 499 2064 v.
521 1991 609 2073 [uuir
628 2010 697 2061 rou
716 1975 755 2060 νιν
776 2009 821 2077 rp
842 2011 976 2079 ιειιιτρ
996 2013 1062 2062 rur
1082 2013 1265 2063 σοιιτειιι·
1287 2013 1501 2078 uncrinus]

207 2187 262 2269 [Tb
280 2178 410 2250 δέκατον
428 2189 469 2261 εἰς
486 2187 557 2275 τρία
575 2185 730 2274 κεφάλαια
748 2176 906 2277 διῄρηται.
926 2227 965 2238 -
982 2189 1043 2253 Καί
1058 2191 1095 2255 rb
1113 2190 1167 2280 μὲν
1183 2201 1306 2280 πρῶτον
1324 2196 1365 2267 εἰς
1382 2193 1512 2282 ἔλεγχον
1536 2192 1631 2256 τείνει
1647 2201 1705 2267 τῆς

157 2303 337 2369 ποιητικῆς,
362 2299 402 2368 ὡς
428 2304 601 2384 μιμητικῆς
625 2295 729 2378 οὔσης,
754 2298 826 2358 ἀλλ’
851 2299 886 2360 οὐ
909 2288 1114 2373 παιδευτικῆς
1130 2309 1193 2363 τῶν
1217 2295 1346 2388 ψυχῶν-
1361 2300 1395 2363 rb
1420 2291 1453 2364 δέ
1477 2291 1620 2387 δεύτερον
1644 2299 1705 2370 τὴν

160 2399 329 2466 ἀθανασίαν
354 2391 542 2465 καταδεῖσαι
565 2410 622 2476 τῆς
646 2399 759 2490 ψυχῆς,
775 2403 838 2488 καί]
859 2403 918 2474 τὴν
934 2405 1008 2492 πρὸς
1024 2405 1062 2468 τὸ
1081 2403 1171 2491 [θεῖον
1189 2410 1285 2482 αὐτῆς
1310 2409 1481 2496 ἀναφαίνει]
1509 2407 1704 2497 συγγένειαν·

159 2509 196 2574 τὸ
221 2500 255 2574 δὲ
277 2511 382 2599 τρίτον
408 2509 501 2574 αὑτὸν
524 2509 699 2599 παρέχεται
722 2510 777 2574 τὸν
802 2509 907 2599 μῦθον,
932 2511 963 2587 ὃς
987 2511 1047 2584 τὴν
1063 2520 1209 2601 πρόνοιαν
1227 2505 1379 2577 δείκνυσιν
1396 2513 1466 2586 τήν,
1480 2537 1517 2578 τε
1542 2504 1704 2601 δαιμονίαν

159 2617 216 2681 καί
238 2615 321 2681 θείαν
339 2619 426 2692 ὅλην,
450 2616 509 2690 τὴν
525 2617 594 2707 περί
611 2617 667 2692 τάς
684 2614 795 2707 ψυχὰς,
812 2617 980 2694 κατιούσας
996 2642 1033 2683 τε
1050 2623 1091 2694 είς
1116 2619 1246 2710 γένεσιν,
1263 2619 1317 2685 καί
1331 2614 1540 2711 χωριζομένας
1564 2621 1626 2684 ἀπὸ
1649 2629 1708 2695 τῆς

160 2727 324 2814 γενέσεως,
347 2724 420 2801 τούς
444 2747 480 2790 τε
504 2725 636 2815 τρόπους
660 2726 814 2816 ἑκατέρων
842 2725 913 2802 τοὺς
943 2718 1125 2802 πολυειδεῖς.
1151 2765 1192 2776 —-
1217 2731 1316 2816 Τριῶν
1341 2719 1414 2810 δέέ)
1437 2737 1500 2791 τῶν
1531 2731 1706 2816 κεφαλαίων

160 2835 269 2908 ὄντων,
293 2823 423 2906 εὔδηλον
448 2834 498 2898 ὅτι
521 2835 559 2897 τὸ
583 2833 639 2921 μέν
663 2828 804 2923 χωρίζειν
820 2839 903 2923 ἡμᾶς
917 2831 1101 2923 προτίθεται
1118 2843 1181 2898 τῶν
1197 2837 1311 2898 ὑλικῶν
1332 2825 1481 2917 εἰδώλων,Ι
1497 2835 1551 2898 καί
1575 2833 1706 2926 ἀπάγειν

160 2949 223 3004 τῶν
247 2946 304 3014 τῆς
329 2929 564 3028 ψευδοπαιδείας
581 2951 771 3030 φαντασιῶν,
788 2945 828 3015 ὡς
847 2939 1063 3006 καθελκουσῶν
1081 2946 1122 3016 είς
1139 2939 1180 3005 τά
1197 2941 1320 3030 ἔσχατα
1335 2942 1522 3006 τῶνόντων·
1548 2940 1567 3006 ἀ
1591 2934 1629 3012 δὴ
1655 2941 1709 3006 καί

162 3047 273 3137 μερικά
289 3051 371 3112 ἐστιν
388 3049 442 3112 καί
463 3047 588 3138 μιμητά
612 3049 719 3133 ὅντως,
737 3047 806 3113 ἀλλ’
832 3052 887 3112 οὺκ
912 3047 1035 3122 ἀληθῶς
1059 3048 1146 3126 ὄντα,
1170 3049 1224 3112 καί
1241 3052 1345 3124 ἁπλῶς
1370 3049 1494 3125 ἀπάσης
1509 3051 1534 3130 ³)
1559 3060 1617 3125 τῆς
1641 3052 1713 3114 ἐπι-
1789 3091 1791 3098 -

160 3154 304 3219 πλάστου
320 3149 410 3234 ζωῆς.
432 3195 471 3204 -
489 3157 533 3220 Τὸ
549 3147 583 3220 δέ
601 3163 671 3245 μετ’
689 3162 788 3222 ἐκεῖνο
804 3153 932 3244 ταχθέν,
950 3155 1124 3245 ἐπιστρέφει
1139 3155 1212 3245 πρὸς
1229 3155 1370 3241 ἑαυτοὺς,
1387 3158 1441 3220 καί
1457 3162 1498 3232 τίς
1515 3156 1575 3228 τὴν
1592 3159 1709 3221 οἰκείαν

161 3261 313 3351 ἐπανάγει
334 3256 427 3344 ζωὴν,
452 3263 506 3327 καὶ
521 3261 581 3334 τὴν
599 3261 768 3327 ἀθανασίαν
786 3263 824 3336 ἣν
841 3265 955 3352 ἔχομεν
971 3268 1047 3327 κατ’
1065 3265 1181 3340 οὐσίαν,
1200 3263 1253 3327 καί
1269 3263 1328 3333 τδν
1346 3263 1516 3336 ἁπλότητα
1540 3274 1597 3339 τῆς
1613 3268 1710 3329 ὑποσ-

161 3369 279 3446 τάσεως
302 3375 402 3459 ημιῖιν·
425 3371 481 3436 καί
503 3371 562 3461 γάρ
580 3371 633 3438 ὅτι
647 3374 765 3434 ἁπλοῦν
782 3377 802 3443 η
821 3367 903 3460 ψυχὴ
923 3362 1091 3446 δείκνυται,
1108 3371 1165 3434 κάν
1185 3365 1399 3460 φαντάζηται,
1418 3363 1469 3438 διά
1494 3371 1553 3443 τὴν
1578 3373 1708 3461 ἀλογίαν

161 3475 321 3560 σύνθετον,ι
341 3478 394 3541 καί
416 3479 465 3542 ὅτι
490 3477 656 3560 ἀθάνατον,
680 3477 734 3544 καί
757 3481 792 3542 od
816 3477 930 3550 θνητὸν
955 3469 1041 3554 εἰδὲς,
1058 3477 1112 3541 καί
1131 3480 1180 3541 ὅτι
1203 3488 1248 3560 τῷ
1273 3477 1343 3562 θείῳ
1355 3477 1381 3562 ⁴)
1407 3478 1563 3570 συγγενὲς,
1588 3476 1645 3542 κάν
1670 3483 1709 3554 ὡς

161 3595 226 3660 τοῖς
244 3583 383 3674 σώμασιν
400 3579 563 3676 ὁμόζυγον.
583 3625 621 3634 -
640 3587 683 3650 Tb
701 3577 735 3650 δέ
752 3577 789 3658 δὴ
807 3587 914 3675 τρίτον
929 3585 1105 3674 ἐπιστρέφει
1122 3584 1177 3674 μὲν
1194 3591 1289 3674 ημᾶς,
1307 3585 1377 3649 ἀλλ’
1395 3586 1445 3650 ἐπὶ
1460 3585 1502 3650 τὰ
1526 3587 1584 3675 πρὸ
1608 3591 1709 3674 ἡμῶν,

161 3692 216 3758 καί
238 3693 298 3764 τὴν
316 3696 499 3758 ἐπιστασίαν
519 3704 580 3758 τῶν
596 3693 783 3785 κρειττόνων
800 3694 853 3758 καί
868 3692 927 3762 τὴν
944 3693 1101 3782 πρόνοιαν,
1116 3692 1171 3756 καί
1186 3691 1246 3764 τὴν
1262 3693 1462 3783 εἱμαρμένην,
1479 3691 1538 3762 τδν
1562 3697 1603 3769 είς
1627 3699 1712 3782 ἡμᾶς

161 3799 361 3873 καθήκουσαν
385 3801 473 3890 φύσιν
496 3803 628 3890 ἔχοντας
653 3793 810 3891 ἀμφίδιον,
829 3800 973 3864 ἀνιοῦσοίν
989 3821 1026 3864 τε
1042 3800 1096 3863 καί
1112 3811 1289 3864 κατιοῦσαν.
1309 3801 1370 3864 Καί
1393 3800 1452 3891 γάρ
1477 3807 1506 3864 oi
1530 3804 1590 3886 βίοι
1614 3801 1667 3865 καί
1683 3807 1712 3866 oi

161 3911 273 3997 κλῆροι
294 3907 350 3983 τάς
375 3901 524 3985 καθόδους
549 3901 696 3981 δηλοῦσιν
713 3910 771 3974 ὑπὸ
789 3919 854 3986 τοῖς
872 3907 949 3984 θεοῖς
965 3907 1139 4000 γινομένας·
1157 3907 1211 3971 καί
1228 3911 1256 3971 oi
1272 3913 1302 3976 ἐν
1320 3900 1396 3993 ᾅδου
1412 3908 1612 3998 καθαίροντες
1628 3915 1712 3998 ἡμᾶς

161 4021 181 4088 η
208 4009 393 4094 κολάζοντες
419 4007 485 4082 δαί-

198 4247 220 4321 ¹)
240 4247 375 4304 'situlum
389 4247 458 4320 jure
484 4246 590 4304 merito
615 4245 784 4322 recipimus,
807 4247 907 4321 quiin
960 4264 1036 4316 mus,
1056 4245 1115 4304 nisi
1132 4247 1228 4304 lector
1248 4251 1413 4305 moneatur.
1432 4246 1527 4321 Cujus
1546 4251 1647 4303 tamen
1666 4245 1713 4302 in·

162 4335 271 4392 codicis
289 4335 340 4392 fol.
360 4337 412 4391 196
430 4335 468 4392 ad
487 4335 600 4392 calcem
618 4336 718 4409 operis
741 4337 863 4409 legitur.
875 4369 911 4380 -
966 4336 1166 4410 terpuuctioni
1176 4337 1386 4410 valediximus,
1396 4337 1442 4394 uti
1452 4335 1711 4406 insolentissimae,

140 4467 142 4474 ι
161 4427 245 4494 Quae
263 4426 380 4483 inclusa
398 4425 447 4482 hio
466 4433 538 4484 sunt
556 4434 587 4484 et
605 4427 636 4484 in
653 4427 849 4501 sequentibus
861 4445 912 4501 pa-
966 4424 1002 4480 de
1022 4443 1082 4498 qua
1100 4430 1201 4482 tamen
1214 4443 1311 4498 pauca
1322 4425 1471 4499 prolibare
1483 4425 1514 4482 iu
1533 4425 1713 4498 prolegome-

162 4515 249 4588 ginis,
268 4533 391 4588 prorsus
410 4515 440 4571 in
459 4514 560 4572 codice
579 4523 775 4587 evanuerunt,
797 4535 854 4574 neo
871 4518 912 4574 le·
965 4513 1013 4572 nis
1031 4514 1142 4572 nostris
1160 4533 1220 4572 non
1239 4515 1413 4573 omittimus.

163 4611 276 4677 guntur
294 4604 353 4662 nisi
370 4605 402 4662 in
421 4606 592 4679 apographo
610 4605 791 4663 Barbariana
810 4607 913 4664 biblio·
1001 4604 1023 4678 ²)
1043 4604 1115 4660 Inde
1134 4603 1281 4677 incipiunt
1300 4605 1331 4660 in
1343 4623 1437 4678 marg.
1452 4603 1658 4662 distinctiones
1673 4606 1713 4674 κ’,

163 4692 276 4762 thecae,
295 4693 438 4766 inscripto
457 4693 480 4765 I,
494 4693 537 4765 65,
554 4700 635 4750 certa
649 4699 680 4751 et
694 4695 803 4768 duplici
821 4713 912 4752 manu
966 4694 1005 4762 B',
1029 4693 1064 4760 Γ,
1088 4709 1163 4766 quas
1189 4694 1363 4766 plerumque
1386 4693 1487 4750 omisit
1510 4693 1715 4767 apographum

163 4781 264 4838 Lucae
289 4782 439 4840 Holstcnii
458 4791 489 4840 et
511 4781 622 4841 Leonis
648 4783 754 4842 Allatii
777 4783 911 4842 vicissim
963 4783 1117 4840 Barbetiu.
1136 4789 1172 4840 ut
1190 4801 1266 4856 quae
1285 4783 1398 4841 veteris
1410 4784 1511 4856 potius
1522 4783 1714 4841 amanuensis

165 4877 300 4928 exarato:
314 4871 352 4928 ad
364 4873 514 4930 Holstenii
525 4873 615 4931 fidem
627 4874 744 4931 inclusa
761 4891 799 4932 ex
811 4874 863 4930 fol.
875 4877 911 4930 42
964 4890 1054 4944 quem
1073 4872 1204 4930 auctoris
1223 4878 1301 4929 sunt.

164 4960 377 5018 rescribuntur.
391 4964 434 5020 Ne
447 4963 572 5020 nimium
584 4964 789 5022 obscurissimi
801 4964 910 5022 codicis
1000 4963 1023 5036 ³)
1042 4967 1128 5023 Πάοηι
1148 4964 1185 5019 H.
1199 4962 1299 5020 Codex
1319 4970 1354 5020 ut
1372 4981 1435 5035 nos,
1450 4968 1482 5020 et
1500 4963 1543 5020 sic
1562 4963 1593 5019 in
1612 4962 1715 5021 simili·

165 5047 312 5122 scriptura
329 5049 496 5124 intercepte
515 5051 571 5124 sit,
590 5047 742 5125 frequenti
763 5053 910 5110 notationi
964 5053 1022 5109 bus
1047 5051 1253 5124 varietatibus,
1280 5069 1356 5124 quae
1382 5053 1450 5110 fort.
1470 5059 1541 5110 suut
1565 5053 1717 5110 Holstenii

164 5139 354 5212 parcendum,
372 5141 421 5196 oui
438 5159 526 5214 porro
545 5142 732 5215 supplebitur
749 5142 828 5200 infra
845 5150 910 5200 tum
965 5141 1164 5200 correctiones
1183 5147 1237 5198 aut
1255 5142 1456 5215 conjecturae.
1755 5135 1758 5142 ⁴

165 5227 355 5299 onomeetico,
365 5233 431 5285 turn
443 5229 547 5301 lexico,
557 5235 622 5286 tum
635 5229 738 5288 critico
751 5231 911 5305 qualicum-
999 5233 1024 5304 ⁴)
1042 5233 1091 5284 τῶν
1111 5233 1180 5284 trior
1201 5230 1231 5286 H
1243 5231 1330 5291 male.
1344 5230 1387 5288 cf.
1400 5231 1491 5304 paulo
1505 5248 1597 5304 supra
1610 5235 1636 5285 ri
1650 5235 1713 5285 ίιῒον

166 5334 224 5388 que
243 5317 463 5375 commentario.
480 5318 618 5377 Godioem
642 5318 783 5392 religiose
809 5319 911 5378 referi·
966 5322 1050 5382 etrie-

308 5443 404 5500 Auru.
425 5458 452 5516 v,
474 5445 496 5500 1.
