3978 6070
299 521 350 578 126
705 507 806 584 Plato
824 511 867 585 de
885 509 993 584 ύναίῖε
1011 509 1159 584 vicissim
1177 513 1316 587 ιιιιιῖαίίε
1334 516 1431 588 tacet.

298 686 351 749 καί
375 695 438 750 τῶν
464 677 496 762 ἐξ
522 683 644 774 ἄρρενος
662 688 704 759 εἰς
721 681 801 756 θῆλυ
819 681 837 756 ή
856 693 918 748 τῶν
935 684 970 748 έκ
987 682 1096 760 θήλεος
1112 687 1152 760 εὶς
1170 683 1257 774 ἄρρεν
1284 683 1360 750 ἰέναι
1380 675 1607 776 διενεγκούσας.
1631 685 1758 750 Τούτων
1781 684 1843 777 γὰρ

300 792 467 883 ῥηθέντων,
491 794 632 857 ἐλείπετο
656 791 709 855 καί
733 791 792 862 τήν
817 791 958 880 ἐσχάτην
983 796 1077 856 εἰπεῖν
1096 785 1288 880 μεταύολήν,
1305 791 1365 864 τήν
1383 796 1417 856 ἑκ
1435 791 1547 883 θηρίων
1573 798 1614 868 είς
1640 793 1731 884 θηρία
1755 819 1845 885 γενο-

299 904 407 992 μένην,
430 901 468 974 ήν
493 907 690 976 τελευταῖαν,
707 900 760 964 καί
777 901 870 976 αύτός
886 899 1070 991 προσέθηκε,
1090 892 1227 990 διορίζων
1245 901 1298 965 καί
1314 900 1364 966 ἐπὶ
1381 901 1511 986 τούτων,
1530 904 1579 966 ότι
1600 901 1641 967 τά
1666 903 1720 991 μέν
1746 895 1841 969 ἄδικα

298 1023 355 1087 τῆς
371 1005 453 1089 ζωῆς
472 1001 539 1083 είδη
559 1003 756 1100 μετέύαλλεν
772 1015 812 1086 είς
825 1009 866 1074 τά
880 1010 1065 1099 ἀγριώτερα,
1079 1008 1121 1073 τά
1135 999 1168 1073 δὲ
1182 998 1287 1072 δίκαιοι
1306 1013 1347 1085 είς
1360 1010 1402 1074 τοὶ
1414 1009 1607 1100 ῆμερώτερα·
1622 1011 1676 1075 καί
1688 1012 1738 1076 ἐπὶ
1750 1021 1843 1076 πᾶσιν

256 1151 268 1187 ε
297 1121 450 1210 ἐπήνεγκε
466 1131 531 1194 τοῖς
548 1109 658 1184 εἴδεσιν
675 1127 737 1183 τῶν
757 1109 941 1206 μεταύολῶν
958 1115 1011 1180 καί
1027 1116 1128 1191 πάσας
1146 1107 1241 1205 μίξεις
1253 1114 1276 1204 ¹)
1293 1114 1460 1206 μίγνυσθαι
1477 1115 1532 1194 τάς
1549 1111 1639 1196 ζωάς,
1657 1118 1749 1208 πέρας
1774 1122 1843 1184 ἐπι-

295 1228 391 1304 τιθείς
411 1238 452 1313 τῇ
479 1229 541 1311 ὅλῳ
566 1218 710 1317 διαιρέσει
733 1235 795 1316 τῶν
822 1227 895 1309 βίων
920 1223 1032 1290 κοινόν·
1049 1234 1136 1290 πᾶσα
1154 1216 1187 1290 δέ
1211 1219 1291 1314 μίξις
1316 1226 1388 1298 ήέκ
1404 1237 1466 1292 τῶν
1483 1229 1598 1317 ὁμοίων
1616 1233 1658 1304 είς
1682 1227 1725 1293 τά
1748 1231 1842 1317 ὅμοια

295 1335 467 1400 καὶτοῦτο
491 1325 595 1424 διχῶς·
619 1339 654 1400 ἐκ
677 1338 812 1424 λογικῶν
827 1331 853 1417 ²)

295 1555 318 1620 f.
346 1555 425 1621 177:
453 1554 506 1638 [εἰς
529 1549 644 1641 λογικίι
668 1550 721 1615 καί
745 1544 777 1630 ἐξ
802 1551 924 1641 ἀλόγων
950 1557 989 1628 εἰς
1014 1549 1126 1642 ἄλογα,
1152 1551 1170 1623 ή
1196 1543 1229 1628 ἐξ
1254 1552 1405 1639 ἀνομοίων
1431 1555 1472 1626 εἰς
1498 1552 1638 1640 ἀνόμοια·
1663 1552 1717 1616 καί
1745 1561 1842 1618 τοῦτο

240 1688 267 1726 ιο
294 1663 389 1728 πάλιν
415 1653 534 1750 διψχῶς,
558 1659 577 1734 ή
596 1652 629 1738 ἐξ
646 1660 768 1750 ἀλόγων
795 1665 836 1736 εἰς
851 1658 966 1749 λογικά
983 1655 1034 1724 διά
1049 1713 1056 1726 .
1071 1712 1101 1728 ..
1128 1661 1272 1748 [μουσῶν]
1291 1656 1407 1748 ψυχῶν,
1425 1659 1444 1732 ή
1462 1663 1497 1726 έκ
1513 1665 1648 1752 λογικῶν
1666 1668 1706 1740 είς
1728 1663 1840 1754 ἀλογα,

295 1770 348 1836 καί
371 1780 474 1835 ταῦτα
498 1767 553 1857 μέν
578 1759 672 1851 δῆλα,
689 1758 740 1832 διά
755 1776 818 1832 τῶν
835 1765 1008 1857 ἔμπροσθεν
1025 1772 1101 1856 ἡμῖν
1118 1767 1295 1860 λεγομένων
1311 1769 1346 1851 3)·
1363 1767 1382 1832 ἀ
1399 1759 1432 1832 δέ
1456 1772 1627 1835 τελευταῖα
1649 1770 1841 1862 προσέθηκεν

295 1879 459 1961 σκεπτέον,
483 1878 559 1942 ὅταν
576 1877 653 1967 λέγῃ
666 1877 694 1962 ⁴)
709 1873 750 1940 τά
766 1867 861 1940 ἄδικα
879 1882 920 1953 εἰς
937 1873 979 1940 τά
995 1874 1098 1965 ἄγρια,
1115 1874 1168 1939 καί
1185 1876 1225 1939 τά
1243 1866 1349 1940 δίκαια
1368 1868 1581 1964 μεταύάλλειν
1600 1882 1640 1954 είς
1663 1877 1706 1943 τά
1726 1881 1839 1969 ήμερα,

293 1989 424 2080 πότερον
443 1987 565 2076 ἀλόγων
584 1980 722 2068 εἶναιτῷ
739 1985 806 2050 όντι
823 1988 1010 2074 μετοικίσεις
1026 1981 1133 2073 ψυχῶν
1151 1989 1192 2060 είς
1209 1983 1294 2049 ἀλλα
1310 1978 1374 2067 ζῷα
1392 1983 1504 2076 ἀλογα,
1523 1981 1586 2050 οἷον
1603 1989 1722 2062 κυνείας
1739 1985 1840 2076 ψυχῆς

296 2103 339 2174 είς
364 2101 483 2162 ἵππειον
508 2088 586 2178 ζῷον
611 2093 789 2184 μετιούσης,
813 2095 833 2166 ή
858 2093 911 2159 καί
933 2093 1053 2169 ταύτας
1077 2089 1183 2182 ψυχῶν
1209 2091 1264 2182 μὲν
1289 2091 1504 2183 ἀνθρωπίνων,
1531 2085 1781 2182 μετενδυομένων
1807 2085 1841 2158 δὲ

240 2224 266 2263 ¹⁵
295 2207 356 2272 ἀπὸ
381 2205 504 2297 ἀλόγων
527 2209 568 2280 εἰς
592 2202 705 2294 ἄλογα,
730 2203 784 2267 καί
808 2205 869 2269 ἀπό
894 2201 949 2294 μέν
973 2211 1036 2267 τῶν
1061 2193 1256 2290 ἀδικωτέρων
1280 2195 1377 2280 ζώων,
1407 2199 1470 2266 οἷον
1497 2203 1620 2267 ίκτίνων
1652 2203 1706 2266 καί
1728 2201 1840 2278 λύκων,

294 2314 348 2379 καί
372 2315 430 2378 ὅσα
454 2310 632 2402 ἀρπακτικά
655 2317 696 2387 εἰς
720 2309 762 2376 τά
784 2310 878 2401 ἄγρια
896 2309 1144 2401 μεθισταμένων,
1161 2307 1223 2376 οἷον
1241 2312 1299 2376 ὅσα
1317 2303 1437 2392 ίοόόλα,
1461 2309 1481 2374 ἀ
1506 2301 1544 2382 δή
1569 2315 1731 2388 παντελῶς
1755 2314 1838 2376 ἐστιν

294 2422 444 2512 ἀνήμερα·
469 2421 530 2485 ἀπὸ
555 2411 589 2486 δὲ
612 2428 675 2485 τῶν
700 2410 912 2510 δικαιοτέρων,
936 2417 999 2485 οἷον
1022 2424 1200 2510 πελαργῶν,
1225 2418 1280 2483 καί
1299 2416 1449 2483 τοιούτων
1467 2417 1572 2482 ἄλλων
1597 2421 1637 2493 είς
1661 2417 1704 2482 τά
1727 2419 1838 2508 ήμερα,

294 2527 357 2597 οἷον
383 2531 531 2617 μελίσσας
555 2528 609 2592 καὶ
633 2527 816 2618 μύρμηκας·
843 2527 863 2592 ἀ
888 2519 926 2600 δή
951 2527 1102 2594 πολιτικά
1125 2526 1199 2618 γένη
1226 2525 1280 2591 καί
1304 2528 1408 2616 ἥμερα
1434 2535 1599 2615 προσεῖπεν
1624 2527 1716 2601 αὐτὸς
1740 2528 1771 2590 ἐν
1794 2535 1838 2608 τῷ

293 2629 442 2720 Φαίδωνι,
467 2635 509 2702 τά
534 2635 588 2727 μέν
614 2639 791 2720 βασιλικῆς,
813 2635 856 2701 τά
879 2627 913 2702 δὲ
936 2640 1134 2726 οἰκονομικῆς
1152 2637 1268 2725 ἔχοντα
1284 2627 1365 2714 ζωῆς
1386 2637 1478 2725 ίχνος.
1498 2673 1538 2685 -
1557 2635 1685 2700 Τούτων
1702 2626 1739 2706 δή
1765 2657 1839 2725 προ-

293 2745 442 2836 κειμένων
466 2749 508 2820 είς
532 2738 685 2827 ζήτησιν,
708 2745 848 2836 λέγωμεν
865 2745 888 2827 ⁶)
914 2746 963 2810 ὅτι
986 2743 1039 2808 καί
1062 2743 1182 2819 ταύτας
1206 2741 1263 2820 τάς
1288 2737 1466 2832 μετοιύολάς
1490 2749 1546 2809 ούκ
1574 2744 1697 2834 ἀλόγων
1722 2740 1838 2832 ψυχῶν,

295 2858 365 2920 ἀλλ’
392 2851 588 2943 ἀνθρωπίνων
613 2851 731 2918 οἴεσθαι
748 2845 796 2918 δεῖ
810 2851 957 2944 λέγεσθαι
973 2851 1059 2942 παρά
1075 2864 1129 2918 τοῦ
1148 2852 1326 2929 Πλάτωνος,
1343 2853 1397 2918 καὶ
1412 2854 1483 2944 περὶ
1498 2852 1618 2918 τούτων
1636 2847 1712 2919 εἶναι
1737 2851 1837 2940 μόνων

294 2967 400 3039 ἁπλῶς
416 2961 584 3050 σύμπαντα
596 2962 651 3026 τόν
668 2962 818 3053 περὶτῶν
837 2961 1150 3052 μετενσωματώσεων
1168 2965 1253 3045 αύτῷ
1269 2962 1375 3053 λόγον,
1393 2973 1488 3027 τοῦτο
1506 2953 1540 3028 δὲ
1555 2967 1645 3053 ήμεῖς
1662 2965 1697 3026 ἐκ
1712 2964 1837 3024 πολλῶν

294 3061 506 3160 ἀποδείξομεν.
531 3075 658 3158 Πρῶτον
684 3067 739 3156 μὲν
770 3067 870 3161 γάρθ)
895 3073 911 3133 ό
935 3081 991 3135 τοῦ
1014 3071 1177 3160 προφήτου
1201 3071 1295 3164 λόγος
1327 3075 1360 3136 ού
1384 3073 1459 3162 πρός
1484 3071 1630 3162 ἀλόγους,
1655 3069 1737 3136 ἀλλά
1763 3069 1837 3160 πρὸς

293 3175 423 3271 λογικάς
447 3173 485 3252 ἧν
509 3171 621 3266 ψυχάς,
645 3180 767 3266 γελοῖον
791 3177 852 3268 γὰρ
877 3177 1002 3268 ἀλόγοις
1026 3178 1142 3270 λέγειν·
1171 3178 1359 3270 “Ἀνοἰγκης
1383 3179 1537 3271 θυγατρός
1562 3179 1656 3268 κόρης
1678 3181 1842 3268 Λαχέσεως

294 3280 347 3354 ὅδε
370 3289 475 3377 λόγος,
498 3285 553 3350 καί
577 3289 635 3375 ούχ
666 3291 744 3375 ὑμᾶς
774 3280 906 3366 λήξεται
937 3279 1067 3376 δαίμων,
1092 3291 1164 3352 ἀλλ’
1189 3293 1275 3378 ὑμεῖς
1300 3279 1450 3376 δαίμονας
1480 3285 1653 3378 αἱρήσεσθε,
1677 3287 1731 3350 καί
1754 3287 1839 3351 αἰτία

294 3397 453 3487 ἑλομένου,
479 3393 544 3470 θεὸς
569 3396 746 3475 ἀναίτιος,.
771 3395 832 3460 Καὶ
859 3397 1058 3480 ιίτελευτοιίῳ
1082 3397 1201 3462 ἐπιόντι
1225 3397 1279 3462 σύν
1302 3407 1344 3481 νῷ
1368 3397 1515 3486 ἑλομένῳ,
1540 3395 1693 3470 συντόνως
1718 3388 1812 3473 ζῶντι

294 3619 317 3684 f.
333 3616 394 3682 177
409 3635 457 3680 v.:
475 3609 613 3697 xsffwfl)
628 3612 691 3695 βίος
706 3613 897 3704 ἀγαψπητός,
911 3615 945 3678 ού
962 3613 1083 3693 κακός,
1103 3667 1109 3681 .
1126 3668 1133 3683 .
1149 3669 1156 3682 .
1170 3639 1265 3689 τηνον
1281 3665 1287 3678 .
1302 3664 1309 3677 .
1323 3663 1330 3677 .
1344 3612 1468 3699 έτεινεν]
1488 3611 1561 3702 πρός
1581 3609 1648 3697 [τὰς
1665 3611 1836 3701 φρονήσεως

295 3721 500 3816 μετεχούσας]
524 3721 652 3798 ἐπαΐειν,
670 3725 728 3810 ούχ
752 3722 881 3787 ὅτιτῶν
900 3723 962 3787 ἀπὸ
985 3733 1037 3787 νοῦ
1061 3717 1236 3789 ποιούντων
1247 3723 1271 3808 ⁸)
1289 3723 1404 3814 λόγων,
1421 3723 1488 3786 ἀλλ’
1517 3710 1587 3786 οὐδὲ
1610 3722 1688 3796 όλως
1711 3718 1838 3808 λογικάς

292 3831 403 3921 ψυχάς,
427 3823 498 3897 οὐδὲ
522 3829 574 3895 σύν
598 3840 639 3913 νῷ
663 3854 695 3894 τι
719 3821 892 3921 δυναμένας
918 3829 1069 3921 αἱρεῖσθαι
1092 3833 1146 3897 καί
1174 3832 1338 3921 πράττειν.
1363 3869 1405 3880 -
1425 3831 1558 3895 Ἔπειτα
1582 3830 1636 3894 ὅτε
1661 3819 1798 3917 διώριζεν
1810 3825 1836 3912 ⁹)

293 3942 384 4016 αύτός
407 3949 471 4015 πῶς
496 3931 543 4005 δεῖ
565 3938 721 4004 ποιεῖσθαι
746 3939 801 4016 τάς
826 3940 972 4030 αἱρέσεις,
997 3941 1050 4004 καί
1076 3943 1181 4034 ἔλεγεν
1205 3938 1308 4031 ψυχῆς
1338 3933 1426 4018 τάξιν
1459 3938 1502 4028 μή
1534 3943 1647 4004 ἐνεῖναι
1671 3946 1774 4027 σαφῶς
1797 3941 1836 4010 ῶς

291 4045 413 4138 περὶίθ)
437 4050 572 4137 λογικῶν
598 4037 756 4137 διελέγετο
780 4044 898 4137 ψυχῶν·
924 4048 1044 4124 ταύτας
1069 4047 1128 4140 γάρ
1152 4043 1240 4128 ήξίου
1265 4048 1308 4138 μή
1334 4045 1570 4121 έκπλήττεσθαι
1592 4047 1651 4111 ὑπὸ
1680 4035 1838 4132 δυνάμεων

291 4156 344 4220 καὶ
360 4157 418 4221 ὑπό
441 4155 586 4220 πλούτων
610 4155 663 4217 καί
687 4157 858 4246 εύγενειῶν,
885 4155 968 4220 ἀλλά
992 4158 1089 4247 κρίσιν
1113 4159 1275 4246 έρίστανεν
1300 4167 1365 4232 τοῖς
1392 4157 1479 4240 βίοις,
1504 4155 1557 4219 καί
1577 4163 1703 4219 σκοπεῖν
1720 4153 1774 4216 τόν
1797 4155 1838 4225 εἰς

291 4255 489 4351 εὐδαιμονίαν
521 4261 606 4352 ἄγειν
632 4265 752 4350 μᾶλλον
780 4251 951 4352 δυνάμενον
975 4266 1011 4328 έκ
1034 4273 1096 4330 τῶν
1120 4266 1375 4356 προτεινομένων,
1400 4269 1430 4330 ἐν
1454 4263 1577 4339 τούτοις
1604 4253 1641 4333 δή
1668 4269 1760 4326 πᾶσιν
1784 4260 1838 4323 καί

290 4379 356 4446 τοῖς
379 4368 551 4452 τοιούτοις,
575 4359 670 4447 δῆλος
696 4363 747 4436 ούν
772 4377 806 4438 ού
829 4372 900 4463 περί
924 4373 1066 4464 ἀλόγων,
1091 4373 1176 4439 αλλά
1199 4375 1269 4465 περὶ
1296 4379 1432 4465 λογικῶν
1465 4373 1558 4463 μόνον
1574 4411 1576 4421 =
1591 4362 1837 4458 διαταττόμενος

291 4476 410 4569 ψυχῶν.
434 4485 513 4544 Ποῖα
536 4477 597 4570 γάρ
622 4473 769 4558 ἔκπληξις
794 4479 814 4552 ἢ
839 4483 936 4571 κρίσις
959 4482 1099 4548 πλούτου
1123 4483 1178 4548 καί
1200 4485 1308 4558 πενίας
1332 4483 1386 4546 καί
1410 4473 1568 4571 δυνάμεως
1591 4479 1645 4544 καί
1668 4469 1838 4564 ἀδυναμίας

237 4621 264 4661 ³⁵
291 4588 344 4654 καί
367 4600 424 4664 τῆς
448 4593 484 4654 ἐκ
500 4587 623 4664 τούτοις
641 4588 817 4676 μεσότητος
834 4591 865 4654 έν
882 4589 1025 4679 ἀλόγοις;
1043 4594 1214 4683 -Τρίτον
1232 4591 1335 4655 τοίνυν
1353 4587 1434 4680 μετὰ
1450 4589 1488 4653 τό
1513 4591 1742 4676 συμπληρῶσαι
1765 4583 1837 4658 τούς

328 4825 349 4894 ¹)
369 4825 456 4897 μίξεις,
475 4822 511 4880 of.
530 4841 559 4898 p.
579 4824 638 4894 120,
658 4842 686 4881 n.
707 4825 731 4880 1.
1141 4827 1164 4901 θ)
1182 4827 1220 4882 Η.
1239 4825 1259 4882 f.
1282 4825 1344 4882 113.

328 4914 352 4986 ²)
370 4915 409 4970 M.
428 4913 524 4969 multa
542 4930 598 4969 om.
618 4930 714 4985 usque
733 4913 771 4970 ad
790 4919 861 4974 δῆλα.
1139 4918 1163 4990 ⁷)
1182 4916 1221 4971 M.
1241 4916 1328 4988 plura
1341 4931 1396 4970 om.
1410 4930 1506 4987 usque
1526 4912 1563 4969 ad
1582 4912 1626 4980 οὐχ
1646 4913 1689 4964 ὅτι.
1709 4910 1747 4966 Η.
1760 4908 1839 4966 malo

327 5004 350 5075 ³)
367 5003 404 5057 H.
424 5000 445 5058 f.
465 5003 518 5057 112
536 5019 565 5059 v.
591 5002 658 5058 Huc
683 5003 812 5059 recurrit
836 5021 942 5061 manus
967 5004 1038 5061 Hol·
1092 5007 1220 5064 obscura
1238 5003 1430 5078 introspexit,
1449 5002 1542 5061 verba
1563 4999 1698 5058 Platonis
1716 4998 1839 5055 minime

293 5091 391 5148 stenii.
411 5092 496 5150 Idem
515 5091 546 5148 in
565 5091 628 5149 cod.
641 5092 763 5150 Barber.
776 5096 914 5168 λεγομένων
927 5112 1038 5168 expun·
1093 5094 1272 5168 suspicatus.

291 5185 350 5250 cto,
371 5181 462 5238 habet
480 5183 586 5256 γέγονεν.
1140 5187 1162 5255 ³)
1181 5184 1221 5239 M.
1241 5185 1382 5254 προϊόντων.

326 5272 350 5342 ⁴)
369 5271 407 5324 H·
426 5271 503 5344 λέγει.
1138 5277 1162 5345 ⁹)
1179 5273 1216 5329 Η.
1236 5275 1345 5346 διέριζεν.
1363 5273 1401 5329 Μ.
1423 5271 1456 5333 οἷς
1477 5277 1542 5344 διωρ.

327 5359 351 5436 ⁵)
370 5360 407 5416 H.
426 5363 538 5437 λέγομεν.
1129 5363 1164 5439 ¹⁰)
1182 5363 1222 5422 M.
1242 5364 1333 5435 ὥσπερ.
