4006 6074
867 497 913 570 Io
941 496 1214 592 Heptateuchum

1022 890 1065 957 11.

316 1107 386 1174 Ful.
410 1110 464 1174 49.
487 1107 540 1176 De
563 1110 698 1176 11111111
713 1108 851 1194 Moysis,
869 1145 912 1158 -
929 1107 1019 1176 Sicut
1034 1109 1118 1175 enim
1134 1108 1235 1176 Jacob
1255 1132 1385 1176 manum
1402 1112 1500 1196 prius,
1520 1114 1595 1181 dum
1619 1120 1815 1193 nasceretur,

224 1243 225 1247 ¹
245 1235 249 1242 ·
269 1217 376 1284 emisit
398 1239 438 1283 ex
461 1221 564 1298 utero,
588 1239 669 1303 quae
692 1218 789 1284 etiam
813 1219 925 1303 pedem
940 1219 1179 1303 praenascentis
1196 1217 1306 1285 fratris
1330 1220 1470 1302 tenebat,
1494 1221 1605 1288 deinde
1628 1223 1741 1308 utique
1765 1245 1815 1288 se·

270 1332 381 1395 cutum
404 1333 453 1395 est
475 1332 584 1412 caput,
600 1332 671 1394 tum
687 1327 814 1394 demum
829 1327 1006 1394 necessario
1022 1327 1165 1393 membra
1178 1349 1263 1416 ¹quse
1279 1332 1389 1395 secuta
1404 1333 1490 1409 sunt,
1513 1330 1568 1396 sed
1591 1331 1688 1397 etiam
1711 1332 1815 1416 ipsam

271 1460 401 1504 manum
417 1459 499 1522 qnae
514 1438 600 1502 inter
614 1436 807 1503 nascendum
823 1433 1005 1518 praecessit,
1023 1433 1180 1518 dignitate
1196 1455 1233 1500 ac
1248 1437 1409 1518 potestate
1424 1435 1597 1520 praecedit,
1614 1440 1647 1503 et
1669 1437 1817 1522 quamvis

267 1569 331 1613 non
356 1551 501 1632 tempore
525 1543 753 1630 adprehendit,
778 1549 885 1609 tamen
908 1546 1042 1610 naturae
1065 1542 1181 1608 vidisse
1204 1542 1294 1626 prius
1319 1548 1384 1610 est:
1407 1543 1455 1609 ita
1478 1548 1511 1610 11
1541 1544 1697 1612 Dominus
1719 1546 1815 1612 Jesus

268 1653 424 1738 Christus,
450 1655 509 1720 etsi
533 1657 705 1738 antequam
728 1655 898 1736 appareret
919 1651 953 1716 in
964 1645 1064 1718 'carne
1080 1654 1113 1716 et
1134 1650 1366 1735 quodammodo
1390 1673 1426 1716 ex
1449 1655 1542 1719 utero
1565 1652 1678 1720 secreti
1700 1654 1749 1720 eui
1772 1653 1814 1722 ad

267 1763 433 1829 hominum
457 1761 566 1828 oculos
588 1761 745 1828 mediator
767 1760 827 1826 Dei
850 1764 883 1825 11
914 1759 1096 1841 hominum,
1121 1759 1217 1825 homo
1240 1760 1444 1844 procederet,
1471 1761 1557 1846 “qui
1583 1783 1681 1846 super
1703 1784 1814 1828 omnes

267 1871 354 1937 Deus
377 1870 563 1938 benedictus
585 1874 635 1936 est
661 1869 706 1952 (in
729 1866 899 1952 saecula),
925 1867 1032 1951 (Rom.
1056 1890 1077 1947 1,
1103 1867 1170 1947 25),
1186 1865 1351 1951 praemisit
1367 1867 1401 1931 in
1423 1868 1540 1934 sanctis
1563 1869 1754 1952 patriarchis
1779 1873 1813 1935 et

268 1979 434 2064 prophetis
457 1978 627 2064 quamdam
653 1982 777 2062 partem
800 1976 942 2062 eorporis
964 1975 1024 2056 sni,
1047 1996 1111 2060 qua
1133 1973 1222 2040 velut
1245 1995 1392 2040 manusc
1409 1975 1607 2043 nasciturum
1630 1999 1698 2044 esse
1720 1999 1816 2063 prae-

267 2085 420 2151 nuntians
437 2085 532 2150 etiam
550 2085 705 2169 populum
722 2083 891 2168 superbiae
907 2083 1149 2168 praecedentem
1165 2083 1300 2148 vinculis
1315 2083 1397 2168 legis
1413 2087 1566 2169 tanquam
1589 2085 1699 2170 digitis
1721 2085 1816 2170 quin·

266 2217 329 2280 que
352 2193 550 2280 supplantat,
574 2193 650 2278 quia
673 2197 705 2258 11
735 2215 793 2278 per
823 2193 964 2277 quinque
994 2197 1176 2277 temporum
1206 2191 1358 2259 articulos
1390 2193 1610 2278 praenuntiari
1640 2198 1813 2259 venturum

268 2302 518 2389 prophetarique
542 2323 606 2367 non
630 2300 764 2394 destitit.
790 2300 832 2365 Et
855 2301 930 2367 huic
953 2301 1001 2366 rei
1031 2323 1225 2381 consonans,
1249 2322 1426 2387 perquem
1450 2301 1502 2368 lex
1526 2301 1600 2368 date
1621 2306 1689 2385 est,
1712 2303 1815 2369 libros

269 2412 409 2497 quinque
433 2409 632 2494 conscripsit,
656 2412 689 2475 et
704 2407 854 2494 superbia
870 2409 1043 2475 carnaliter
1058 2409 1235 2490 sentientia,
1253 2414 1286 2475 et
1301 2433 1389 2476 suam
1403 2411 1564 2496 justitiam
1579 2410 1717 2476 volentis
1740 2432 1817 2477 con-

267 2520 404 2585 stituere
428 2539 492 2584 non
516 2522 626 2603 aperte
649 2539 747 2584 manu
771 2515 893 2583 Christi
916 2517 1055 2601 repleti:
1079 2517 1188 2603 itaque
1211 2517 1275 2584 illis
1299 2518 1434 2604 obligati
1462 2523 1539 2586 sunt
1560 2520 1655 2604 pedes
1678 2523 1712 2585 ct
1734 2519 1818 2586 ceci·

266 2627 392 2694 derunt.

315 2734 386 2802 Nos
409 2756 485 2802 vero
508 2734 705 2801 surreximus
721 2739 754 2800 et
769 2733 867 2800 erecti
882 2753 993 2799 sumus
1009 2731 1154 2816 quamvis
1169 2733 1248 2818 eigo
1263 2736 1300 2799 ut
1323 2733 1420 2814 Deus,
1435 2733 1636 2818 praemiserit
1658 2733 1818 2800 Dominus

267 2844 413 2912 Christus
436 2844 605 2929 quamdam
630 2847 755 2927 partem
778 2843 828 2908 sui
851 2841 994 2926 eorporis
1017 2841 1051 2905 in
1075 2841 1193 2907 sanctis
1217 2841 1292 2922 suis,
1317 2841 1372 2925 qui
1401 2863 1474 2907 eum
1496 2843 1646 2910 nascendi
1668 2847 1815 2927 tempora

267 2953 485 3040 praeiverunt,
510 2957 616 3018 tamen
641 2952 708 3036 ipse
731 2955 780 3018 est
803 2954 901 3035 caput
932 2947 1076 3034 corporis
1099 2949 1270 3030 Ecclesiae,
1293 2948 1352 3030 illi,
1376 2949 1521 3032 quamvis
1545 2949 1647 3015 eidem
1670 2971 1817 3035 corpore,

270 3061 362 3146 cujus
386 3059 441 3125 ille
465 3064 563 3144 caput
587 3063 645 3140 est,
669 3059 880 3126 cohaeserunt
902 3058 1059 3125 credendo
1081 3059 1114 3122 in
1137 3081 1211 3124 eum
1233 3079 1328 3142 quem
1345 3058 1625 3143 praenuntiabant,
1640 3080 1705 3124 non
1729 3059 1814 3125 enim

270 3168 505 3255 praecurrendo
523 3167 645 3234 divulsi
668 3173 753 3250 sunt,
770 3168 825 3234 sed
840 3168 982 3253 adjuncti
999 3167 1110 3250 socios,
1127 3167 1346 3251 obsequendo:
1363 3189 1438 3232 nam
1454 3166 1514 3231 etsi
1530 3187 1643 3232 manus
1667 3190 1686 3233 a
1708 3168 1816 3253 capite

268 3277 433 3364 praemitti
457 3280 576 3362 potest,
601 3277 754 3343 connexio
778 3277 977 3362 tamenejus
999 3277 1059 3342 sub
1079 3277 1183 3360 capite
1207 3279 1265 3341 est.

1014 3601 1073 3667 111.

313 3818 381 3884 Fol.
408 3820 462 3884 53.
486 3817 530 3884 11
554 3818 635 3886 libro
658 3819 702 3886 od
733 3819 940 3887 Dardanum.
965 3854 1008 3867 -
1031 3818 1093 3885 Illa
1115 3818 1149 3884 in
1179 3821 1274 3884 utero
1304 3817 1467 3884 Rebeccae
1496 3815 1585 3883 lucto
1613 3815 1815 3900 geminorum

273 3947 373 4010 usque
398 3925 476 3992 adeo
498 3925 684 4011 prodigium
706 3925 778 4008 luit,
802 3931 839 3993 ut
862 3927 1003 3992 divinum
1020 3931 1191 4012 propterea
1205 3925 1321 3992 mulier
1337 3924 1501 3994 oraculum
1516 3946 1681 4010 quaerens,
1704 3927 1738 3990 et
1760 3946 1818 3989 au·

276 4032 373 4097 dierit
395 4032 428 4097 in
451 4031 575 4098 duobus
597 4031 664 4098 illis
687 4032 853 4100 infantulis
876 4035 955 4100 duos
979 4034 1115 4120 populos
1132 4057 1199 4102 esse
1218 4035 1385 4120 figuratos.
1401 4033 1464 4111 Qui
1487 4033 1576 4119 prius
1599 4053 1744 4118 egressus
1768 4035 1818 4098 est

269 4138 360 4205 rufus
385 4144 418 4205 et
441 4143 529 4206 totus
552 4140 586 4205 in
609 4163 731 4207 moram
754 4141 846 4226 pellis
870 4142 1025 4228 hispidus.

1012 4464 1070 4532 IV.

312 4680 381 4748 Fol.
407 4683 460 4747 65.
484 4681 576 4748 Jeda
598 4688 628 4747 11
656 4679 835 4749 laudabunt
863 4682 987 4765 fratres
1018 4684 1077 4750 tui.
1102 4683 1288 4748 —Beatus
1320 4679 1521 4766 Augustinus
1552 4681 1589 4747 ia
1619 4680 1816 4762 expositione

262 4790 389 4873 psalmi
411 4789 518 4855 LXX
524 4788 601 4855 VII.
626 4823 669 4836 -·-
691 4789 786 4855 Falsa
810 4793 885 4856 sunt
908 4790 980 4872 ista,
997 4791 1134 4858 obscura
1149 4795 1224 4856 sunt
1240 4791 1312 4871 iste,
1329 4791 1356 4855 si
1371 4812 1435 4855 non
1450 4789 1484 4854 in
1501 4787 1639 4870 Christo,
1662 4788 1718 4873 qui
1740 4788 1816 4856 den-

267 4897 392 4963 sissime
415 4896 486 4963 lnce
511 4895 644 4975 claruit3
668 4896 695 4961 si
718 4919 782 4962 non
805 4897 1028 4967 cumlaudant
1049 4899 1261 4984 fratresejus.
1279 4897 1428 4984 Apostoli
1444 4901 1477 4965 et
1493 4917 1603 4963 omnes
1625 4897 1816 4964 cohaeredes

266 5005 353 5090 ejus3
373 5005 400 5070 si
415 5025 477 5069 non
495 5002 720 5098 deprimuntur
735 5008 832 5090 atque
847 5011 1023 5072 currantur
1039 5006 1078 5072 ad
1094 5010 1224 5088 terrem,
1242 5005 1459 5073 crescentibus
1475 5003 1604 5089 populis
1620 5004 1814 5088 christianis,

271 5112 465 5198 quicumque
487 5110 536 5177 illi
560 5111 786 5192 adversantem
811 5114 838 5179 si
860 5136 924 5180 non
955 5115 1170 5181 adoraverunt
1200 5113 1260 5180 filii
1282 5113 1383 5180 Jacob
1415 5114 1447 5178 in
1478 5112 1623 5198 reliquiis
1654 5135 1736 5198 quae
1760 5136 1818 5199 per

271 5219 460 5284 electionem
484 5218 609 5305 gratiae
632 5219 738 5286 salvae
761 5221 865 5289 111111
888 5226 982 5302 sunt3
1007 5222 1055 5308 [si]
1080 5244 1142 5289 non
1159 5223 1228 5308 ipse
1246 5227 1294 5290 est
1309 5221 1435 5288 catulus
1458 5221 1569 5304 leonis,
1593 5221 1742 5306 quoniam
1765 5220 1818 5286 de·

271 5325 448 5393 scendendo
460 5325 614 5412 parvulus
630 5327 734 5394 lactus
749 5332 808 5394 est.
826 5326 976 5414 [Propter
993 5331 1053 5398 hoc
1068 5329 1229 5397 additum=
1249 5333 1262 5364 ⁸
1279 5330 1317 5396 de
1334 5329 1566 5414 germinatione
1578 5329 1663 5396 filius
1678 5330 1771 5395 'meus
1789 5362 1817 5407 ,·
1859 5355 1862 5362 ⁴
