4022 6072
855 565 1072 660 inpaalmos.
1270 621 1274 635 ,
1703 584 1740 640 91

456 737 461 758 i
647 741 652 760 t

192 735 351 827 λέγονται,
376 742 408 802 αἱ
432 728 466 802 δε
482 764 665 830 πρακτικαι,
683 747 714 806 αἱ
731 731 764 806 δέ
789 741 940 832 θεωρητι-

192 847 253 910 καί.
279 846 339 908 Καὶ
363 856 425 910 τῶν
444 847 498 934 μὲν
520 847 716 938 θεωρητικῶν
742 851 830 925 τέλος
855 851 938 914 ἐστίν

190 955 209 1022 ῆ
236 949 319 1016 κατίι
343 963 412 1016 νοῦν
437 954 586 1044 ἐνέργεια·
612 965 674 1019 τῶν
701 948 733 1021 δὲ
756 966 939 1046 πρακτικῶν

191 1057 270 1130 αὐτ-λ
297 1065 316 1132 η
335 1071 390 1125 τοῦ
408 1059 555 1150 σώματος
573 1065 702 1148 κίνησις,
720 1060 756 1139 ἧς
780 1065 941 1154 παυσαμέ-

166 1180 254 1252 ’νης,
280 1159 366 1233 οὐδὲν
391 1169 559 1258 παρέμεινε
584 1183 648 1247 τοῖς
678 1176 797 1262 ὁρῶσιν,
823 1179 862 1249 ὡς
889 1173 939 1238 ἐπί

191 1278 376 1351 αὐλητικῆς·
393 1277 443 1341 ἐπί
460 1269 494 1342 δὲ
509 1288 572 1342 τῶν
589 1291 763 1352 ποιητικῶν
780 1281 834 1346 καί
857 1305 939 1344 παυ-

191 1384 328 1472 σαμένης
344 1395 401 1460 τῆς
418 1389 582 1476 ἐνεργείας,
598 1390 798 1478 προκείμενόν
816 1395 883 1455 ἐστι
901 1389 937 1452 τό

190 1491 291 1578 ἔργον,
315 1497 355 1567 ὡς
379 1494 429 1556 ἐπί
449 1485 658 1585 οἰκοδομικῆς.
685 1497 820 1572 Εἰκότως
845 1497 937 1560 καὶὸ

190 1603 322 1672 Μωῡσῆς
348 1593 441 1664 εἶπεν·
465 1600 515 1667 Ἐν
541 1606 620 1692 ἀρχῇ
651 1603 795 1674 ἐποίησεν
819 1608 835 1666 ὁ
860 1605 936 1677 Θεὸς

190 1703 243 1770 τόν
269 1707 405 1795 οὐρανόν,
424 1710 493 1775 ἀλλ’
512 1714 567 1775 οιίκ
584 1711 748 1800 ἐνήργησε.
770 1712 830 1778 Καὶ
853 1723 903 1777 νῦν
921 1717 936 1778 ὁ

190 1812 268 1890 θεῖος
285 1813 413 1903 ψάλλων
428 1811 523 1884 Δαυὶδ
536 1823 661 1893 ποίησιν
679 1821 849 1909 ὠνόμασεν,
867 1822 937 1912 οὐχί

190 1920 310 2016 πρᾶξιν.

994 745 1058 810 alia
1089 749 1188 828 actus,
1220 745 1284 812 alia
1306 755 1496 834 conceptus:
1529 756 1740 836 conceptuum

995 871 1069 914 vero
1091 851 1163 916 finis
1187 857 1236 918 est
1251 855 1380 940 energia
1393 856 1487 939 juxta
1503 861 1643 924 mentem
1663 881 1740 943 ope-

994 979 1084 1037 rans;
1109 965 1239 1024 actuum
1261 983 1338 1027 vero
1362 964 1494 1048 energia
1516 970 1564 1031 est
1594 966 1736 1050 corporis

994 1069 1110 1146 motus,
1127 1089 1190 1152 quo
1206 1075 1359 1150 cessante,
1376 1071 1457 1137 nihil
1474 1073 1663 1139 cernendum
1683 1097 1737 1139 su·

993 1182 1111 1259 pereat,
1125 1183 1161 1244 ut
1173 1178 1212 1242 fit
1227 1178 1261 1243 in
1278 1179 1407 1246 musica.
1422 1179 1533 1256 Quoad
1548 1204 1623 1248 vero
1640 1204 1737 1267 opera

992 1285 1088 1366 facta,
1104 1293 1247 1353 cessante
1263 1288 1385 1372 opificis
1401 1295 1485 1370 actu,
1503 1296 1645 1360 remanet
1661 1293 1736 1358 sub·

988 1394 1110 1477 jectum
1135 1416 1224 1478 opus,
1252 1401 1289 1461 ut
1319 1397 1351 1462 in
1382 1397 1606 1466 architectura.
1637 1400 1737 1467 Recte

991 1523 1117 1586 quoque
1133 1502 1211 1567 dixit
1227 1501 1371 1588 Moyses3
1391 1509 1404 1538 ²
1422 1505 1460 1570 Iu
1476 1505 1632 1590 principio
1651 1506 1739 1574 Deus

991 1606 1068 1673 fecit
1091 1607 1213 1674 eoelum
1229 1658 1258 1692 ,a
1283 1632 1345 1675 non
1376 1633 1468 1677 vero:
1497 1611 1657 1697 Operatur
1689 1620 1737 1680 est

991 1716 1087 1780 Deus.
1105 1713 1148 1780 Et
1163 1739 1246 1782 nunc
1260 1715 1362 1783 David
1379 1719 1411 1783 in
1423 1719 1548 1786 cantico
1563 1723 1576 1752 ⁸
1593 1725 1736 1787 creatum

991 1846 1072 1908 opus
1087 1874 1113 1905 „
1130 1846 1193 1890 non
1209 1832 1315 1892 actum
1333 1828 1532 1895 memoravit.

500 2168 528 2211 v.
559 2147 588 2212 6.
618 2143 812 2235 ’λγάλλεται
840 2150 879 2219 ὡς
906 2147 998 2234 γίγας
1028 2136 1156 2235 δραμεῖν
1186 2139 1255 2213 ὁδόν
1283 2150 1377 2214 αὑτοῦ
1393 2151 1425 2233 ¹).

552 2255 725 2320 Excitavit
743 2261 776 2320 ut
790 2255 884 2338 μίμου
900 2255 945 2321 ad
960 2256 1152 2322 currendam
1168 2257 1255 2323 oium
1271 2279 1373 2325 serum.

234 2470 268 2528 Et
291 2467 393 2531 τοίνυν
411 2469 426 2530 ό
443 2477 483 2550 τῆ
510 2465 608 2556 φθορᾷ
624 2469 823 2556 ὑποκείμενος
848 2470 934 2542 ἥλιος

189 2575 269 2637 οὕτω
293 2577 439 2638 καλεῖται
456 2575 537 2638 οὕτω
555 2573 663 2665 μέγας,
682 2568 749 2651 όξὺς
768 2568 822 2662 μὲν
846 2598 935 2646 κινη-

188 2680 290 2766 θῆναι,
314 2681 485 2756 εὐτάκτους
504 2673 536 2746 δὲ
561 2681 616 2757 τόις
642 2675 801 2772 περιόδους
826 2674 935 2746 ἀποδι-

190 2779 271 2870 δοὺς,
289 2788 467 2879 σύμμετρον
485 2792 566 2878 ἔχων
579 2789 615 2854 τό
628 2789 756 2881 μέγεθος
770 2800 814 2872 τῷ
827 2790 934 2874 παντὶ,

188 2898 270 2962 ὥστε
294 2896 337 2984 μὴ
364 2890 517 2962 ἑκόαίνειν
542 2895 601 2969 τῆν
618 2899 692 2987 πρὸς
710 2899 746 2963 τό
763 2901 835 2963 ὅλον
862 2903 935 2962 ανα-

186 3007 308 3095 λογίαν,
324 3013 369 3086 τῷ
395 2995 428 3068 δὲ
451 3003 563 3068 κιίλλει
580 3015 638 3080 τῆς
656 3005 774 3092 φύσεως
800 3002 861 3069 οἷόν
887 3031 933 3082 τις

186 3113 351 3203 ὀφθαλμός
376 3104 413 3176 δι’
440 3116 538 3204 αὐγῆς
562 3115 726 3204 ἐμπρέπων
753 3125 793 3200 τῇ
820 3117 934 3200 κτίσει,

186 3228 211 3287 εἰ
235 3223 401 3311 ἀκόρεστος
432 3221 546 3286 τούτου
570 3227 589 3295 ἡ
624 3221 696 3304 θέα,
720 3223 862 3288 ποταπὸν
888 3233 933 3305 τῷ

185 3329 297 3396 κάλλει
313 3335 328 3392 ό
346 3339 403 3402 τῆς
421 3320 618 3406 δικαιοσύνης
643 3333 730 3406 θ’λιος
741 3356 748 3408 ;
774 3336 800 3394 εἰ
824 3335 933 3419 τυρλῷ

186 3433 285 3527 ζημία
309 3447 419 3501 τοῦτον
446 3437 488 3526 μὴ
517 3439 658 3520 βλήπειν,
676 3438 804 3510 ποταπὴ
831 3433 932 3526 ζημία

185 3555 231 3628 τῷ
256 3548 434 3635 ἁμαρτωλῷ
458 3555 514 3609 τοῦ
531 3543 677 3617 ἀληθινοῦ
695 3544 795 3634 φωτός
818 3569 933 3634 στερω-

187 3653 280 3728 θῆναι
297 3658 446 3742 Χριστοῢ;
464 3657 494 3729 ός
508 3651 592 3718 κατὰ
605 3653 663 3724 τὴν
678 3643 876 3744 ψαλμῳδίαν,
893 3659 932 3729 ὡς

187 3765 221 3825 έκ
236 3751 397 3834 παστάδος
412 3762 539 3849 νυμφίος
553 3759 754 3850 ἑκπορευθείς,
769 3761 933 3850 ἡρμόσατο

186 3868 246 3940 τὴν
272 3866 434 3956 παρθένον,
457 3872 549 3955 ἡμεῖς
573 3871 675 3949 ἑαυτῷ
700 3858 751 3932 διὰ
775 3878 831 3943 τῆς
857 3893 934 3956 μυσ-

185 3986 275 4050 τικῆς
300 3974 531 4064 αναγεννήσεως
552 3975 605 4038 καί
623 3979 664 4050 εἰς
687 3973 741 4039 τόν
766 3983 828 4038 τῶν
855 3999 934 4064 μυσ-

185 4084 301 4174 τηρίων
327 4080 468 4171 θάλαμον
493 4073 696 4172 παρεδέξατο,

1034 2469 1264 2536 Verumtamen
1287 2471 1314 2537 si
1338 2474 1384 2538 sol
1410 2474 1606 2559 corruptioni
1634 2475 1735 2541 obno-

989 2579 1059 2644 xius
1076 2580 1121 2644 ita
1138 2585 1269 2646 vocatur
1292 2581 1369 2648 adeo
1388 2604 1533 2668 magnus,
1550 2583 1577 2649 ai
1593 2582 1682 2649 velox
1699 2583 1732 2648 in

989 2692 1079 2752 motu
1110 2693 1168 2767 est,
1197 2689 1224 2753 si
1252 2689 1396 2772 periodos
1427 2689 1511 2756 belle
1542 2690 1736 2776 compositas

989 2800 1141 2880 praestat,
1165 2796 1346 2882 habeatque
1369 2798 1621 2882 magnitudinem
1642 2821 1732 2863 men·

989 2909 1131 2970 auratam
1155 2927 1226 2971 cum
1257 2905 1413 2986 universo,
1437 2906 1543 2972 itaut
1570 2929 1733 2992 nunquam

989 3011 1117 3077 excedat
1137 3033 1176 3076 ex
1201 3013 1309 3078 ordine
1333 3013 1431 3077 totius
1456 3012 1574 3094 mundi,
1593 3014 1618 3077 si
1643 3013 1736 3079 decus

988 3141 1063 3184 suae
1093 3125 1228 3185 naturae
1251 3125 1299 3186 est
1323 3121 1423 3186 veluti
1446 3121 1556 3188 oculus
1584 3123 1638 3206 qui
1662 3121 1733 3188 luce

989 3227 1157 3293 collustrat
1170 3229 1372 3309 creationem,
1389 3229 1415 3294 si
1431 3229 1500 3312 ejus
1516 3228 1733 3314 spectaculum

988 3335 1212 3400 inexhaustum
1225 3339 1282 3414 est,
1298 3340 1418 3419 quanto
1430 3336 1542 3402 decore
1554 3336 1734 3419 nonsplen·

988 3441 1043 3506 det
1065 3440 1113 3506 sol
1133 3441 1296 3525 justitiae!
1315 3440 1348 3507 Si
1365 3463 1459 3509 caeco
1471 3442 1597 3526 jactura
1622 3445 1670 3506 es't
1686 3462 1733 3505 so-

988 3545 1051 3612 lem
1074 3569 1137 3611 non
1162 3569 1301 3627 cernere,
1325 3552 1482 3632 quantum
1504 3548 1731 3613 detrimentum

988 3653 1157 3736 peccatori,
1175 3654 1321 3738 quivero
1339 3653 1458 3720 Christi
1481 3655 1601 3721 lumine
1624 3653 1730 3738 priva·

988 3761 1056 3824 tur!
1071 3781 1170 3843 quum
1183 3760 1339 3841 Christus,
1348 3761 1440 3845 juxta
1453 3761 1671 3845 psalmodiam,
1682 3761 1731 3827 uti

987 3888 1121 3950 sponsus
1146 3887 1184 3931 ex
1209 3867 1350 3933 thalamo
1375 3869 1555 3952 procedens,
1580 3870 1639 3934 sihi
1656 3869 1731 3934 Vir·

988 3975 1094 4058 ginem
1116 3975 1274 4058 apposuit,
1290 3997 1410 4060 nosque
1424 3998 1482 4060 per
1497 3977 1665 4061 mysticam
1683 3998 1731 4041 re·

988 4083 1225 4166 generationem
1250 4083 1280 4146 in
1306 4083 1528 4168 mysteriorum
1553 4083 1730 4150 thalamum

987 4190 1173 4257 introduxit.

788 4503 986 4577 PSALMUS
1009 4508 1130 4576 xxm,

211 4753 241 4794 v,
266 4731 297 4794 2.
325 4727 421 4803 λότός
446 4725 496 4791 ἐπὶ
521 4723 686 4790 θαλασσῶν
711 4721 911 4814 ἑθεμελίωσεν
937 4723 1046 4810 αὐτὴν,
1071 4724 1125 4788 καί
1149 4721 1200 4788 ἐπί
1223 4729 1375 4812 ποταμῶν
1400 4722 1574 4811 ’ἡτοίμασεν
1599 4723 1708 4794 αὐτην.

304 4838 381 4919 Ipse
403 4860 501 4920 sepor·
524 4839 628 4904 muriu
651 4837 806 4920 fraudavit
829 4857 907 4916 corre,
932 4843 961 4901 ct

228 5053 356 5114 Μᾶλλον
381 5042 414 5115 δὲ
436 5056 456 5124 ri
482 5061 523 5140 γῆ
549 5054 597 5141 ἐρ’
621 5055 735 5125 ἑαυτῆς
759 5039 925 5136 ῆδρασται·

183 5158 221 5222 τό
239 5151 272 5224 δὲ
288 5159 338 5223 ἐπὶ
355 5158 519 5224 θαλασσῶν
545 5159 643 5231 αὐτὴν
668 5158 853 5246 θεμελιῶσαι
870 5150 926 5230 δη-

216 5387 244 5464 Δι)
262 5387 305 5448 cf.
325 5388 398 5464 opp.
417 5395 438 5447 ι.
457 5407 478 5459 1,
500 5390 548 5458 οη
568 5403 602 5461 11,
622 5389 684 5446 aar.

984 4835 1239 4918 supersternere
1258 4835 1469 4916 praeparavit
1492 4853 1561 4898 cam
1574 4827 1611 4913 ²).

1025 5049 1127 5114 Immo
1151 5054 1237 5114 terra
1253 5048 1312 5114 sub
1328 5049 1398 5132 ipsa
1413 5046 1556 5112 stabilita
1571 5049 1629 5111 eat.
1647 5043 1727 5111 Elam

982 5179 1057 5223 vero
1079 5157 1245 5222 fundatam
1268 5156 1365 5222 fuisse
1388 5177 1485 5240 super
1508 5155 1617 5236 maria,
1635 5154 1667 5218 id
1683 5154 1728 5219 si·

1020 5384 1043 5459 ²)
1063 5385 1106 5443 Of.
1125 5390 1146 5442 t
1165 5401 1198 5454 11,
1220 5385 1282 5441 535.
