<?xml version="1.0" encoding="UTF-8"?>
<!DOCTYPE html PUBLIC "-//W3C//DTD XHTML 1.0 Transitional//EN"
    "http://www.w3.org/TR/xhtml1/DTD/xhtml1-transitional.dtd">
<html xmlns="http://www.w3.org/1999/xhtml" xml:lang="en" lang="en">
 <head>
  <title>
</title>
<meta http-equiv="Content-Type" content="text/html;charset=utf-8" />
  <meta name='ocr-system' content='tesseract 3.04.00' />
  <meta name='ocr-capabilities' content='ocr_page ocr_carea ocr_par ocr_line ocrx_word'/>
</head>
<body>
  <div class='ocr_page' id='page_1' title='image "./analectasacrasp02pitrgoog_0403.png"; bbox 0 0 3978 6070; ppageno 0'>
   <div class='ocr_carea' id='block_1_1' title="bbox 296 479 1275 580">
    <p class='ocr_par' dir='ltr' id='par_1_1' title="bbox 296 479 1275 580">
     <span class='ocr_line' id='line_1_1' title="bbox 296 479 1275 580; baseline 0.016 -34"><span class='ocrx_word' id='word_1_1' title='bbox 296 482 350 538; x_wconf 78' lang='grc'>144</span> <span class='ocrx_word' id='word_1_2' title='bbox 859 479 1275 580; x_wconf 74' lang='grc' dir='ltr'>Οοικοιοιιὶσιίίορίὶοςιαο.</span> 
     </span>
    </p>
   </div>
   <div class='ocr_carea' id='block_1_2' title="bbox 294 640 1844 1074">
    <p class='ocr_par' dir='ltr' id='par_1_2' title="bbox 294 640 1844 1074">
     <span class='ocr_line' id='line_1_2' title="bbox 295 640 1843 760; baseline 0.016 -50"><span class='ocrx_word' id='word_1_3' title='bbox 295 640 487 738; x_wconf 75' lang='grc' dir='ltr'>Ἀναθλέψας</span> <span class='ocrx_word' id='word_1_4' title='bbox 512 641 546 716; x_wconf 82' lang='grc' dir='ltr'>δέ</span> <span class='ocrx_word' id='word_1_5' title='bbox 568 651 671 734; x_wconf 85' lang='grc' dir='ltr'>ἕωθεν,</span> <span class='ocrx_word' id='word_1_6' title='bbox 695 653 808 718; x_wconf 79' lang='grc' dir='ltr'>ἑαυτόν</span> <span class='ocrx_word' id='word_1_7' title='bbox 833 643 913 720; x_wconf 81' lang='grc' dir='ltr'>εἶδεν</span> <span class='ocrx_word' id='word_1_8' title='bbox 937 654 1043 743; x_wconf 82' lang='grc' dir='ltr'>ὲπὶτῇ</span> <span class='ocrx_word' id='word_1_9' title='bbox 1061 661 1180 749; x_wconf 79' lang='grc' dir='ltr'>πλευρᾷ</span> <span class='ocrx_word' id='word_1_10' title='bbox 1204 663 1342 750; x_wconf 89' lang='grc' dir='ltr'>κείμενον</span> <span class='ocrx_word' id='word_1_11' title='bbox 1357 663 1380 750; x_wconf 84' lang='lat'>¹)</span> <span class='ocrx_word' id='word_1_12' title='bbox 1406 657 1627 748; x_wconf 81' lang='grc' dir='ltr'>δωδεκαταὶον,</span> <span class='ocrx_word' id='word_1_13' title='bbox 1653 675 1693 748; x_wconf 87' lang='grc' dir='ltr'>ῶς</span> <span class='ocrx_word' id='word_1_14' title='bbox 1718 673 1843 760; x_wconf 83' lang='grc' dir='ltr'>εἴρηται</span> 
     </span>
     <span class='ocr_line' id='line_1_3' title="bbox 294 759 1841 870; baseline 0.013 -48"><span class='ocrx_word' id='word_1_15' title='bbox 294 759 324 822; x_wconf 77' lang='grc' dir='ltr'>έν</span> <span class='ocrx_word' id='word_1_16' title='bbox 348 761 527 848; x_wconf 78' lang='grc' dir='ltr'>προοιμίοις·</span> <span class='ocrx_word' id='word_1_17' title='bbox 543 762 597 826; x_wconf 86' lang='grc' dir='ltr'>καὶ</span> <span class='ocrx_word' id='word_1_18' title='bbox 613 763 695 838; x_wconf 86' lang='grc' dir='ltr'>ὅπως</span> <span class='ocrx_word' id='word_1_19' title='bbox 712 764 767 827; x_wconf 85' lang='grc' dir='ltr'>οόκ</span> <span class='ocrx_word' id='word_1_20' title='bbox 792 763 940 840; x_wconf 78' lang='grc' dir='ltr'>ἀπίθανος</span> <span class='ocrx_word' id='word_1_21' title='bbox 964 771 983 838; x_wconf 87' lang='grc' dir='ltr'>ή</span> <span class='ocrx_word' id='word_1_22' title='bbox 1012 769 1139 858; x_wconf 76' lang='grc' dir='ltr'>ἱστορία,</span> <span class='ocrx_word' id='word_1_23' title='bbox 1157 762 1189 834; x_wconf 81' lang='grc' dir='ltr'>δι’</span> <span class='ocrx_word' id='word_1_24' title='bbox 1213 773 1335 837; x_wconf 77' lang='grc' dir='ltr'>ἐκείνων</span> <span class='ocrx_word' id='word_1_25' title='bbox 1359 783 1421 839; x_wconf 89' lang='grc' dir='ltr'>τῶν</span> <span class='ocrx_word' id='word_1_26' title='bbox 1436 772 1461 862; x_wconf 83' lang='lat'>¹)</span> <span class='ocrx_word' id='word_1_27' title='bbox 1485 780 1515 841; x_wconf 88' lang='grc' dir='ltr'>έν</span> <span class='ocrx_word' id='word_1_28' title='bbox 1534 779 1614 866; x_wconf 80' lang='grc' dir='ltr'>ἀρχῇ</span> <span class='ocrx_word' id='word_1_29' title='bbox 1640 779 1841 870; x_wconf 80' lang='grc' dir='ltr'>λελεγμένων</span> 
     </span>
     <span class='ocr_line' id='line_1_4' title="bbox 294 864 1844 978; baseline 0.016 -50"><span class='ocrx_word' id='word_1_30' title='bbox 294 870 369 954; x_wconf 87' lang='grc' dir='ltr'>ήμῒν</span> <span class='ocrx_word' id='word_1_31' title='bbox 383 870 615 957; x_wconf 86' lang='grc' dir='ltr'>ὑπεμνήσαμεν·</span> <span class='ocrx_word' id='word_1_32' title='bbox 627 870 819 960; x_wconf 83' lang='grc' dir='ltr'>προσκείσθω</span> <span class='ocrx_word' id='word_1_33' title='bbox 833 864 865 938; x_wconf 83' lang='grc' dir='ltr'>δὲ</span> <span class='ocrx_word' id='word_1_34' title='bbox 882 875 992 956; x_wconf 82' lang='grc' dir='ltr'>έκεῖνο,</span> <span class='ocrx_word' id='word_1_35' title='bbox 1009 877 1058 940; x_wconf 87' lang='grc' dir='ltr'>ὅτι</span> <span class='ocrx_word' id='word_1_36' title='bbox 1075 877 1128 941; x_wconf 89' lang='grc' dir='ltr'>καί</span> <span class='ocrx_word' id='word_1_37' title='bbox 1144 884 1163 952; x_wconf 83' lang='grc' dir='ltr'>ή</span> <span class='ocrx_word' id='word_1_38' title='bbox 1183 868 1340 957; x_wconf 87' lang='grc' dir='ltr'>δυωδεκάς</span> <span class='ocrx_word' id='word_1_39' title='bbox 1356 875 1500 973; x_wconf 80' lang='grc' dir='ltr'>περιόδου</span> <span class='ocrx_word' id='word_1_40' title='bbox 1515 883 1596 962; x_wconf 80' lang='grc' dir='ltr'>θείοις</span> <span class='ocrx_word' id='word_1_41' title='bbox 1613 887 1697 952; x_wconf 80' lang='grc' dir='ltr'>ἐστίν</span> <span class='ocrx_word' id='word_1_42' title='bbox 1715 887 1844 978; x_wconf 82' lang='grc' dir='ltr'>ἀριθμός</span> 
     </span>
     <span class='ocr_line' id='line_1_5' title="bbox 295 975 1015 1074; baseline 0.014 -35"><span class='ocrx_word' id='word_1_43' title='bbox 295 979 336 1052; x_wconf 85' lang='grc' dir='ltr'>εἱς</span> <span class='ocrx_word' id='word_1_44' title='bbox 359 975 397 1042; x_wconf 82' lang='grc' dir='ltr'>τό</span> <span class='ocrx_word' id='word_1_45' title='bbox 420 977 515 1068; x_wconf 82' lang='grc' dir='ltr'>πέρας</span> <span class='ocrx_word' id='word_1_46' title='bbox 538 989 601 1042; x_wconf 90' lang='grc' dir='ltr'>τῶν</span> <span class='ocrx_word' id='word_1_47' title='bbox 626 980 724 1045; x_wconf 89' lang='grc' dir='ltr'>όντων</span> <span class='ocrx_word' id='word_1_48' title='bbox 748 981 809 1046; x_wconf 84' lang='grc' dir='ltr'>άπδ</span> <span class='ocrx_word' id='word_1_49' title='bbox 834 993 891 1060; x_wconf 86' lang='grc' dir='ltr'>τῆς</span> <span class='ocrx_word' id='word_1_50' title='bbox 917 987 1015 1074; x_wconf 84' lang='grc' dir='ltr'>ἀρχῆς</span> 
     </span>
    </p>
   </div>
   <div class='ocr_carea' id='block_1_3' title="bbox 239 1194 1846 2378">
    <p class='ocr_par' dir='ltr' id='par_1_3' title="bbox 254 1194 1846 1734">
     <span class='ocr_line' id='line_1_6' title="bbox 254 1194 1842 1300; baseline 0.008 -41"><span class='ocrx_word' id='word_1_51' title='bbox 254 1203 268 1243; x_wconf 78' lang='lat'>⁸</span> <span class='ocrx_word' id='word_1_52' title='bbox 295 1194 317 1260; x_wconf 85' lang='lat' dir='ltr'>f.</span> <span class='ocrx_word' id='word_1_53' title='bbox 345 1195 407 1260; x_wconf 87' lang='grc'>193</span> <span class='ocrx_word' id='word_1_54' title='bbox 431 1217 480 1288; x_wconf 72' lang='lat' dir='ltr'>v.;</span> <span class='ocrx_word' id='word_1_55' title='bbox 505 1195 725 1279; x_wconf 78' lang='grc' dir='ltr'>καταντήσας,</span> <span class='ocrx_word' id='word_1_56' title='bbox 748 1198 870 1286; x_wconf 87' lang='grc' dir='ltr'>πέρατα</span> <span class='ocrx_word' id='word_1_57' title='bbox 896 1197 948 1263; x_wconf 92' lang='grc' dir='ltr'>καὶ</span> <span class='ocrx_word' id='word_1_58' title='bbox 972 1199 1053 1287; x_wconf 84' lang='grc' dir='ltr'>μέσα</span> <span class='ocrx_word' id='word_1_59' title='bbox 1077 1209 1139 1265; x_wconf 90' lang='grc' dir='ltr'>τῶν</span> <span class='ocrx_word' id='word_1_60' title='bbox 1164 1202 1244 1267; x_wconf 89' lang='grc' dir='ltr'>όλων</span> <span class='ocrx_word' id='word_1_61' title='bbox 1268 1198 1456 1294; x_wconf 72' lang='grc' dir='ltr'>περιλαθὼν,</span> <span class='ocrx_word' id='word_1_62' title='bbox 1482 1206 1538 1272; x_wconf 87' lang='grc' dir='ltr'>άτε</span> <span class='ocrx_word' id='word_1_63' title='bbox 1561 1208 1624 1274; x_wconf 81' lang='grc' dir='ltr'>ἀπό</span> <span class='ocrx_word' id='word_1_64' title='bbox 1648 1219 1711 1274; x_wconf 89' lang='grc' dir='ltr'>τῶν</span> <span class='ocrx_word' id='word_1_65' title='bbox 1735 1213 1842 1300; x_wconf 87' lang='grc' dir='ltr'>ἀρχῶν</span> 
     </span>
     <span class='ocr_line' id='line_1_7' title="bbox 295 1301 1845 1408; baseline 0.012 -43"><span class='ocrx_word' id='word_1_66' title='bbox 295 1301 437 1390; x_wconf 89' lang='grc' dir='ltr'>μάλιστα</span> <span class='ocrx_word' id='word_1_67' title='bbox 451 1301 609 1394; x_wconf 87' lang='grc' dir='ltr'>προελθὼν</span> <span class='ocrx_word' id='word_1_68' title='bbox 622 1314 684 1369; x_wconf 91' lang='grc' dir='ltr'>τῶν</span> <span class='ocrx_word' id='word_1_69' title='bbox 698 1309 729 1370; x_wconf 82' lang='grc' dir='ltr'>ὲν</span> <span class='ocrx_word' id='word_1_70' title='bbox 743 1317 809 1385; x_wconf 83' lang='grc' dir='ltr'>τοῖς</span> <span class='ocrx_word' id='word_1_71' title='bbox 822 1305 961 1398; x_wconf 79' lang='grc' dir='ltr'>ἀριθμοῖς</span> <span class='ocrx_word' id='word_1_72' title='bbox 977 1319 1195 1401; x_wconf 86' lang='grc' dir='ltr'>πρωτουργῶν.</span> <span class='ocrx_word' id='word_1_73' title='bbox 1208 1350 1251 1360; x_wconf 89' lang='lat'>-</span> <span class='ocrx_word' id='word_1_74' title='bbox 1269 1313 1398 1391; x_wconf 80' lang='grc' dir='ltr'>Τούτοις</span> <span class='ocrx_word' id='word_1_75' title='bbox 1416 1308 1449 1381; x_wconf 86' lang='grc' dir='ltr'>δέ</span> <span class='ocrx_word' id='word_1_76' title='bbox 1464 1316 1620 1404; x_wconf 77' lang='grc' dir='ltr'>ἑπομένως</span> <span class='ocrx_word' id='word_1_77' title='bbox 1637 1321 1653 1381; x_wconf 90' lang='grc' dir='ltr'>ό</span> <span class='ocrx_word' id='word_1_78' title='bbox 1671 1319 1845 1408; x_wconf 74' lang='grc' dir='ltr'>Σωκράτης</span> 
     </span>
     <span class='ocr_line' id='line_1_8' title="bbox 294 1410 1844 1514; baseline 0.009 -38"><span class='ocrx_word' id='word_1_79' title='bbox 294 1413 350 1476; x_wconf 79' lang='grc' dir='ltr'>τόν</span> <span class='ocrx_word' id='word_1_80' title='bbox 374 1410 469 1501; x_wconf 92' lang='grc' dir='ltr'>μῦθον</span> <span class='ocrx_word' id='word_1_81' title='bbox 494 1413 779 1504; x_wconf 89' lang='grc' dir='ltr'>συμπερανάμενος,</span> <span class='ocrx_word' id='word_1_82' title='bbox 797 1416 950 1482; x_wconf 90' lang='grc' dir='ltr'>σεσῶσθαι</span> <span class='ocrx_word' id='word_1_83' title='bbox 965 1420 1069 1508; x_wconf 83' lang='grc' dir='ltr'>ρησὶν,</span> <span class='ocrx_word' id='word_1_84' title='bbox 1088 1421 1154 1483; x_wconf 85' lang='grc' dir='ltr'>ἀλλ’</span> <span class='ocrx_word' id='word_1_85' title='bbox 1176 1423 1231 1485; x_wconf 84' lang='grc' dir='ltr'>οὐκ</span> <span class='ocrx_word' id='word_1_86' title='bbox 1249 1423 1454 1500; x_wconf 83' lang='grc' dir='ltr'>ἀπολωλέναι,</span> <span class='ocrx_word' id='word_1_87' title='bbox 1472 1425 1525 1489; x_wconf 84' lang='grc' dir='ltr'>καί</span> <span class='ocrx_word' id='word_1_88' title='bbox 1543 1431 1627 1514; x_wconf 84' lang='grc' dir='ltr'>ήμᾶς</span> <span class='ocrx_word' id='word_1_89' title='bbox 1643 1425 1762 1509; x_wconf 83' lang='grc' dir='ltr'>σώσειν,</span> <span class='ocrx_word' id='word_1_90' title='bbox 1786 1427 1844 1492; x_wconf 86' lang='grc' dir='ltr'>ἐἀν</span> 
     </span>
     <span class='ocr_line' id='line_1_9' title="bbox 294 1518 1846 1626; baseline 0.01 -42"><span class='ocrx_word' id='word_1_91' title='bbox 294 1519 467 1609; x_wconf 88' lang='grc' dir='ltr'>πεισόμεθα</span> <span class='ocrx_word' id='word_1_92' title='bbox 477 1518 502 1604; x_wconf 81' lang='lat'>³)</span> <span class='ocrx_word' id='word_1_93' title='bbox 528 1524 622 1604; x_wconf 83' lang='grc' dir='ltr'>αὐτῷ·</span> <span class='ocrx_word' id='word_1_94' title='bbox 648 1521 823 1600; x_wconf 80' lang='grc' dir='ltr'>πεισθέντες</span> <span class='ocrx_word' id='word_1_95' title='bbox 847 1525 918 1617; x_wconf 84' lang='grc' dir='ltr'>γάρ,</span> <span class='ocrx_word' id='word_1_96' title='bbox 936 1531 969 1592; x_wconf 84' lang='grc' dir='ltr'>οὐ</span> <span class='ocrx_word' id='word_1_97' title='bbox 994 1527 1232 1619; x_wconf 82' lang='grc' dir='ltr'>μιανθησόμεθα</span> <span class='ocrx_word' id='word_1_98' title='bbox 1248 1529 1308 1602; x_wconf 85' lang='grc' dir='ltr'>τήν</span> <span class='ocrx_word' id='word_1_99' title='bbox 1326 1527 1439 1621; x_wconf 85' lang='grc' dir='ltr'>ψυχήν,</span> <span class='ocrx_word' id='word_1_100' title='bbox 1456 1534 1509 1596; x_wconf 89' lang='grc' dir='ltr'>καί</span> <span class='ocrx_word' id='word_1_101' title='bbox 1526 1537 1750 1626; x_wconf 88' lang='grc' dir='ltr'>ἀνοσιουργίαις</span> <span class='ocrx_word' id='word_1_102' title='bbox 1773 1540 1846 1600; x_wconf 82' lang='grc' dir='ltr'>ἑπι-</span> 
     </span>
     <span class='ocr_line' id='line_1_10' title="bbox 295 1624 1844 1734; baseline 0.008 -40"><span class='ocrx_word' id='word_1_103' title='bbox 295 1627 481 1719; x_wconf 80' lang='grc' dir='ltr'>στρέψαντες</span> <span class='ocrx_word' id='word_1_104' title='bbox 504 1636 588 1720; x_wconf 79' lang='grc' dir='ltr'>ημᾶς</span> <span class='ocrx_word' id='word_1_105' title='bbox 613 1631 740 1710; x_wconf 84' lang='grc' dir='ltr'>αὐτοὺς,</span> <span class='ocrx_word' id='word_1_106' title='bbox 765 1624 982 1725; x_wconf 76' lang='grc' dir='ltr'>διαθησόμεθα</span> <span class='ocrx_word' id='word_1_107' title='bbox 1006 1627 1040 1702; x_wconf 84' lang='grc' dir='ltr'>δὲ</span> <span class='ocrx_word' id='word_1_108' title='bbox 1063 1631 1096 1702; x_wconf 82' lang='grc' dir='ltr'>εὖ</span> <span class='ocrx_word' id='word_1_109' title='bbox 1119 1650 1231 1704; x_wconf 90' lang='grc' dir='ltr'>τοῦτον</span> <span class='ocrx_word' id='word_1_110' title='bbox 1245 1637 1271 1722; x_wconf 75' lang='lat'>⁴)</span> <span class='ocrx_word' id='word_1_111' title='bbox 1295 1641 1350 1706; x_wconf 81' lang='grc' dir='ltr'>τόν</span> <span class='ocrx_word' id='word_1_112' title='bbox 1381 1651 1439 1718; x_wconf 87' lang='grc' dir='ltr'>τῆς</span> <span class='ocrx_word' id='word_1_113' title='bbox 1465 1640 1570 1720; x_wconf 81' lang='grc' dir='ltr'>Λήθης</span> <span class='ocrx_word' id='word_1_114' title='bbox 1593 1645 1756 1734; x_wconf 73' lang='grc' dir='ltr'>ποταμὸν,</span> <span class='ocrx_word' id='word_1_115' title='bbox 1779 1644 1844 1714; x_wconf 76' lang='grc' dir='ltr'>τὴν</span> 
     </span>
    </p>

    <p class='ocr_par' dir='ltr' id='par_1_4' title="bbox 241 1734 1846 2277">
     <span class='ocr_line' id='line_1_11' title="bbox 241 1734 1846 1838; baseline 0.007 -34"><span class='ocrx_word' id='word_1_116' title='bbox 241 1743 267 1783; x_wconf 89' lang='lat'>¹⁰</span> <span class='ocrx_word' id='word_1_117' title='bbox 294 1739 411 1831; x_wconf 83' lang='grc' dir='ltr'>γένεσιν</span> <span class='ocrx_word' id='word_1_118' title='bbox 434 1749 537 1806; x_wconf 85' lang='grc' dir='ltr'>πᾶσαν</span> <span class='ocrx_word' id='word_1_119' title='bbox 563 1734 648 1818; x_wconf 81' lang='grc' dir='ltr'>αὖθις</span> <span class='ocrx_word' id='word_1_120' title='bbox 672 1742 892 1831; x_wconf 89' lang='grc' dir='ltr'>αἱνισσόμενος,</span> <span class='ocrx_word' id='word_1_121' title='bbox 913 1741 963 1832; x_wconf 82' lang='grc' dir='ltr'>ἀρ’</span> <span class='ocrx_word' id='word_1_122' title='bbox 981 1738 1018 1820; x_wconf 86' lang='grc' dir='ltr'>ής</span> <span class='ocrx_word' id='word_1_123' title='bbox 1041 1749 1060 1818; x_wconf 89' lang='grc' dir='ltr'>ή</span> <span class='ocrx_word' id='word_1_124' title='bbox 1088 1735 1155 1818; x_wconf 90' lang='grc' dir='ltr'>δίνη</span> <span class='ocrx_word' id='word_1_125' title='bbox 1180 1746 1297 1820; x_wconf 92' lang='grc' dir='ltr'>πλήθει</span> <span class='ocrx_word' id='word_1_126' title='bbox 1320 1758 1389 1825; x_wconf 88' lang='grc' dir='ltr'>ταῖς</span> <span class='ocrx_word' id='word_1_127' title='bbox 1406 1745 1519 1838; x_wconf 83' lang='grc' dir='ltr'>ψυχαῖς</span> <span class='ocrx_word' id='word_1_128' title='bbox 1535 1759 1598 1814; x_wconf 89' lang='grc' dir='ltr'>τῶν</span> <span class='ocrx_word' id='word_1_129' title='bbox 1615 1774 1652 1816; x_wconf 90' lang='grc' dir='ltr'>τε</span> <span class='ocrx_word' id='word_1_130' title='bbox 1676 1749 1762 1816; x_wconf 89' lang='grc' dir='ltr'>θείων</span> <span class='ocrx_word' id='word_1_131' title='bbox 1786 1752 1846 1816; x_wconf 87' lang='grc' dir='ltr'>καὶ</span> 
     </span>
     <span class='ocr_line' id='line_1_12' title="bbox 294 1841 1844 1950; baseline 0.007 -37"><span class='ocrx_word' id='word_1_132' title='bbox 294 1853 424 1913; x_wconf 80' lang='grc' dir='ltr'>ἑαυτῶν·</span> <span class='ocrx_word' id='word_1_133' title='bbox 444 1858 494 1913; x_wconf 91' lang='grc' dir='ltr'>νῦν</span> <span class='ocrx_word' id='word_1_134' title='bbox 511 1847 572 1941; x_wconf 87' lang='grc' dir='ltr'>γάρ</span> <span class='ocrx_word' id='word_1_135' title='bbox 588 1853 619 1914; x_wconf 83' lang='grc' dir='ltr'>ἐν</span> <span class='ocrx_word' id='word_1_136' title='bbox 635 1859 681 1933; x_wconf 83' lang='grc' dir='ltr'>τῷ</span> <span class='ocrx_word' id='word_1_137' title='bbox 698 1841 810 1934; x_wconf 86' lang='grc' dir='ltr'>τοιῷδε</span> <span class='ocrx_word' id='word_1_138' title='bbox 824 1861 960 1941; x_wconf 85' lang='grc' dir='ltr'>ποταμῷ</span> <span class='ocrx_word' id='word_1_139' title='bbox 977 1846 1078 1942; x_wconf 78' lang='grc' dir='ltr'>ζῶμεν</span> <span class='ocrx_word' id='word_1_140' title='bbox 1097 1864 1156 1931; x_wconf 79' lang='grc' dir='ltr'>τῆς</span> <span class='ocrx_word' id='word_1_141' title='bbox 1171 1853 1288 1939; x_wconf 84' lang='grc' dir='ltr'>Λήθης,</span> <span class='ocrx_word' id='word_1_142' title='bbox 1306 1855 1339 1920; x_wconf 85' lang='grc' dir='ltr'>όν</span> <span class='ocrx_word' id='word_1_143' title='bbox 1357 1846 1402 1922; x_wconf 88' lang='grc' dir='ltr'>δεῖ</span> <span class='ocrx_word' id='word_1_144' title='bbox 1419 1848 1577 1943; x_wconf 78' lang='grc' dir='ltr'>διαόῆναι,</span> <span class='ocrx_word' id='word_1_145' title='bbox 1600 1857 1660 1930; x_wconf 82' lang='grc' dir='ltr'>τήν</span> <span class='ocrx_word' id='word_1_146' title='bbox 1680 1859 1844 1950; x_wconf 81' lang='grc' dir='ltr'>οόμρυτον</span> 
     </span>
     <span class='ocr_line' id='line_1_13' title="bbox 294 1953 1845 2057; baseline 0.006 -34"><span class='ocrx_word' id='word_1_147' title='bbox 294 1963 379 2042; x_wconf 74' lang='grc' dir='ltr'>αὐτῷ</span> <span class='ocrx_word' id='word_1_148' title='bbox 395 1956 497 2032; x_wconf 89' lang='grc' dir='ltr'>λήθην</span> <span class='ocrx_word' id='word_1_149' title='bbox 514 1953 833 2050; x_wconf 77' lang='grc' dir='ltr'>ἀποσκευαζομένους,</span> <span class='ocrx_word' id='word_1_150' title='bbox 850 1961 904 2026; x_wconf 90' lang='grc' dir='ltr'>καί</span> <span class='ocrx_word' id='word_1_151' title='bbox 921 1953 972 2027; x_wconf 83' lang='grc' dir='ltr'>διά</span> <span class='ocrx_word' id='word_1_152' title='bbox 989 1973 1046 2038; x_wconf 81' lang='grc' dir='ltr'>τῆς</span> <span class='ocrx_word' id='word_1_153' title='bbox 1062 1961 1239 2054; x_wconf 85' lang='grc' dir='ltr'>καθάρσεως</span> <span class='ocrx_word' id='word_1_154' title='bbox 1255 1974 1313 2040; x_wconf 75' lang='grc' dir='ltr'>τῆς</span> <span class='ocrx_word' id='word_1_155' title='bbox 1330 1967 1366 2030; x_wconf 73' lang='grc' dir='ltr'>ἐκ</span> <span class='ocrx_word' id='word_1_156' title='bbox 1381 1974 1444 2030; x_wconf 94' lang='grc' dir='ltr'>τῶν</span> <span class='ocrx_word' id='word_1_157' title='bbox 1460 1963 1578 2050; x_wconf 87' lang='grc' dir='ltr'>παθῶν,</span> <span class='ocrx_word' id='word_1_158' title='bbox 1598 1970 1845 2057; x_wconf 82' lang='grc' dir='ltr'>άνανειυμένους</span> 
     </span>
     <span class='ocr_line' id='line_1_14' title="bbox 293 2066 1845 2169; baseline 0.006 -37"><span class='ocrx_word' id='word_1_159' title='bbox 293 2067 353 2142; x_wconf 87' lang='grc' dir='ltr'>τήν</span> <span class='ocrx_word' id='word_1_160' title='bbox 371 2068 498 2157; x_wconf 90' lang='grc' dir='ltr'>μνήμην</span> <span class='ocrx_word' id='word_1_161' title='bbox 522 2079 585 2133; x_wconf 88' lang='grc' dir='ltr'>τῶν</span> <span class='ocrx_word' id='word_1_162' title='bbox 609 2068 718 2135; x_wconf 90' lang='grc' dir='ltr'>όντων·</span> <span class='ocrx_word' id='word_1_163' title='bbox 743 2069 877 2162; x_wconf 81' lang='grc' dir='ltr'>μιασμός</span> <span class='ocrx_word' id='word_1_164' title='bbox 893 2068 953 2161; x_wconf 87' lang='grc' dir='ltr'>γάρ</span> <span class='ocrx_word' id='word_1_165' title='bbox 966 2067 1080 2161; x_wconf 90' lang='grc' dir='ltr'>Ιψυχῶν</span> <span class='ocrx_word' id='word_1_166' title='bbox 1096 2077 1115 2146; x_wconf 83' lang='grc' dir='ltr'>ή</span> <span class='ocrx_word' id='word_1_167' title='bbox 1135 2071 1277 2160; x_wconf 75' lang='grc' dir='ltr'>ἐμπαθὴς</span> <span class='ocrx_word' id='word_1_168' title='bbox 1293 2066 1357 2150; x_wconf 78' lang='grc' dir='ltr'>ζωή</span> <span class='ocrx_word' id='word_1_169' title='bbox 1376 2071 1430 2138; x_wconf 88' lang='grc' dir='ltr'>καὶ</span> <span class='ocrx_word' id='word_1_170' title='bbox 1446 2075 1561 2152; x_wconf 84' lang='grc' dir='ltr'>ένυλος,</span> <span class='ocrx_word' id='word_1_171' title='bbox 1580 2076 1630 2166; x_wconf 84' lang='grc' dir='ltr'>ἀρ’</span> <span class='ocrx_word' id='word_1_172' title='bbox 1648 2071 1684 2152; x_wconf 89' lang='grc' dir='ltr'>ής</span> <span class='ocrx_word' id='word_1_173' title='bbox 1704 2079 1845 2169; x_wconf 85' lang='grc' dir='ltr'>ἐπιγινό-</span> 
     </span>
     <span class='ocr_line' id='line_1_15' title="bbox 293 2170 1845 2277; baseline 0.006 -34"><span class='ocrx_word' id='word_1_174' title='bbox 293 2200 386 2268; x_wconf 90' lang='grc' dir='ltr'>μενον</span> <span class='ocrx_word' id='word_1_175' title='bbox 403 2178 440 2242; x_wconf 80' lang='grc' dir='ltr'>τό</span> <span class='ocrx_word' id='word_1_176' title='bbox 457 2187 515 2254; x_wconf 82' lang='grc' dir='ltr'>τῆς</span> <span class='ocrx_word' id='word_1_177' title='bbox 537 2175 639 2254; x_wconf 87' lang='grc' dir='ltr'>λήθης</span> <span class='ocrx_word' id='word_1_178' title='bbox 663 2176 771 2255; x_wconf 89' lang='grc' dir='ltr'>πάθος·</span> <span class='ocrx_word' id='word_1_179' title='bbox 788 2177 936 2270; x_wconf 86' lang='grc' dir='ltr'>κάθαρσις</span> <span class='ocrx_word' id='word_1_180' title='bbox 953 2170 1022 2254; x_wconf 84' lang='grc' dir='ltr'>δὲή</span> <span class='ocrx_word' id='word_1_181' title='bbox 1041 2172 1182 2255; x_wconf 79' lang='grc' dir='ltr'>ἀποόολή</span> <span class='ocrx_word' id='word_1_182' title='bbox 1201 2191 1265 2246; x_wconf 90' lang='grc' dir='ltr'>τῶν</span> <span class='ocrx_word' id='word_1_183' title='bbox 1281 2179 1421 2253; x_wconf 90' lang='grc' dir='ltr'>ληθαίων</span> <span class='ocrx_word' id='word_1_184' title='bbox 1437 2180 1559 2248; x_wconf 87' lang='grc' dir='ltr'>τοότων</span> <span class='ocrx_word' id='word_1_185' title='bbox 1583 2184 1636 2248; x_wconf 88' lang='grc' dir='ltr'>καί</span> <span class='ocrx_word' id='word_1_186' title='bbox 1658 2196 1700 2271; x_wconf 80' lang='grc' dir='ltr'>τῇ</span> <span class='ocrx_word' id='word_1_187' title='bbox 1718 2186 1845 2277; x_wconf 81' lang='grc' dir='ltr'>γενέσει</span> 
     </span>
    </p>

    <p class='ocr_par' dir='ltr' id='par_1_5' title="bbox 239 2285 601 2378">
     <span class='ocr_line' id='line_1_16' title="bbox 239 2285 601 2378; baseline 0 -26"><span class='ocrx_word' id='word_1_188' title='bbox 239 2298 266 2338; x_wconf 73' lang='lat'>¹³</span> <span class='ocrx_word' id='word_1_189' title='bbox 294 2285 461 2378; x_wconf 85' lang='grc' dir='ltr'>συμρόλων</span> <span class='ocrx_word' id='word_1_190' title='bbox 484 2285 601 2352; x_wconf 87' lang='grc' dir='ltr'>παθῶν.</span> 
     </span>
    </p>
   </div>
   <div class='ocr_carea' id='block_1_4' title="bbox 696 2417 1432 2452">
    <p class='ocr_par' dir='ltr' id='par_1_6' title="bbox 696 2417 1432 2452">
     <span class='ocr_line' id='line_1_17' title="bbox 696 2417 1432 2452; baseline 0.001 -17"><span class='ocrx_word' id='word_1_191' title='bbox 696 2417 1432 2452; x_wconf 51' lang='lat' dir='ltr'><strong>-—-—-——--*—&#39;-—-.-—--n-·—-</strong></span> 
     </span>
    </p>
   </div>
   <div class='ocr_carea' id='block_1_5' title="bbox 237 2605 1845 3359">
    <p class='ocr_par' dir='ltr' id='par_1_7' title="bbox 293 2605 1845 3033">
     <span class='ocr_line' id='line_1_18' title="bbox 337 2605 1845 2706; baseline 0 -25"><span class='ocrx_word' id='word_1_192' title='bbox 337 2614 415 2692; x_wconf 83' lang='grc' dir='ltr'>Τοὺς</span> <span class='ocrx_word' id='word_1_193' title='bbox 432 2613 486 2706; x_wconf 86' lang='grc' dir='ltr'>μέν</span> <span class='ocrx_word' id='word_1_194' title='bbox 504 2609 592 2700; x_wconf 60' lang='grc' dir='ltr'>οθνθ)</span> <span class='ocrx_word' id='word_1_195' title='bbox 608 2613 742 2690; x_wconf 84' lang='grc' dir='ltr'>πολλοὺς</span> <span class='ocrx_word' id='word_1_196' title='bbox 758 2612 957 2706; x_wconf 86' lang='grc' dir='ltr'>προστιθέναι</span> <span class='ocrx_word' id='word_1_197' title='bbox 973 2624 1038 2691; x_wconf 82' lang='grc' dir='ltr'>τοῖς</span> <span class='ocrx_word' id='word_1_198' title='bbox 1057 2613 1163 2704; x_wconf 78' lang='grc' dir='ltr'>μύθοις</span> <span class='ocrx_word' id='word_1_199' title='bbox 1180 2614 1246 2692; x_wconf 83' lang='grc' dir='ltr'>ἔθος</span> <span class='ocrx_word' id='word_1_200' title='bbox 1263 2613 1313 2698; x_wconf 81' lang='grc' dir='ltr'>ἦν,</span> <span class='ocrx_word' id='word_1_201' title='bbox 1331 2616 1381 2679; x_wconf 88' lang='grc' dir='ltr'>ότι</span> <span class='ocrx_word' id='word_1_202' title='bbox 1398 2613 1669 2703; x_wconf 81' lang='grc' dir='ltr'>μῦθοςάπώλετο,</span> <span class='ocrx_word' id='word_1_203' title='bbox 1686 2605 1845 2681; x_wconf 86' lang='grc' dir='ltr'>δεικνῦναι</span> 
     </span>
     <span class='ocr_line' id='line_1_19' title="bbox 294 2715 1844 2815; baseline -0.001 -25"><span class='ocrx_word' id='word_1_204' title='bbox 294 2726 501 2814; x_wconf 81' lang='grc' dir='ltr'>βουλομένους</span> <span class='ocrx_word' id='word_1_205' title='bbox 524 2729 564 2800; x_wconf 85' lang='grc' dir='ltr'>ὡς</span> <span class='ocrx_word' id='word_1_206' title='bbox 588 2723 647 2814; x_wconf 84' lang='grc' dir='ltr'>ἄρα</span> <span class='ocrx_word' id='word_1_207' title='bbox 666 2731 695 2788; x_wconf 88' lang='grc' dir='ltr'>οἱ</span> <span class='ocrx_word' id='word_1_208' title='bbox 715 2722 806 2813; x_wconf 90' lang='grc' dir='ltr'>μῦθοι</span> <span class='ocrx_word' id='word_1_209' title='bbox 820 2725 965 2815; x_wconf 87' lang='grc' dir='ltr'>λέγουσιν</span> <span class='ocrx_word' id='word_1_210' title='bbox 983 2723 1026 2814; x_wconf 79' lang='grc' dir='ltr'>μή</span> <span class='ocrx_word' id='word_1_211' title='bbox 1045 2725 1132 2811; x_wconf 88' lang='grc' dir='ltr'>ὄντα,</span> <span class='ocrx_word' id='word_1_212' title='bbox 1148 2715 1391 2812; x_wconf 84' lang='grc' dir='ltr'>πλασματώδεις</span> <span class='ocrx_word' id='word_1_213' title='bbox 1408 2726 1506 2802; x_wconf 89' lang='grc' dir='ltr'>όντες,</span> <span class='ocrx_word' id='word_1_214' title='bbox 1523 2725 1577 2790; x_wconf 85' lang='grc' dir='ltr'>καί</span> <span class='ocrx_word' id='word_1_215' title='bbox 1601 2723 1667 2813; x_wconf 84' lang='grc' dir='ltr'>ἅμα</span> <span class='ocrx_word' id='word_1_216' title='bbox 1690 2747 1726 2789; x_wconf 89' lang='grc' dir='ltr'>τε</span> <span class='ocrx_word' id='word_1_217' title='bbox 1750 2727 1844 2814; x_wconf 82' lang='grc' dir='ltr'>ἐρρή-</span> 
     </span>
     <span class='ocr_line' id='line_1_20' title="bbox 293 2823 1842 2922; baseline -0.001 -25"><span class='ocrx_word' id='word_1_218' title='bbox 293 2831 404 2911; x_wconf 84' lang='grc' dir='ltr'>θησαν,</span> <span class='ocrx_word' id='word_1_219' title='bbox 428 2833 482 2897; x_wconf 91' lang='grc' dir='ltr'>καὶ</span> <span class='ocrx_word' id='word_1_220' title='bbox 506 2835 561 2897; x_wconf 80' lang='grc' dir='ltr'>οὐκ</span> <span class='ocrx_word' id='word_1_221' title='bbox 585 2832 671 2913; x_wconf 88' lang='grc' dir='ltr'>εἰσίν,</span> <span class='ocrx_word' id='word_1_222' title='bbox 697 2833 789 2908; x_wconf 77' lang='grc' dir='ltr'>αὑτός</span> <span class='ocrx_word' id='word_1_223' title='bbox 813 2823 847 2899; x_wconf 83' lang='grc' dir='ltr'>δέ</span> <span class='ocrx_word' id='word_1_224' title='bbox 870 2842 931 2897; x_wconf 85' lang='grc' dir='ltr'>πᾶν</span> <span class='ocrx_word' id='word_1_225' title='bbox 955 2835 1137 2898; x_wconf 76' lang='grc' dir='ltr'>τούναντίον</span> <span class='ocrx_word' id='word_1_226' title='bbox 1154 2831 1208 2897; x_wconf 91' lang='grc' dir='ltr'>καί</span> <span class='ocrx_word' id='word_1_227' title='bbox 1225 2830 1359 2898; x_wconf 80' lang='grc' dir='ltr'>ἐνταῦθα</span> <span class='ocrx_word' id='word_1_228' title='bbox 1376 2833 1429 2897; x_wconf 85' lang='grc' dir='ltr'>καί</span> <span class='ocrx_word' id='word_1_229' title='bbox 1449 2835 1602 2922; x_wconf 83' lang='grc' dir='ltr'>ἀλλαχοῦ,</span> <span class='ocrx_word' id='word_1_230' title='bbox 1627 2825 1778 2910; x_wconf 81' lang='grc' dir='ltr'>σώζεσθαί</span> <span class='ocrx_word' id='word_1_231' title='bbox 1803 2857 1842 2897; x_wconf 91' lang='grc' dir='ltr'>τε</span> 
     </span>
     <span class='ocr_line' id='line_1_21' title="bbox 293 2935 1842 3033; baseline -0.001 -27"><span class='ocrx_word' id='word_1_232' title='bbox 293 2942 348 3006; x_wconf 84' lang='grc' dir='ltr'>καί</span> <span class='ocrx_word' id='word_1_233' title='bbox 370 2935 477 3022; x_wconf 80' lang='grc' dir='ltr'>σώζειν</span> <span class='ocrx_word' id='word_1_234' title='bbox 502 2941 595 3032; x_wconf 84' lang='grc' dir='ltr'>φησίν</span> <span class='ocrx_word' id='word_1_235' title='bbox 620 2939 691 3016; x_wconf 84' lang='grc' dir='ltr'>τοὺς</span> <span class='ocrx_word' id='word_1_236' title='bbox 717 2939 830 3030; x_wconf 86' lang='grc' dir='ltr'>μόθους</span> <span class='ocrx_word' id='word_1_237' title='bbox 854 2941 925 3018; x_wconf 85' lang='grc' dir='ltr'>τοὺς</span> <span class='ocrx_word' id='word_1_238' title='bbox 949 2946 1022 3031; x_wconf 84' lang='grc' dir='ltr'>παρ’</span> <span class='ocrx_word' id='word_1_239' title='bbox 1048 2944 1143 3024; x_wconf 81' lang='grc' dir='ltr'>αὐτῷ,</span> <span class='ocrx_word' id='word_1_240' title='bbox 1162 2941 1250 3030; x_wconf 90' lang='grc' dir='ltr'>μάλα</span> <span class='ocrx_word' id='word_1_241' title='bbox 1266 2965 1302 3033; x_wconf 91' lang='grc' dir='ltr'>γε</span> <span class='ocrx_word' id='word_1_242' title='bbox 1318 2939 1455 3016; x_wconf 88' lang='grc' dir='ltr'>εἰκότως·</span> <span class='ocrx_word' id='word_1_243' title='bbox 1473 2949 1536 3005; x_wconf 90' lang='grc' dir='ltr'>τῶν</span> <span class='ocrx_word' id='word_1_244' title='bbox 1558 2939 1617 3033; x_wconf 86' lang='grc' dir='ltr'>γάρ</span> <span class='ocrx_word' id='word_1_245' title='bbox 1641 2943 1739 3006; x_wconf 88' lang='grc' dir='ltr'>όντων</span> <span class='ocrx_word' id='word_1_246' title='bbox 1763 2941 1842 3006; x_wconf 87' lang='grc' dir='ltr'>εἱσίν</span> 
     </span>
    </p>

    <p class='ocr_par' dir='ltr' id='par_1_8' title="bbox 237 3041 1845 3359">
     <span class='ocr_line' id='line_1_22' title="bbox 237 3041 1842 3143; baseline -0.003 -25"><span class='ocrx_word' id='word_1_247' title='bbox 237 3072 265 3110; x_wconf 78' lang='lat'>2⁰</span> <span class='ocrx_word' id='word_1_248' title='bbox 292 3044 457 3143; x_wconf 77' lang='grc' dir='ltr'>έξηγηταὶ,</span> <span class='ocrx_word' id='word_1_249' title='bbox 483 3051 537 3116; x_wconf 89' lang='grc' dir='ltr'>καὶ</span> <span class='ocrx_word' id='word_1_250' title='bbox 560 3049 710 3142; x_wconf 82' lang='grc' dir='ltr'>ὠφέλιμοι</span> <span class='ocrx_word' id='word_1_251' title='bbox 733 3061 796 3115; x_wconf 87' lang='grc' dir='ltr'>τῶν</span> <span class='ocrx_word' id='word_1_252' title='bbox 814 3051 990 3116; x_wconf 87' lang='grc' dir='ltr'>ἀκουόντων</span> <span class='ocrx_word' id='word_1_253' title='bbox 1006 3049 1204 3140; x_wconf 84' lang='grc' dir='ltr'>ὑπάρχουσιν·</span> <span class='ocrx_word' id='word_1_254' title='bbox 1221 3041 1336 3116; x_wconf 88' lang='grc' dir='ltr'>τοιοῖδε</span> <span class='ocrx_word' id='word_1_255' title='bbox 1354 3050 1439 3126; x_wconf 85' lang='grc' dir='ltr'>ὄντες</span> <span class='ocrx_word' id='word_1_256' title='bbox 1465 3049 1518 3116; x_wconf 90' lang='grc' dir='ltr'>καὶ</span> <span class='ocrx_word' id='word_1_257' title='bbox 1541 3049 1613 3126; x_wconf 83' lang='grc' dir='ltr'>τοὺς</span> <span class='ocrx_word' id='word_1_258' title='bbox 1636 3049 1842 3138; x_wconf 88' lang='grc' dir='ltr'>πειθομένους</span> 
     </span>
     <span class='ocr_line' id='line_1_23' title="bbox 291 3155 1845 3251; baseline 0.003 -31"><span class='ocrx_word' id='word_1_259' title='bbox 291 3161 396 3233; x_wconf 82' lang='grc' dir='ltr'>αἰτοῖς</span> <span class='ocrx_word' id='word_1_260' title='bbox 420 3155 627 3247; x_wconf 75' lang='grc' dir='ltr'>ἐπανάγουσιν</span> <span class='ocrx_word' id='word_1_261' title='bbox 652 3161 812 3250; x_wconf 78' lang='grc' dir='ltr'>αὐτοφυῶς</span> <span class='ocrx_word' id='word_1_262' title='bbox 843 3159 894 3227; x_wconf 82' lang='grc' dir='ltr'>ἐπί</span> <span class='ocrx_word' id='word_1_263' title='bbox 917 3159 976 3234; x_wconf 83' lang='grc' dir='ltr'>τήν</span> <span class='ocrx_word' id='word_1_264' title='bbox 1000 3169 1063 3225; x_wconf 88' lang='grc' dir='ltr'>τῶν</span> <span class='ocrx_word' id='word_1_265' title='bbox 1087 3160 1185 3225; x_wconf 85' lang='grc' dir='ltr'>ὄντων</span> <span class='ocrx_word' id='word_1_266' title='bbox 1211 3157 1377 3237; x_wconf 87' lang='grc' dir='ltr'>ἀλήθειαν,</span> <span class='ocrx_word' id='word_1_267' title='bbox 1401 3161 1510 3251; x_wconf 86' lang='grc' dir='ltr'>καίπερ</span> <span class='ocrx_word' id='word_1_268' title='bbox 1535 3159 1759 3226; x_wconf 87' lang='grc' dir='ltr'>άνευ“εἰκότων</span> <span class='ocrx_word' id='word_1_269' title='bbox 1784 3162 1845 3225; x_wconf 87' lang='grc' dir='ltr'>καί</span> 
     </span>
     <span class='ocr_line' id='line_1_24' title="bbox 292 3255 1372 3359; baseline 0.005 -30"><span class='ocrx_word' id='word_1_270' title='bbox 292 3255 477 3343; x_wconf 80' lang='grc' dir='ltr'>ἀποδείξεως</span> <span class='ocrx_word' id='word_1_271' title='bbox 501 3257 713 3352; x_wconf 88' lang='grc' dir='ltr'>διδάσκοντες,</span> <span class='ocrx_word' id='word_1_272' title='bbox 738 3274 777 3345; x_wconf 91' lang='grc' dir='ltr'>ὡς</span> <span class='ocrx_word' id='word_1_273' title='bbox 802 3269 839 3334; x_wconf 87' lang='grc' dir='ltr'>άν</span> <span class='ocrx_word' id='word_1_274' title='bbox 863 3279 931 3346; x_wconf 81' lang='grc' dir='ltr'>ταῖς</span> <span class='ocrx_word' id='word_1_275' title='bbox 955 3260 1176 3359; x_wconf 86' lang='grc' dir='ltr'>ἀδιαστρόροις</span> <span class='ocrx_word' id='word_1_276' title='bbox 1198 3273 1289 3357; x_wconf 84' lang='grc' dir='ltr'>ήμῶν</span> <span class='ocrx_word' id='word_1_277' title='bbox 1312 3291 1372 3359; x_wconf 91' lang='grc' dir='ltr'>προ</span> 
     </span>
    </p>
   </div>
   <div class='ocr_carea' id='block_1_6' title="bbox 237 3475 1845 4880">
    <p class='ocr_par' dir='ltr' id='par_1_9' title="bbox 237 3475 1845 4880">
     <span class='ocr_line' id='line_1_25' title="bbox 292 3475 1840 3578; baseline -0.001 -29"><span class='ocrx_word' id='word_1_278' title='bbox 292 3483 315 3549; x_wconf 82' lang='grc' dir='ltr'>ί.</span> <span class='ocrx_word' id='word_1_279' title='bbox 332 3485 411 3550; x_wconf 79' lang='lat'>194:</span> <span class='ocrx_word' id='word_1_280' title='bbox 424 3479 554 3572; x_wconf 87' lang='grc' dir='ltr'>λήψεσιν</span> <span class='ocrx_word' id='word_1_281' title='bbox 571 3481 676 3575; x_wconf 55' lang='grc' dir='ltr'>περίθ)</span> <span class='ocrx_word' id='word_1_282' title='bbox 690 3495 753 3550; x_wconf 85' lang='grc' dir='ltr'>τῶν</span> <span class='ocrx_word' id='word_1_283' title='bbox 769 3485 965 3578; x_wconf 86' lang='grc' dir='ltr'>πραγμάτων</span> <span class='ocrx_word' id='word_1_284' title='bbox 983 3477 1177 3572; x_wconf 84' lang='grc' dir='ltr'>συνᾴδοντες.</span> <span class='ocrx_word' id='word_1_285' title='bbox 1193 3523 1234 3534; x_wconf 90' lang='lat'><em>-</em></span> <span class='ocrx_word' id='word_1_286' title='bbox 1247 3483 1295 3550; x_wconf 77' lang='grc' dir='ltr'>Τἀ</span> <span class='ocrx_word' id='word_1_287' title='bbox 1313 3484 1367 3572; x_wconf 86' lang='grc' dir='ltr'>μέν</span> <span class='ocrx_word' id='word_1_288' title='bbox 1387 3475 1424 3556; x_wconf 80' lang='grc' dir='ltr'>δή</span> <span class='ocrx_word' id='word_1_289' title='bbox 1443 3493 1498 3549; x_wconf 90' lang='grc' dir='ltr'>τοῦ</span> <span class='ocrx_word' id='word_1_290' title='bbox 1516 3481 1613 3573; x_wconf 90' lang='grc' dir='ltr'>μόθου</span> <span class='ocrx_word' id='word_1_291' title='bbox 1625 3483 1715 3558; x_wconf 88' lang='grc' dir='ltr'>τέλος</span> <span class='ocrx_word' id='word_1_292' title='bbox 1728 3483 1840 3573; x_wconf 85' lang='grc' dir='ltr'>ἐχέτω,</span> 
     </span>
     <span class='ocr_line' id='line_1_26' title="bbox 293 3581 1842 3683; baseline 0.001 -29"><span class='ocrx_word' id='word_1_293' title='bbox 293 3587 408 3679; x_wconf 85' lang='grc' dir='ltr'>σμικρά</span> <span class='ocrx_word' id='word_1_294' title='bbox 433 3581 466 3655; x_wconf 89' lang='grc' dir='ltr'>δέ</span> <span class='ocrx_word' id='word_1_295' title='bbox 488 3589 630 3681; x_wconf 86' lang='grc' dir='ltr'>προσθείς</span> <span class='ocrx_word' id='word_1_296' title='bbox 645 3592 768 3669; x_wconf 78' lang='grc' dir='ltr'>τούτοις</span> <span class='ocrx_word' id='word_1_297' title='bbox 785 3593 950 3683; x_wconf 88' lang='grc' dir='ltr'>σπέρματα</span> <span class='ocrx_word' id='word_1_298' title='bbox 965 3595 1040 3683; x_wconf 82' lang='grc' dir='ltr'>πρὸς</span> <span class='ocrx_word' id='word_1_299' title='bbox 1056 3592 1116 3664; x_wconf 80' lang='grc' dir='ltr'>τὴν</span> <span class='ocrx_word' id='word_1_300' title='bbox 1134 3583 1226 3671; x_wconf 77' lang='grc' dir='ltr'>δόξαν</span> <span class='ocrx_word' id='word_1_301' title='bbox 1244 3602 1300 3657; x_wconf 93' lang='grc' dir='ltr'>τοῦ</span> <span class='ocrx_word' id='word_1_302' title='bbox 1322 3591 1498 3673; x_wconf 84' lang='grc' dir='ltr'>Πλάτωνος,</span> <span class='ocrx_word' id='word_1_303' title='bbox 1523 3595 1667 3657; x_wconf 86' lang='grc' dir='ltr'>τείνοντα</span> <span class='ocrx_word' id='word_1_304' title='bbox 1690 3592 1761 3682; x_wconf 85' lang='grc' dir='ltr'>περὶ</span> <span class='ocrx_word' id='word_1_305' title='bbox 1784 3601 1842 3656; x_wconf 91' lang='grc' dir='ltr'>τοῦ</span> 
     </span>
     <span class='ocr_line' id='line_1_27' title="bbox 237 3693 1842 3793; baseline 0 -30"><span class='ocrx_word' id='word_1_306' title='bbox 237 3713 264 3750; x_wconf 73' lang='lat'>²⁵</span> <span class='ocrx_word' id='word_1_307' title='bbox 293 3697 338 3788; x_wconf 86' lang='grc' dir='ltr'>ἐρ’</span> <span class='ocrx_word' id='word_1_308' title='bbox 364 3703 447 3789; x_wconf 81' lang='grc' dir='ltr'>ὑμῖν,</span> <span class='ocrx_word' id='word_1_309' title='bbox 471 3701 526 3766; x_wconf 82' lang='grc' dir='ltr'>καί</span> <span class='ocrx_word' id='word_1_310' title='bbox 550 3701 758 3792; x_wconf 88' lang='grc' dir='ltr'>Εἱμαρμένης,</span> <span class='ocrx_word' id='word_1_311' title='bbox 781 3703 836 3766; x_wconf 83' lang='grc' dir='ltr'>καὶ</span> <span class='ocrx_word' id='word_1_312' title='bbox 858 3703 1014 3793; x_wconf 90' lang='grc' dir='ltr'>προνοίας,</span> <span class='ocrx_word' id='word_1_313' title='bbox 1038 3698 1215 3791; x_wconf 80' lang='grc' dir='ltr'>περιγράψω</span> <span class='ocrx_word' id='word_1_314' title='bbox 1232 3700 1286 3766; x_wconf 87' lang='grc' dir='ltr'>καί</span> <span class='ocrx_word' id='word_1_315' title='bbox 1302 3701 1398 3766; x_wconf 82' lang='grc' dir='ltr'>αὐτόν</span> <span class='ocrx_word' id='word_1_316' title='bbox 1421 3702 1476 3766; x_wconf 86' lang='grc' dir='ltr'>τὸν</span> <span class='ocrx_word' id='word_1_317' title='bbox 1499 3701 1604 3792; x_wconf 88' lang='grc' dir='ltr'>λόγον.</span> <span class='ocrx_word' id='word_1_318' title='bbox 1621 3701 1699 3767; x_wconf 81' lang='grc' dir='ltr'>’Ότι</span> <span class='ocrx_word' id='word_1_319' title='bbox 1715 3700 1770 3790; x_wconf 88' lang='grc' dir='ltr'>μὲν</span> <span class='ocrx_word' id='word_1_320' title='bbox 1787 3693 1842 3764; x_wconf 76' lang='grc' dir='ltr'>οὖν</span> 
     </span>
     <span class='ocr_line' id='line_1_28' title="bbox 292 3801 1842 3901; baseline 0.001 -31"><span class='ocrx_word' id='word_1_321' title='bbox 292 3811 360 3871; x_wconf 84' lang='grc' dir='ltr'>ἐστι</span> <span class='ocrx_word' id='word_1_322' title='bbox 382 3819 477 3874; x_wconf 90' lang='grc' dir='ltr'>τοῦτο</span> <span class='ocrx_word' id='word_1_323' title='bbox 502 3801 540 3881; x_wconf 83' lang='grc' dir='ltr'>δή</span> <span class='ocrx_word' id='word_1_324' title='bbox 566 3811 603 3875; x_wconf 83' lang='grc' dir='ltr'>τό</span> <span class='ocrx_word' id='word_1_325' title='bbox 627 3816 673 3900; x_wconf 83' lang='grc' dir='ltr'>ἐρ’</span> <span class='ocrx_word' id='word_1_326' title='bbox 691 3817 780 3900; x_wconf 84' lang='grc' dir='ltr'>ήμῖν,</span> <span class='ocrx_word' id='word_1_327' title='bbox 797 3804 952 3877; x_wconf 91' lang='grc' dir='ltr'>δεικνῦναι</span> <span class='ocrx_word' id='word_1_328' title='bbox 976 3809 1061 3875; x_wconf 84' lang='grc' dir='ltr'>κατά</span> <span class='ocrx_word' id='word_1_329' title='bbox 1085 3808 1241 3876; x_wconf 86' lang='grc' dir='ltr'>Πλάτωνα</span> <span class='ocrx_word' id='word_1_330' title='bbox 1264 3810 1421 3901; x_wconf 82' lang='grc' dir='ltr'>περιττόν,</span> <span class='ocrx_word' id='word_1_331' title='bbox 1444 3819 1610 3899; x_wconf 83' lang='grc' dir='ltr'>πανταχοῦ</span> <span class='ocrx_word' id='word_1_332' title='bbox 1633 3807 1690 3886; x_wconf 83' lang='grc' dir='ltr'>τάς</span> <span class='ocrx_word' id='word_1_333' title='bbox 1711 3808 1842 3900; x_wconf 88' lang='grc' dir='ltr'>αἱρέσεις</span> 
     </span>
     <span class='ocr_line' id='line_1_29' title="bbox 292 3912 1841 4010; baseline -0.001 -30"><span class='ocrx_word' id='word_1_334' title='bbox 292 3925 355 3980; x_wconf 90' lang='grc' dir='ltr'>τῶν</span> <span class='ocrx_word' id='word_1_335' title='bbox 379 3912 486 4006; x_wconf 88' lang='grc' dir='ltr'>ψυχῶν</span> <span class='ocrx_word' id='word_1_336' title='bbox 520 3918 619 3993; x_wconf 88' lang='grc' dir='ltr'>αἱτίας</span> <span class='ocrx_word' id='word_1_337' title='bbox 643 3919 790 4010; x_wconf 89' lang='grc' dir='ltr'>λέγοντος</span> <span class='ocrx_word' id='word_1_338' title='bbox 815 3923 925 3996; x_wconf 85' lang='grc' dir='ltr'>αὑταῖς</span> <span class='ocrx_word' id='word_1_339' title='bbox 956 3914 1120 3984; x_wconf 83' lang='grc' dir='ltr'>εἶναιτῶν</span> <span class='ocrx_word' id='word_1_340' title='bbox 1144 3941 1220 3982; x_wconf 90' lang='grc' dir='ltr'>τοτε</span> <span class='ocrx_word' id='word_1_341' title='bbox 1244 3915 1370 4008; x_wconf 90' lang='grc' dir='ltr'>αγαθων</span> <span class='ocrx_word' id='word_1_342' title='bbox 1398 3917 1524 3983; x_wconf 90' lang='grc' dir='ltr'>πάντων</span> <span class='ocrx_word' id='word_1_343' title='bbox 1556 3917 1610 3980; x_wconf 85' lang='grc' dir='ltr'>καί</span> <span class='ocrx_word' id='word_1_344' title='bbox 1636 3926 1699 3980; x_wconf 89' lang='grc' dir='ltr'>τῶν</span> <span class='ocrx_word' id='word_1_345' title='bbox 1723 3926 1841 4000; x_wconf 85' lang='grc' dir='ltr'>κακῶν,</span> 
     </span>
     <span class='ocr_line' id='line_1_30' title="bbox 293 4018 1843 4116; baseline 0.001 -28"><span class='ocrx_word' id='word_1_346' title='bbox 293 4024 346 4088; x_wconf 87' lang='grc' dir='ltr'>καί</span> <span class='ocrx_word' id='word_1_347' title='bbox 368 4023 428 4096; x_wconf 86' lang='grc' dir='ltr'>τήν</span> <span class='ocrx_word' id='word_1_348' title='bbox 454 4024 569 4116; x_wconf 85' lang='grc' dir='ltr'>ἀρετήν</span> <span class='ocrx_word' id='word_1_349' title='bbox 594 4018 767 4093; x_wconf 87' lang='grc' dir='ltr'>ἀδέσποτον</span> <span class='ocrx_word' id='word_1_350' title='bbox 791 4032 968 4105; x_wconf 85' lang='grc' dir='ltr'>καλοῦντος.</span> <span class='ocrx_word' id='word_1_351' title='bbox 993 4027 1080 4100; x_wconf 84' lang='grc' dir='ltr'>Πλήν</span> <span class='ocrx_word' id='word_1_352' title='bbox 1105 4029 1155 4093; x_wconf 89' lang='grc' dir='ltr'>ότι</span> <span class='ocrx_word' id='word_1_353' title='bbox 1178 4025 1249 4091; x_wconf 83' lang='grc' dir='ltr'>κατ’</span> <span class='ocrx_word' id='word_1_354' title='bbox 1275 4027 1370 4091; x_wconf 76' lang='grc' dir='ltr'>αὐτόν</span> <span class='ocrx_word' id='word_1_355' title='bbox 1395 4031 1451 4092; x_wconf 72' lang='grc' dir='ltr'>οὐκ</span> <span class='ocrx_word' id='word_1_356' title='bbox 1474 4026 1600 4091; x_wconf 79' lang='grc' dir='ltr'>ἔστιτὸ</span> <span class='ocrx_word' id='word_1_357' title='bbox 1623 4025 1761 4090; x_wconf 83' lang='grc' dir='ltr'>έκοίισιον</span> <span class='ocrx_word' id='word_1_358' title='bbox 1786 4026 1843 4090; x_wconf 84' lang='grc' dir='ltr'>καὶ</span> 
     </span>
     <span class='ocr_line' id='line_1_31' title="bbox 292 4132 1844 4227; baseline 0.001 -31"><span class='ocrx_word' id='word_1_359' title='bbox 292 4133 330 4197; x_wconf 81' lang='grc' dir='ltr'>τό</span> <span class='ocrx_word' id='word_1_360' title='bbox 354 4137 401 4222; x_wconf 80' lang='grc' dir='ltr'>ἐρ’</span> <span class='ocrx_word' id='word_1_361' title='bbox 425 4138 502 4223; x_wconf 83' lang='grc' dir='ltr'>ήμϊν</span> <span class='ocrx_word' id='word_1_362' title='bbox 527 4135 655 4220; x_wconf 81' lang='grc' dir='ltr'>ταύτόν,</span> <span class='ocrx_word' id='word_1_363' title='bbox 680 4135 763 4201; x_wconf 87' lang='grc' dir='ltr'>ἀλλά</span> <span class='ocrx_word' id='word_1_364' title='bbox 787 4137 825 4202; x_wconf 81' lang='grc' dir='ltr'>τό</span> <span class='ocrx_word' id='word_1_365' title='bbox 849 4136 938 4226; x_wconf 64' lang='grc' dir='ltr'>μένὶ)</span> <span class='ocrx_word' id='word_1_366' title='bbox 963 4137 1099 4202; x_wconf 82' lang='grc' dir='ltr'>ἑκούσιον</span> <span class='ocrx_word' id='word_1_367' title='bbox 1116 4141 1147 4202; x_wconf 84' lang='grc' dir='ltr'>ὲν</span> <span class='ocrx_word' id='word_1_368' title='bbox 1166 4135 1270 4226; x_wconf 90' lang='grc' dir='ltr'>μόνοις</span> <span class='ocrx_word' id='word_1_369' title='bbox 1293 4135 1379 4201; x_wconf 89' lang='grc' dir='ltr'>ἑστὶν</span> <span class='ocrx_word' id='word_1_370' title='bbox 1403 4145 1469 4211; x_wconf 86' lang='grc' dir='ltr'>τοῖς</span> <span class='ocrx_word' id='word_1_371' title='bbox 1484 4132 1623 4227; x_wconf 82' lang='grc' dir='ltr'>ἀγαθοῖς,</span> <span class='ocrx_word' id='word_1_372' title='bbox 1647 4136 1731 4224; x_wconf 83' lang='grc' dir='ltr'>εἴπερ</span> <span class='ocrx_word' id='word_1_373' title='bbox 1748 4135 1844 4198; x_wconf 84' lang='grc' dir='ltr'>ἀκοό-</span> 
     </span>
     <span class='ocr_line' id='line_1_32' title="bbox 237 4235 1842 4335; baseline -0.001 -29"><span class='ocrx_word' id='word_1_374' title='bbox 237 4247 264 4284; x_wconf 85' lang='lat'>³⁰</span> <span class='ocrx_word' id='word_1_375' title='bbox 293 4265 356 4318; x_wconf 86' lang='grc' dir='ltr'>σιος</span> <span class='ocrx_word' id='word_1_376' title='bbox 380 4241 434 4306; x_wconf 86' lang='grc' dir='ltr'>καὶ</span> <span class='ocrx_word' id='word_1_377' title='bbox 458 4235 633 4318; x_wconf 73' lang='grc' dir='ltr'>ἀόοόλητος</span> <span class='ocrx_word' id='word_1_378' title='bbox 658 4247 752 4309; x_wconf 87' lang='grc' dir='ltr'>ὁτῶν</span> <span class='ocrx_word' id='word_1_379' title='bbox 769 4254 874 4310; x_wconf 85' lang='grc' dir='ltr'>κακῶν</span> <span class='ocrx_word' id='word_1_380' title='bbox 893 4247 966 4328; x_wconf 82' lang='grc' dir='ltr'>βίος·</span> <span class='ocrx_word' id='word_1_381' title='bbox 981 4245 1028 4334; x_wconf 81' lang='grc' dir='ltr'>ἐρ’</span> <span class='ocrx_word' id='word_1_382' title='bbox 1046 4251 1122 4335; x_wconf 84' lang='grc' dir='ltr'>ήμῒν</span> <span class='ocrx_word' id='word_1_383' title='bbox 1140 4235 1173 4310; x_wconf 87' lang='grc' dir='ltr'>δέ</span> <span class='ocrx_word' id='word_1_384' title='bbox 1190 4245 1243 4308; x_wconf 86' lang='grc' dir='ltr'>καί</span> <span class='ocrx_word' id='word_1_385' title='bbox 1260 4244 1321 4309; x_wconf 80' lang='grc' dir='ltr'>ἀπό</span> <span class='ocrx_word' id='word_1_386' title='bbox 1344 4253 1407 4308; x_wconf 89' lang='grc' dir='ltr'>τῶν</span> <span class='ocrx_word' id='word_1_387' title='bbox 1431 4243 1592 4334; x_wconf 78' lang='grc' dir='ltr'>ἡμετέρων</span> <span class='ocrx_word' id='word_1_388' title='bbox 1617 4245 1761 4332; x_wconf 88' lang='grc' dir='ltr'>αἱρέσεων</span> <span class='ocrx_word' id='word_1_389' title='bbox 1786 4243 1842 4306; x_wconf 89' lang='grc' dir='ltr'>καὶ</span> 
     </span>
     <span class='ocr_line' id='line_1_33' title="bbox 292 4342 1840 4444; baseline -0.001 -30"><span class='ocrx_word' id='word_1_390' title='bbox 292 4347 335 4414; x_wconf 88' lang='grc' dir='ltr'>τά</span> <span class='ocrx_word' id='word_1_391' title='bbox 359 4350 587 4439; x_wconf 83' lang='grc' dir='ltr'>ἁμαρτήματα·</span> <span class='ocrx_word' id='word_1_392' title='bbox 611 4352 665 4416; x_wconf 85' lang='grc' dir='ltr'>καί</span> <span class='ocrx_word' id='word_1_393' title='bbox 688 4351 748 4443; x_wconf 88' lang='grc' dir='ltr'>γάρ</span> <span class='ocrx_word' id='word_1_394' title='bbox 765 4362 869 4418; x_wconf 89' lang='grc' dir='ltr'>ταῦτα</span> <span class='ocrx_word' id='word_1_395' title='bbox 888 4352 1064 4443; x_wconf 77' lang='grc' dir='ltr'>αἱρούμεθα,</span> <span class='ocrx_word' id='word_1_396' title='bbox 1082 4354 1136 4418; x_wconf 92' lang='grc' dir='ltr'>καὶ</span> <span class='ocrx_word' id='word_1_397' title='bbox 1150 4354 1291 4438; x_wconf 85' lang='grc' dir='ltr'>ἑλόμενοι</span> <span class='ocrx_word' id='word_1_398' title='bbox 1314 4352 1505 4443; x_wconf 88' lang='grc' dir='ltr'>πράττομεν,</span> <span class='ocrx_word' id='word_1_399' title='bbox 1530 4350 1613 4416; x_wconf 86' lang='grc' dir='ltr'>ἀλλά</span> <span class='ocrx_word' id='word_1_400' title='bbox 1637 4342 1671 4416; x_wconf 82' lang='grc' dir='ltr'>δι’</span> <span class='ocrx_word' id='word_1_401' title='bbox 1700 4351 1840 4444; x_wconf 86' lang='grc' dir='ltr'>ἄγνοιαν·</span> 
     </span>
     <span class='ocr_line' id='line_1_34' title="bbox 293 4450 1842 4552; baseline -0.001 -30"><span class='ocrx_word' id='word_1_402' title='bbox 293 4461 319 4522; x_wconf 87' lang='grc' dir='ltr'>εἱ</span> <span class='ocrx_word' id='word_1_403' title='bbox 342 4450 394 4522; x_wconf 80' lang='grc' dir='ltr'>οὗν</span> <span class='ocrx_word' id='word_1_404' title='bbox 418 4456 461 4522; x_wconf 86' lang='grc' dir='ltr'>τά</span> <span class='ocrx_word' id='word_1_405' title='bbox 486 4461 703 4549; x_wconf 83' lang='grc' dir='ltr'>ἁμαρτήματα</span> <span class='ocrx_word' id='word_1_406' title='bbox 728 4461 859 4526; x_wconf 80' lang='grc' dir='ltr'>ἀκούσια</span> <span class='ocrx_word' id='word_1_407' title='bbox 876 4461 942 4548; x_wconf 87' lang='grc' dir='ltr'>μὲν,</span> <span class='ocrx_word' id='word_1_408' title='bbox 958 4466 989 4527; x_wconf 84' lang='grc' dir='ltr'>ἐν</span> <span class='ocrx_word' id='word_1_409' title='bbox 1007 4472 1075 4538; x_wconf 81' lang='grc' dir='ltr'>ταῖς</span> <span class='ocrx_word' id='word_1_410' title='bbox 1091 4461 1243 4552; x_wconf 91' lang='grc' dir='ltr'>αἱρέσεσιν</span> <span class='ocrx_word' id='word_1_411' title='bbox 1259 4453 1293 4527; x_wconf 85' lang='grc' dir='ltr'>δέ</span> <span class='ocrx_word' id='word_1_412' title='bbox 1313 4467 1402 4549; x_wconf 83' lang='grc' dir='ltr'>ήμῶν</span> <span class='ocrx_word' id='word_1_413' title='bbox 1427 4460 1573 4526; x_wconf 76' lang='grc' dir='ltr'>ἐστικαὶ</span> <span class='ocrx_word' id='word_1_414' title='bbox 1597 4471 1710 4544; x_wconf 86' lang='grc' dir='ltr'>ταῦτα,</span> <span class='ocrx_word' id='word_1_415' title='bbox 1734 4457 1842 4524; x_wconf 87' lang='grc' dir='ltr'>πάντα</span> 
     </span>
     <span class='ocr_line' id='line_1_35' title="bbox 293 4558 1843 4662; baseline -0.001 -29"><span class='ocrx_word' id='word_1_416' title='bbox 293 4566 348 4656; x_wconf 88' lang='grc' dir='ltr'>μὲν</span> <span class='ocrx_word' id='word_1_417' title='bbox 373 4566 415 4632; x_wconf 88' lang='grc' dir='ltr'>τά</span> <span class='ocrx_word' id='word_1_418' title='bbox 438 4567 563 4632; x_wconf 85' lang='grc' dir='ltr'>ἑκοόσια</span> <span class='ocrx_word' id='word_1_419' title='bbox 586 4570 640 4634; x_wconf 83' lang='grc' dir='ltr'>καί</span> <span class='ocrx_word' id='word_1_420' title='bbox 663 4569 773 4662; x_wconf 87' lang='grc' dir='ltr'>αἱρετά</span> <span class='ocrx_word' id='word_1_421' title='bbox 791 4562 943 4644; x_wconf 85' lang='grc' dir='ltr'>δήπουθέν</span> <span class='ocrx_word' id='word_1_422' title='bbox 961 4575 1055 4653; x_wconf 82' lang='grc' dir='ltr'>ἐστιν,</span> <span class='ocrx_word' id='word_1_423' title='bbox 1073 4573 1106 4636; x_wconf 82' lang='grc' dir='ltr'>οὐ</span> <span class='ocrx_word' id='word_1_424' title='bbox 1123 4571 1229 4637; x_wconf 90' lang='grc' dir='ltr'>πάντα</span> <span class='ocrx_word' id='word_1_425' title='bbox 1246 4562 1337 4636; x_wconf 82' lang='grc' dir='ltr'>δὲτὰ</span> <span class='ocrx_word' id='word_1_426' title='bbox 1362 4568 1480 4658; x_wconf 84' lang='grc' dir='ltr'>αἱρετά,</span> <span class='ocrx_word' id='word_1_427' title='bbox 1504 4568 1637 4634; x_wconf 83' lang='grc' dir='ltr'>ἑκοιὶσια·</span> <span class='ocrx_word' id='word_1_428' title='bbox 1660 4567 1781 4632; x_wconf 79' lang='grc' dir='ltr'>τούτων</span> <span class='ocrx_word' id='word_1_429' title='bbox 1808 4558 1843 4631; x_wconf 83' lang='grc' dir='ltr'>δέ</span> 
     </span>
     <span class='ocr_line' id='line_1_36' title="bbox 292 4665 1845 4769; baseline -0.003 -29"><span class='ocrx_word' id='word_1_430' title='bbox 292 4677 330 4741; x_wconf 78' lang='grc' dir='ltr'>τ“ο</span> <span class='ocrx_word' id='word_1_431' title='bbox 355 4677 410 4768; x_wconf 73' lang='grc' dir='ltr'>μέν</span> <span class='ocrx_word' id='word_1_432' title='bbox 435 4677 566 4744; x_wconf 86' lang='grc' dir='ltr'>άκοόσια</span> <span class='ocrx_word' id='word_1_433' title='bbox 589 4673 666 4745; x_wconf 83' lang='grc' dir='ltr'>εἶναι</span> <span class='ocrx_word' id='word_1_434' title='bbox 689 4681 748 4744; x_wconf 86' lang='grc' dir='ltr'>ὅσα</span> <span class='ocrx_word' id='word_1_435' title='bbox 772 4677 1002 4769; x_wconf 83' lang='grc' dir='ltr'>ἁμαρτάνομεν,</span> <span class='ocrx_word' id='word_1_436' title='bbox 1026 4683 1119 4762; x_wconf 85' lang='grc' dir='ltr'>ἐντῷ</span> <span class='ocrx_word' id='word_1_437' title='bbox 1137 4678 1237 4763; x_wconf 82' lang='grc' dir='ltr'>ἐνάτῳ</span> <span class='ocrx_word' id='word_1_438' title='bbox 1261 4668 1418 4744; x_wconf 84' lang='grc' dir='ltr'>δέδεικται</span> <span class='ocrx_word' id='word_1_439' title='bbox 1437 4687 1501 4743; x_wconf 89' lang='grc' dir='ltr'>τῶν</span> <span class='ocrx_word' id='word_1_440' title='bbox 1525 4677 1644 4768; x_wconf 85' lang='grc' dir='ltr'>Νόμων·</span> <span class='ocrx_word' id='word_1_441' title='bbox 1667 4676 1706 4740; x_wconf 82' lang='grc' dir='ltr'>τό</span> <span class='ocrx_word' id='word_1_442' title='bbox 1731 4665 1765 4741; x_wconf 84' lang='grc' dir='ltr'>δέ</span> <span class='ocrx_word' id='word_1_443' title='bbox 1787 4674 1845 4738; x_wconf 82' lang='grc' dir='ltr'>καὶ</span> 
     </span>
     <span class='ocr_line' id='line_1_37' title="bbox 238 4777 1842 4880; baseline -0.001 -31"><span class='ocrx_word' id='word_1_444' title='bbox 238 4782 264 4818; x_wconf 76' lang='lat'>&#39;³⁵</span> <span class='ocrx_word' id='word_1_445' title='bbox 294 4782 334 4850; x_wconf 84' lang='grc' dir='ltr'>τά</span> <span class='ocrx_word' id='word_1_446' title='bbox 358 4787 578 4878; x_wconf 84' lang='grc' dir='ltr'>ἁμαρτήματα</span> <span class='ocrx_word' id='word_1_447' title='bbox 602 4788 663 4853; x_wconf 85' lang='grc' dir='ltr'>ἀπό</span> <span class='ocrx_word' id='word_1_448' title='bbox 687 4798 749 4853; x_wconf 88' lang='grc' dir='ltr'>τῶν</span> <span class='ocrx_word' id='word_1_449' title='bbox 774 4788 918 4880; x_wconf 83' lang='grc' dir='ltr'>αἱρέσεων</span> <span class='ocrx_word' id='word_1_450' title='bbox 942 4782 1019 4854; x_wconf 88' lang='grc' dir='ltr'>ιὶναι</span> <span class='ocrx_word' id='word_1_451' title='bbox 1043 4799 1105 4854; x_wconf 92' lang='grc' dir='ltr'>τῶν</span> <span class='ocrx_word' id='word_1_452' title='bbox 1129 4788 1301 4880; x_wconf 79' lang='grc' dir='ltr'>ἡμετέρων,</span> <span class='ocrx_word' id='word_1_453' title='bbox 1322 4787 1376 4852; x_wconf 85' lang='grc' dir='ltr'>καί</span> <span class='ocrx_word' id='word_1_454' title='bbox 1399 4790 1430 4852; x_wconf 84' lang='grc' dir='ltr'>ἐν</span> <span class='ocrx_word' id='word_1_455' title='bbox 1455 4798 1520 4863; x_wconf 82' lang='grc' dir='ltr'>τοῖς</span> <span class='ocrx_word' id='word_1_456' title='bbox 1544 4777 1637 4852; x_wconf 89' lang='grc' dir='ltr'>τοῦδε</span> <span class='ocrx_word' id='word_1_457' title='bbox 1660 4794 1716 4850; x_wconf 92' lang='grc' dir='ltr'>τοῦ</span> <span class='ocrx_word' id='word_1_458' title='bbox 1741 4781 1842 4874; x_wconf 90' lang='grc' dir='ltr'>μίιθου</span> 
     </span>
    </p>
   </div>
   <div class='ocr_carea' id='block_1_7' title="bbox 327 5069 1843 5416">
    <p class='ocr_par' dir='ltr' id='par_1_10' title="bbox 329 5069 1843 5238">
     <span class='ocr_line' id='line_1_38' title="bbox 329 5069 1843 5148; baseline -0.005 -19"><span class='ocrx_word' id='word_1_459' title='bbox 329 5073 351 5147; x_wconf 89' lang='lat'>¹)</span> <span class='ocrx_word' id='word_1_460' title='bbox 369 5072 407 5129; x_wconf 91' lang='grc' dir='ltr'>Η.</span> <span class='ocrx_word' id='word_1_461' title='bbox 425 5072 446 5129; x_wconf 82' lang='lat' dir='ltr'>f.</span> <span class='ocrx_word' id='word_1_462' title='bbox 466 5073 527 5130; x_wconf 75' lang='grc'><strong>132.</strong></span> <span class='ocrx_word' id='word_1_463' title='bbox 1127 5075 1151 5148; x_wconf 75' lang='lat'>⁸)</span> <span class='ocrx_word' id='word_1_464' title='bbox 1170 5073 1206 5129; x_wconf 86' lang='lat' dir='ltr'>In</span> <span class='ocrx_word' id='word_1_465' title='bbox 1224 5070 1374 5145; x_wconf 66' lang='lat' dir='ltr'>margine:</span> <span class='ocrx_word' id='word_1_466' title='bbox 1395 5071 1543 5143; x_wconf 82' lang='grc' dir='ltr'>σημειωτέον</span> <span class='ocrx_word' id='word_1_467' title='bbox 1556 5074 1584 5124; x_wconf 86' lang='grc' dir='ltr'>τό</span> <span class='ocrx_word' id='word_1_468' title='bbox 1603 5075 1679 5122; x_wconf 85' lang='grc' dir='ltr'>παντὶ</span> <span class='ocrx_word' id='word_1_469' title='bbox 1698 5069 1767 5141; x_wconf 80' lang='grc' dir='ltr'>μόθιρ</span> <span class='ocrx_word' id='word_1_470' title='bbox 1787 5070 1843 5122; x_wconf 73' lang='grc' dir='ltr'>άπι-</span> 
     </span>
     <span class='ocr_line' id='line_1_39' title="bbox 329 5161 1231 5238; baseline -0.006 -19"><span class='ocrx_word' id='word_1_471' title='bbox 329 5164 353 5238; x_wconf 70' lang='lat'>²)</span> <span class='ocrx_word' id='word_1_472' title='bbox 370 5163 408 5219; x_wconf 90' lang='grc' dir='ltr'>Η.</span> <span class='ocrx_word' id='word_1_473' title='bbox 427 5161 443 5236; x_wconf 72' lang='grc' dir='ltr'><strong>ᾗ</strong></span> <span class='ocrx_word' id='word_1_474' title='bbox 465 5166 561 5237; x_wconf 85' lang='grc' dir='ltr'>ἱστορία</span> <span class='ocrx_word' id='word_1_475' title='bbox 581 5169 622 5218; x_wconf 78' lang='grc' dir='ltr'>διὰ</span> <span class='ocrx_word' id='word_1_476' title='bbox 641 5168 697 5218; x_wconf 84' lang='grc' dir='ltr'>τῶν.</span> <span class='ocrx_word' id='word_1_477' title='bbox 1090 5166 1231 5237; x_wconf 82' lang='grc' dir='ltr'>λιγάμινον.</span> 
     </span>
    </p>

    <p class='ocr_par' dir='ltr' id='par_1_11' title="bbox 327 5249 1327 5328">
     <span class='ocr_line' id='line_1_40' title="bbox 327 5249 1327 5328; baseline -0.003 -19"><span class='ocrx_word' id='word_1_478' title='bbox 327 5253 351 5327; x_wconf 66' lang='grc'>8)</span> <span class='ocrx_word' id='word_1_479' title='bbox 369 5251 407 5308; x_wconf 90' lang='lat' dir='ltr'>H.</span> <span class='ocrx_word' id='word_1_480' title='bbox 426 5252 466 5309; x_wconf 79' lang='lat' dir='ltr'>M.</span> <span class='ocrx_word' id='word_1_481' title='bbox 486 5255 620 5324; x_wconf 80' lang='grc' dir='ltr'>πεισόμεθα</span> <span class='ocrx_word' id='word_1_482' title='bbox 639 5270 707 5310; x_wconf 78' lang='lat' dir='ltr'>oum</span> <span class='ocrx_word' id='word_1_483' title='bbox 725 5254 788 5312; x_wconf 74' lang='lat' dir='ltr'><strong>eod.</strong></span> <span class='ocrx_word' id='word_1_484' title='bbox 1127 5253 1150 5328; x_wconf 66' lang='grc' dir='ltr'>ἱ)</span> <span class='ocrx_word' id='word_1_485' title='bbox 1168 5251 1206 5307; x_wconf 91' lang='grc' dir='ltr'>Η.</span> <span class='ocrx_word' id='word_1_486' title='bbox 1225 5249 1245 5306; x_wconf 85' lang='lat' dir='ltr'>f.</span> <span class='ocrx_word' id='word_1_487' title='bbox 1266 5249 1327 5308; x_wconf 81' lang='lat'>133.</span> 
     </span>
    </p>

    <p class='ocr_par' dir='ltr' id='par_1_12' title="bbox 328 5339 1359 5416">
     <span class='ocr_line' id='line_1_41' title="bbox 328 5339 1359 5416; baseline -0.007 -18"><span class='ocrx_word' id='word_1_488' title='bbox 328 5342 353 5415; x_wconf 80' lang='lat'>⁴)</span> <span class='ocrx_word' id='word_1_489' title='bbox 370 5340 408 5399; x_wconf 88' lang='grc' dir='ltr'>Η.</span> <span class='ocrx_word' id='word_1_490' title='bbox 428 5343 450 5404; x_wconf 86' lang='grc' dir='ltr'>ίς</span> <span class='ocrx_word' id='word_1_491' title='bbox 471 5347 563 5396; x_wconf 81' lang='grc' dir='ltr'>τοῦτον.</span> <span class='ocrx_word' id='word_1_492' title='bbox 1127 5341 1151 5416; x_wconf 73' lang='grc' dir='ltr'>ἱ)</span> <span class='ocrx_word' id='word_1_493' title='bbox 1170 5339 1209 5397; x_wconf 87' lang='lat' dir='ltr'>M.</span> <span class='ocrx_word' id='word_1_494' title='bbox 1229 5357 1286 5397; x_wconf 91' lang='lat' dir='ltr'>om.</span> <span class='ocrx_word' id='word_1_495' title='bbox 1306 5340 1359 5412; x_wconf 82' lang='grc' dir='ltr'>μίν.</span> 
     </span>
    </p>
   </div>
   <div class='ocr_carea' id='block_1_8' title="bbox 0 0 1994 6068">
    <p class='ocr_par' dir='ltr' id='par_1_13' title="bbox 0 0 1994 6068">
     <span class='ocr_line' id='line_1_42' title="bbox 0 0 1994 6068; baseline 0 0"><span class='ocrx_word' id='word_1_496' title='bbox 0 0 1994 6068; x_wconf 95' lang='lat' dir='ltr'> </span> 
     </span>
    </p>
   </div>
  </div>
 </body>
</html>
