3978 6070
272 569 324 626 ιον
749 559 908 636 ίίίίααιιοι
926 563 1078 656 exempla
1095 564 1190 638 humi
1206 567 1331 657 ροοὶίο.

272 738 295 802 f.
323 737 395 816 154,
413 735 530 802 lacuna
545 737 691 803 brevior:
719 733 823 821 [ἔθηκε
846 736 1012 800 πολυπλέω
1029 745 1090 800 τῶν
1107 737 1281 827 παρόντων,
1305 743 1345 816 ὡς
1365 748 1426 804 τῶν
1450 740 1599 830 κλήρων],
1619 743 1693 810 ἰσων
1718 746 1814 814 ὄντων

272 856 337 921 τοῖς
361 855 508 934 παροῦσιν
523 845 546 933 ¹)
573 845 680 927 [πλείω
704 844 761 908 εἰσί
777 843 829 930 τά]
849 836 1095 936 παραδείγματα
1120 855 1182 910 τῶν
1202 849 1297 930 [βίων
1315 850 1363 912 ίνα
1387 852 1422 913 ἐκ
1442 851 1602 937 πλειόνων]
1628 857 1769 932 ἑκάστοις
1793 863 1812 930 ή

272 957 383 1044 αἵρεσις
407 951 438 1042 ᾗ·
465 952 529 1039 [καί
553 951 612 1045 γάρ
637 956 653 1015 ό
678 954 858 1027 τελευταῖος
883 952 990 1038 οὕτως]
1018 953 1139 1042 εὑρήσει
1165 955 1248 1036 βίους
1271 956 1395 1032 πλείους
1412 957 1486 1041 ἑνὸς,
1507 961 1559 1047 ἀφ’
1584 953 1625 1023 ὧν
1649 963 1815 1034 ποιήσεται

272 1064 331 1129 τήν
355 1064 501 1154 ἐκλογήν·
526 1067 552 1127 εἰ
575 1059 635 1152 γάρ
660 1054 716 1126 εἷεν
742 1066 774 1124 αἰ
798 1060 975 1150 αίρουμέναι
993 1058 1091 1151 ψυχαὶ
1114 1061 1197 1143 ὸκτῲ
1223 1067 1256 1126 αί
1279 1062 1450 1154 σόγκληροι
1473 1065 1526 1130 καί
1549 1072 1576 1130 οἰ
1595 1069 1655 1150 βίοι
1671 1081 1813 1147 τοσοῦτο,

231 1195 243 1234 ι
272 1185 312 1260 τῇ
340 1171 394 1263 μέν
418 1171 527 1261 πρώτῃ
554 1171 614 1235 ἀπὸ
638 1178 701 1233 τῶν
726 1167 810 1233 ὀκτὼ
834 1175 852 1242 ή
880 1171 1001 1260 αἵρεσις,
1027 1181 1067 1256 τῇ
1093 1161 1224 1260 δευτέρᾳ
1247 1162 1291 1256 δὲ,
1309 1171 1453 1260 εἰτύχοι,
1479 1174 1539 1238 ἀπὸ
1563 1183 1626 1238 τῶν
1649 1175 1741 1260 ἑπτά,
1764 1176 1816 1240 καὶ

271 1293 312 1368 τῇ
332 1283 421 1374 τρίτῃ
442 1281 502 1345 ἀπὸ
520 1289 582 1344 τῶν
600 1272 643 1358 έξ,
660 1289 700 1365 τῇ
721 1271 754 1344 δὲ
770 1279 909 1369 τετάρτῃ
928 1280 989 1343 ἀπὸ
1006 1288 1068 1344 τῶν
1085 1279 1189 1366 πέντε,
1206 1282 1259 1345 καί
1273 1292 1314 1366 τῇ
1333 1282 1462 1370 πέμπτῃ
1482 1281 1543 1346 ἀπὸ
1560 1291 1622 1346 τῶν
1642 1284 1814 1376 τεττάρων,

272 1393 326 1458 καί
349 1402 389 1476 τῇ
416 1391 491 1475 ἕκτῃ
519 1390 579 1454 άπὸ
603 1399 666 1454 τῶν
691 1399 794 1479 τριῶν,
819 1389 872 1453 καί
895 1400 936 1474 τῇ
961 1379 1080 1476 ἑβδόμῃ
1108 1389 1167 1454 ἀπό
1192 1399 1255 1454 τῶν
1281 1381 1346 1454 δύο·
1370 1390 1464 1462 λοιπή
1485 1382 1518 1456 δέ
1533 1396 1553 1466 ή
1580 1383 1676 1482 ὀγδόη
1704 1395 1814 1482 αίρεσιν

272 1506 330 1590 οὐχ
353 1493 423 1580 ἕξει,
447 1499 512 1574 ἑνός
529 1497 766 1587 ὑπολειφθέντος
784 1497 888 1586 μόνου,
904 1509 962 1574 τής
981 1489 1013 1563 δέ
1031 1497 1172 1586 αἱρέσεως
1188 1501 1223 1562 ἑκ
1239 1499 1388 1562 πλειόνων
1412 1499 1431 1571 ή
1457 1499 1522 1574 ένδς
1546 1501 1649 1574 οὔσης.
1674 1499 1733 1564 Καί
1756 1499 1815 1590 γάρ

272 1617 299 1676 εἰ
321 1609 407 1699 λέγει
432 1609 523 1681 ότιή
550 1609 720 1672 τελευταία
744 1604 827 1695 ψυχή
858 1609 912 1672 τόν
936 1606 1136 1695 ἠμελημένον
1162 1608 1220 1670 ὑπὸ
1245 1617 1307 1671 τῶν
1331 1607 1435 1671 ἀλλων
1459 1609 1561 1673 είλετο
1588 1610 1663 1694 βίον,
1687 1611 1745 1697 οὐχ
1769 1611 1817 1673 ὅτι

217 1732 244 1770 ¹⁰
273 1717 363 1806 μόνος
388 1713 437 1799 ήν,
458 1724 551 1780 τοῦτο
569 1717 666 1780 ἔοικεν
683 1715 798 1805 λέγειν,
815 1716 881 1778 ἀλλ’
903 1713 955 1779 ὅτι
972 1715 1063 1801 μόνος
1080 1714 1138 1778 ὑπὸ
1155 1713 1281 1778 πάντοιν
1299 1717 1505 1805 ήμελημένος·
1524 1706 1571 1780 διὸ
1588 1717 1641 1780 καί
1658 1718 1814 1808 ἐπήγαγεν

272 1825 325 1893 ότι
348 1827 401 1892 καί
419 1832 445 1891 εἰ
460 1823 569 1914 πρώτη
596 1827 720 1914 ἔλαχεν,
745 1834 840 1888 τοῦτο
864 1822 899 1887 ἀν
917 1825 1030 1908 είλετο,
1047 1823 1220 1888 καὶταῦτα
1235 1829 1362 1890 πολλῶν
1380 1828 1461 1911 αὐτῇ
1480 1825 1706 1914 προταθέντων.
1725 1833 1760 1891 Εἰ
1784 1818 1817 1892 δὲ

272 1935 322 2001 ἐπὶ
345 1947 405 2028 γῆν
429 1932 595 2024 προτίθησι
618 1942 733 2014 ταῦτα,
749 1932 803 1996 καί
822 1929 1003 2021 ἔμπροσθεν,
1021 1933 1067 2020 ἐφ’
1085 1926 1126 1995 ὧν
1143 1933 1256 2022 γνῶσίν
1274 1957 1309 1998 τε
1332 1934 1454 2022 έχουσιν
1479 1943 1542 1998 τῶν
1568 1936 1652 2018 βίων,
1677 1935 1815 2018 εἰκότως,

272 2045 321 2107 ίνα
346 2043 399 2106 καί
422 2044 555 2106 ἕλωνται
579 2043 631 2130 ἀφ’
657 2034 698 2104 ὧν
722 2037 957 2131 γιγνώσκουσιν·
983 2037 1036 2102 καὶ
1059 2042 1087 2102 οἰ
1105 2040 1167 2122 βίοι
1182 2038 1307 2115 πάντως
1324 2045 1365 2114 εἰς
1390 2041 1507 2132 γένεσιν
1533 2041 1669 2132 ἀγουσιν·
1693 2049 1733 2119 ὡς
1757 2041 1816 2134 γάρ

271 2141 332 2222 ήδη
359 2159 421 2213 τῶν
446 2145 551 2238 ψυχῶν
576 2147 663 2212 κάτω
682 2149 871 2230 βλεπουσῶν,
889 2147 985 2222 οὕτως
1003 2140 1084 2211 εἶπεν
1102 2146 1154 2209 καὶ
1171 2151 1212 2222 εἰς
1228 2157 1289 2238 γῆν
1313 2148 1367 2211 καί
1391 2147 1562 2238 ἔμπροσθεν
1588 2153 1690 2214 αὐτῶν
1714 2160 1816 2214 ταῦτα

217 2269 242 2308 ¹⁵
273 2255 422 2322 τίθεσθαι·
445 2255 577 2332 ταύταις
600 2265 673 2346 γοῦν
698 2255 802 2346 πρόσω
828 2255 882 2344 μέν
906 2261 925 2328 ή
951 2254 1078 2346 γένεσις,
1103 2253 1229 2319 ὄπισθεν
1257 2246 1291 2320 δὲ
1313 2253 1354 2318 τά
1379 2254 1454 2320 θεῖα·
1478 2256 1530 2320 καί
1554 2256 1613 2347 γάρ
1637 2268 1738 2322 ταῦτα
1763 2259 1816 2348 μέν

272 2365 555 2453 ἀπολιμπάνουσαν,
574 2368 707 2455 ὁρμῶσιν
732 2355 765 2431 δέ
780 2369 820 2440 εἰς
838 2362 897 2437 τήν
914 2363 1043 2454 γένεσιν·
1062 2354 1157 2428 δεῖδὲ
1173 2363 1226 2427 καί
1241 2373 1306 2438 τοῖς
1324 2365 1456 2454 βήμασιν
1481 2365 1738 2454 ἐπισημαίνεσθαι
1754 2376 1817 2442 τοῖς

273 2472 422 2565 μυθικοῖς·
448 2470 525 2564 βίψιν
551 2471 605 2561 μέν
630 2471 773 2563 λέγουσιν
797 2471 932 2538 ἐπὶτῶν
956 2471 1091 2560 κλήρων,
1109 2470 1190 2536 θέσιν
1208 2461 1241 2536 δέ
1258 2471 1309 2536 ἐπί
1324 2481 1386 2536 τῶν
1406 2474 1489 2557 βίων·
1513 2479 1532 2546 ή
1560 2472 1614 2561 μέν
1639 2471 1699 2564 γάρ
1723 2465 1818 2546 δηλοῖ

271 2582 330 2656 τήν
355 2576 388 2661 ἐξ
411 2582 604 2670 ὁλικωτέρων
629 2583 736 2645 αἰτίων
761 2581 815 2645 καί
837 2577 1036 2671 ὑψηλοτέρων
1061 2571 1223 2670 διανομήν·
1248 2586 1268 2654 ή
1295 2572 1329 2645 δέ
1351 2580 1411 2652 τήν
1436 2585 1471 2646 έκ
1496 2582 1709 2674 μερικωτέρων

272 2801 296 2867 f.
316 2802 380 2867 154
397 2823 438 2880 κ,
455 2799 490 2864 in
507 2799 618 2864 eadem
637 2798 771 2864 lacuna:
794 2795 858 2880 [καί
873 2789 1155 2886 χαμαιζήλοτέρων
1173 2795 1226 2860 καί
1241 2805 1345 2861 ταῦτα
1362 2795 1436 2887 πρὸς
1452 2793 1508 2871 τάς
1526 2793 1626 2885 ψυχάς
1647 2796 1816 2887 ἀναφέρειν·

216 2930 244 2969 νο
272 2910 340 2973 ἔστι
353 2905 413 2998 γάρ
427 2909 551 2994 κλῆρος,
569 2906 616 2969 ἔτι
633 2915 691 2980 τῆς
707 2902 904 2994 περιφορᾶςθ)
918 2915 972 2968 τοῦ
990 2907 1117 2993 οὐρανοῦ
1133 2903 1197 2989 καί]
1217 2907 1251 2968 ἐκ
1266 2914 1324 2980 τῆς
1341 2913 1403 2969 τῶν
1418 2900 1523 2994 ψυχῶν
1542 2907 1682 2996 αἱρέσεως
1701 2905 1817 2987 ...στόν,

272 3017 322 3080 ότι
345 3016 382 3078 τὸ
398 3005 599 3104 παράδειγμα
620 3016 695 3097 [ἐκεῖ
708 3021 770 3076 τῶν
790 3015 875 3098 βίων]
895 3010 996 3078 εἴωθεν
1010 3012 1154 3096 τάττειν,
1172 3013 1226 3076 καί
1241 3023 1336 3077 τοῦτο
1355 3013 1491 3090 εἰκότως·
1508 3023 1571 3078 τῶν
1588 3012 1648 3105 γάρ
1665 3017 1819 3104 ἐμφανῶν,

272 3129 301 3188 οἱ
324 3127 449 3212 ἀφανεῖς
474 3123 645 3214 ἀρχέτυποί
660 3127 746 3204 εἰσιν,
762 3123 880 3212 κλήρου
899 3112 931 3186 δέ
949 3119 1087 3211 ἐμφανὴς
1104 3125 1159 3185 οὐκ
1175 3122 1258 3186 ἔστιν
1277 3120 1486 3196 ἀποτόπωσις·
1505 3111 1650 3211 οὐδὲγάρ
1675 3113 1818 3200 δυνατόν,

271 3234 355 3322 εἰπερ
378 3230 527 3297 πλειόνων
553 3231 620 3296 ἐστὶ
645 3231 718 3315 βίων
747 3229 985 3319 περιληπτικός,
1010 3227 1093 3317 μετά
1117 3227 1188 3305 τοὺς
1220 3229 1352 3319 κλήρους
1385 3219 1411 3293 δ’
1437 3222 1488 3293 οὖν
1519 3231 1600 3305 ἴσους
1633 3229 1725 3306 ὄντας
1752 3239 1818 3306 τοῖς

271 3339 495 3432 λαγχάνουσιν,
512 3339 554 3406 τά
570 3331 815 3431 παραδείγματα
836 3347 900 3402 τῶν
919 3341 992 3422 βίων
1009 3338 1086 3402 ὄντα
1102 3340 1281 3402 πολυπλείω
1297 3347 1360 3403 τῶν
1377 3337 1551 3427 παρόντων.
1567 3335 1643 3403 Ὀτι
1659 3329 1692 3402 δέ
1714 3342 1730 3402 ὁ
1755 3340 1819 3423 βίος

217 3469 244 3506 2⁵
273 3452 306 3514 οὐ
332 3451 424 3539 μόνον
449 3449 486 3514 τὸ
509 3439 589 3525 εἶδος
613 3451 678 3538 ἔχει
701 3457 759 3522 τῆς
783 3441 883 3531 ζωῆς,
907 3445 990 3511 ἀλλά
1014 3447 1067 3510 καί
1090 3445 1132 3512 τά
1156 3445 1313 3511 ἀκόλουθα
1344 3445 1484 3511 ἑκάστων
1515 3444 1599 3535 παρά
1623 3455 1678 3510 τοῦ
1702 3445 1819 3518 παντὸς

273 3557 499 3647 ἀπονεμόμενα,
522 3555 676 3632 πολλάκις
700 3544 762 3628 ήδη
788 3555 988 3645 προείπομεν.
1013 3553 1073 3619 Καί
1090 3554 1192 3638 τούτῳ
1209 3546 1403 3644 διαφέρουσιν
1422 3559 1450 3618 οἱ
1467 3555 1528 3639 βίοι
1551 3562 1613 3618 τῶν
1638 3555 1669 3618 ἐν
1693 3545 1818 3643 Φαίδρῳ

275 3669 348 3751 βίων
373 3667 495 3732 ἐκείνων
520 3660 606 3745 ζώων
628 3657 709 3742 ἰδέας
726 3665 873 3754 ἑχόντων·
900 3663 983 3728 ἀλλά
1008 3663 1061 3728 καί
1084 3665 1154 3755 περὶ
1177 3662 1309 3740 τούτων,
1331 3668 1361 3728 ἐν
1385 3673 1450 3739 τοῖς
1475 3669 1516 3740 εἰς
1540 3662 1599 3734 τήν
1623 3654 1819 3747 Παλινῳδίαν

274 3766 453 3863 διήλθομεν·

538 3896 582 3959 -ζ-
605 3875 691 3946 Εἶναι
708 3872 741 3946 δέ
755 3878 781 3964 ³)
805 3869 1003 3945 παντοδαπά·
1021 3872 1108 3957 ζώων
1125 3902 1161 3943 τε
1176 3877 1236 3969 γάρ
1253 3877 1380 3943 πάντων
1404 3879 1486 3962 βίους
1509 3891 1554 3954 -ζ-

539 4004 583 4066 -ζ-
605 3990 659 4054 καί
683 3983 720 4061 δή
745 3987 884 4064 καὶτοὺς
901 3985 1105 4078 ἀνθρωπίνους
1126 3986 1287 4070 [ἀπανταςΙ
1305 3977 1486 4077 τυραννίδας
1509 3999 1554 4062 ÷

539 4111 584 4174 ÷
606 4122 641 4162 τε
665 4095 723 4188 γάρ
749 4101 779 4162 ἑν
805 4100 909 4172 αὺτοῖς
935 4090 1022 4172 εἶναι,
1039 4093 1096 4170 τάς
1114 4093 1168 4182 μέν
1186 4086 1347 4173 διατελεῖς,
1370 4093 1428 4170 τάς
1453 4085 1486 4158 δέ
1509 4109 1554 4171 -ζ-

537 4221 582 4282 -ξ-
605 4205 658 4269 καί
682 4198 799 4294 μεταξὺ
825 4196 1078 4295 διαφθειρομένας
1102 4203 1155 4268 καί
1179 4207 1219 4280 εἰς
1243 4206 1349 4280 πενίας
1369 4227 1406 4268 τε
1430 4202 1484 4268 καί
1507 4216 1552 4278 -ξ-

538 4326 583 4388 ÷
607 4311 706 4405 φυγάς
729 4313 783 4377 καί
806 4318 847 4390 εἰς
868 4315 1026 4403 πτωχείας
1042 4311 1249 4390 τελευτώσας.
1267 4306 1353 4378 Εἶναι
1377 4303 1410 4378 δέ
1433 4312 1487 4377 καί
1510 4327 1555 4389 -ζ-

537 4435 583 4497 ÷
606 4415 742 4511 δοκίμων
760 4413 877 4514 ἀνδρῶν
896 4423 988 4508 βίους,
1001 4420 1073 4499 τοὺς
1086 4421 1142 4511 μέν
1155 4423 1205 4489 ἐπὶ
1222 4412 1317 4488 εἴδεσι
1333 4423 1386 4488 καὶ
1402 4421 1487 4488 κατά
1512 4434 1554 4497 -”,-

538 4545 583 4606 ÷
606 4531 709 4605 κάλλη
737 4532 791 4596 καί
813 4529 873 4606 τήν
891 4530 992 4603 ἀλλην
1011 4530 1098 4621 ἰσχίον
1116 4531 1223 4597 τεκαὶ
1244 4533 1390 4623 ἀγωνίαν,
1413 4530 1485 4608 τοὺς
1509 4543 1554 4607 -ζ-

539 4655 583 4716 —2—
607 4633 633 4706 δ’
651 4639 701 4706 ἐπὶ
725 4641 826 4732 γένεσι
843 4642 896 4705 καί
912 4641 1071 4732 προγόνων
1097 4642 1304 4732 ἀρεταῖς,καί
1328 4632 1486 4731 ἀδοκίμων
1510 4655 1556 4717 -ζ-

538 4762 582 4824 ÷
605 4749 689 4815 κατά
715 4759 828 4832 ταῦτα,
845 4749 992 4827 ὡσαύτως
1013 4741 1047 4816 δέ
1063 4750 1116 4815 καὶ
1131 4761 1295 4842 γυναικῶν.
1313 4756 1427 4842 Ψυχῆς
1452 4741 1485 4815 δέ
1508 4764 1552 4826 -ζ-

539 4870 582 4931 -ζ-
604 4851 692 4935 τάξιν
717 4862 773 4921 οὐκ
797 4862 916 4934 ἐνεῖναι,
942 4848 994 4922 διά
1017 4859 1054 4923 τό
1080 4860 1255 4950 ἀναγκαίως
1279 4861 1362 4949 ἔχειν
1387 4857 1484 4924 ἀλλον
1507 4870 1552 4933 -ζ-

308 5146 331 5220 l)
350 5147 385 5204 Δ.
406 5149 525 5216 παροῦσιν
545 5151 648 5202 contra
666 5145 729 5202 οοὰ
1074 5145 1138 5208 βίους
1158 5149 1201 5197 καὶ
1220 5145 1249 5202 δή
1270 5149 1312 5196 καί
1341 5143 1516 5214 ἀνθρωπίνους,
1538 5144 1581 5203 ἕως
1602 5146 1657 5195 τοῦ·
1679 5147 1711 5194 τά
1730 5145 1755 5194 δὲ
1774 5148 1818 5194 καί

308 5237 332 5309 ²)
352 5237 388 5292 A.
407 5237 428 5293 f.
447 5237 491 5294 85.
1072 5240 1159 5306 μεσοῦν
1179 5237 1278 5288 τούτων.
1298 5265 1332 5276 -
1350 5235 1385 5290 A.
1405 5233 1526 5308 legebat
1552 5236 1594 5295 ἕως
1621 5236 1700 5286 ταῦτα
1724 5237 1749 5285 δέ
1773 5239 1817 5286 καί

307 5326 331 5399 ³)
350 5325 486 5400 Reipubl.
499 5345 527 5400 x,
541 5325 601 5400 314,
615 5327 677 5384 315.
690 5327 787 5386 Locus
803 5328 835 5384 in
854 5327 954 5386 codice
974 5327 1017 5384 sio
1072 5328 1159 5394 μισεῖν
1180 5325 1278 5377 τούτων.

271 5413 405 5488 ponitur:
425 5413 493 5470 Εἶναι
513 5421 537 5470 δέ
557 5421 707 5471 παντοδαπά
720 5419 788 5490 ζῳων
802 5439 829 5470 τε
848 5424 897 5492 γὰρ
917 5421 1015 5470 πάντων
