4006 6074
805 540 841 614 0.
871 538 910 613 V.
933 538 1121 634 Apollines
1140 539 1313 615 Juocuoua

535 711 548 752 ⁶
569 713 615 782 Ut
638 713 787 783 Canauna
809 739 931 801 manus,
955 739 1037 804 quae
1061 718 1200 785 noudum
1222 717 1350 784 subdita
1374 717 1468 802 bello,

570 824 707 892 Aemula
729 826 867 912 pugnari
891 828 1038 893 versabat
1061 828 1156 895 corda
1177 828 1331 909 tumultu,

569 935 736 1002 Suesoeret
758 934 900 1019 imperiis
923 956 1055 1002 excusso
1078 935 1225 1002 accedere
1248 935 1344 1002 ferro.

566 1043 693 1111 luditur
716 1042 766 1108 his
789 1042 894 1122 Iudas,
918 1042 974 1126 qui
996 1043 1097 1110 fratre
1120 1065 1193 1110 eum
1217 1043 1376 1126 Simeone,

566 1157 673 1224 Iulata
696 1153 857 1238 extinguit
872 1152 896 1236 ¹)
920 1152 1088 1219 confestim
1111 1175 1221 1240 pugna
1246 1153 1423 1221 (lanannos.

518 1259 544 1297 ¹⁰
613 1266 693 1333 Cum
716 1266 831 1352 quibus
842 1262 867 1350 ²)
892 1267 1030 1333 admixta
1053 1269 1240 1333 sternuntur
1263 1264 1357 1350 caede
1380 1263 1504 1343 Feresi3

566 1374 671 1441 Millia
692 1375 794 1442 ferme
817 1376 924 1443 decem
946 1375 1019 1442 fuso
1041 1372 1180 1442 cecidere
1203 1394 1325 1454 eruore,

566 1483 641 1568 Ipse
664 1486 761 1568 caput
784 1483 872 1566 belli,
895 1505 1086 1570 magnorum
1108 1504 1204 1549 causa
1226 1481 1382 1548 malorum

569 1591 644 1658 Dux
666 1591 730 1658 fuit
753 1597 785 1658 et
808 1592 959 1678 princeps
982 1591 1221 1658 Donibezechus
1235 1586 1278 1672 ¹):
1304 1590 1456 1656 aberrans

569 1699 759 1785 Corripitur,
783 1701 976 1786 meritasque
999 1698 1062 1765 luit
1083 1721 1143 1784 pro
1167 1699 1300 1765 crimine
1321 1719 1458 1782 poenast

519 1803 546 1848 ¹⁵
568 1807 655 1875 Nam
677 1809 823 1875 manibus
846 1808 1042 1894 pedibusque
1066 1807 1162 1874 simul
1184 1807 1252 1872 sine
1275 1829 1363 1873 more
1386 1805 1513 1887 recisus,

569 1917 730 1986 Uberibus
752 1921 876 1984 moeret
897 1917 1049 2002 lacrymis
1072 1937 1152 2002 quos
1172 1937 1238 1994 ¹nou
1261 1915 1359 1980 habet
1381 1918 1481 1995 artus,

570 2026 696 2105 Quosve
719 2025 815 2112 gerit,
838 2024 935 2092 simili
958 2025 1034 2090 dum
1057 2024 1195 2110 perfurit
1217 2024 1383 2109 improbus
1405 2027 1498 2104 actu3

569 2134 783 2220 Septuaginta
805 2132 894 2219 prius
917 2137 1083 2201 truncarat
1105 2155 1240 2218 corpora
1261 2153 1386 2218 regum.

567 2241 656 2327 Ergo
679 2242 765 2308 dedit
786 2263 905 2328 poenas
927 2262 1006 2327 quas
1029 2241 1159 2322 lecerat,
1183 2245 1217 2310 et
1240 2241 1324 2308 mala
1346 2239 1484 2325 pendens

516 2345 544 2384 '⁰
569 2349 728 2436 Oongma,
752 2351 887 2418 decessit
910 2351 1061 2436 Solymis,
1085 2371 1286 2436 regnumque
1310 2347 1450 2432 reliquit.

608 2459 682 2545 Ipse
705 2460 801 2527 etiam
824 2459 924 2526 Jebus
947 2458 1082 2544 capitur,
1107 2458 1306 2545 flammisque
1329 2461 1460 2542 perusta

568 2566 722 2649 Concidit,
746 2567 872 2654 ingenti
893 2589 1030 2654 propere
1053 2567 1203 2634 convulsa
1225 2566 1329 2632 ruina.

566 2673 654 2755 Post,
680 2673 847 2742 Chebrona
868 2675 944 2756 ruit,
968 2679 1001 2742 et
1025 2675 1192 2742 (lananaea
1213 2674 1372 2753 iuventus,

571 2781 659 2858 Quae
681 2782 759 2868 iuga
781 2783 865 2850 celsa
887 2787 977 2850 tenet
999 2783 1160 2869 surgentis
1182 2783 1215 2848 in
1239 2783 1369 2849 aethera
1391 2786 1506 2848 terrae.

516 2883 544 2922 ²⁵
567 2888 688 2956 Dabira
710 2893 785 2974 post
807 2890 942 2976 capitur,
966 2891 1091 2976 trepido
1114 2888 1248 2957 fecunda
1270 2888 1388 2971 duello,

566 2996 716 3066 Praescia
737 2998 939 3084 doctiloquae
961 3021 1109 3067 numeros
1123 2997 1148 3082 ⁴)
1172 2997 1340 3065 advolvere
1362 2995 1504 3084 linguae.

567 3105 721 3191 Quodque
744 3107 848 3192 magis
874 3107 970 3174 celeri
992 3107 1159 3192 lapsarunt
1182 3106 1307 3172 moenia
1329 3127 1427 3187 cassa

568 3211 707 3295 Obtulit,
731 3217 768 3279 ut
788 3213 940 3281 thalamis
962 3218 1072 3281 natam
1094 3214 1305 3298 coniungeret
1326 3211 1443 3280 Asoam

566 3318 724 3388 Chalebus
747 3322 885 3407 genitor,
909 3321 1020 3407 illique
1045 3321 1225 3389 furentibus
1248 3321 1344 3388 armis

515 3420 543 3459 ³⁰
566 3425 706 3509 Arduus,
731 3428 876 3514 obliquas
898 3429 1049 3495 vertisset
1071 3428 1216 3497 funditus
1239 3450 1337 3496 arces.

566 3532 674 3600 Illicet
696 3534 842 3602 incensus
865 3535 1040 3622 promissae
1064 3536 1104 3602 ad
1126 3536 1272 3622 coniugis
1295 3558 1398 3618 usum,

567 3640 804 3711 Crotonieaelus
819 3643 854 3728 ὖ),
877 3645 985 3736 proles
1007 3645 1139 3712 laudata
1162 3644 1312 3712 Genesae.

566 3751 675 3838 Atque
698 3754 754 3820 ubi
777 3753 929 3840 perfectis
952 3753 1126 3839 complevit
1149 3753 1266 3841 gaudia
1288 3755 1381 3834 votis,

568 3855 696 3944 Accipit
717 3861 882 3928 emeritam
905 3862 1020 3944 grandi
1043 3883 1117 3930 cum
1140 3860 1213 3927 dote
1235 3860 1386 3946 parentis.

518 3959 545 3998 ³⁵
568 3964 655 4033 Nam
677 3969 839 4054 praecelsa
861 3970 948 4036 dedit
970 3973 1004 4036 et
1027 3968 1163 4037 collibus
1186 3968 1285 4035 ardua
1307 3967 1411 4035 curvis

566 4073 694 4160 Iugera,
718 4081 751 4143 et
774 4081 901 4163 optatos
925 4077 1044 4145 Sinifar
1058 4072 1083 4160 ⁶)
1107 4077 1269 4162 praestitit
1294 4097 1379 4142 usus.

612 4181 742 4251 Dimissi
765 4191 940 4271 properant
964 4187 1159 4254 Phoenicum
1181 4189 1214 4252 et
1236 4186 1361 4252 moenia
1383 4189 1460 4251 nota

568 4289 772 4375 Linquentes,
796 4293 880 4360 solas
903 4295 1001 4361 eremi
1023 4297 1208 4362 scrutantur
1231 4316 1358 4373 arenas;

566 4396 750 4464 Deveninnt
773 4400 890 4466 celeres
913 4402 968 4466 ubi
992 4401 1135 4468 concitus
1158 4401 1277 4468 excitat
1300 4401 1367 4466 alas

516 4498 545 4536 ⁴⁰
568 4502 698 4587 Auster,
723 4511 756 4572 et
778 4508 935 4574 umbrosis
958 4508 1088 4575 obducit
1111 4508 1213 4574 sidera
1236 4508 1362 4589 nimbis,

568 4611 622 4677 Fit
644 4613 755 4680 domus
778 4615 943 4697 ambobus,
966 4614 1110 4683 Aradum
1132 4637 1228 4700 quarn
1250 4615 1378 4682 nomine
1400 4614 1520 4696 dicunt,

569 4717 677 4804 Atque
700 4719 832 4789 Amalec
854 4720 982 4808 placitis
1006 4722 1126 4789 adscita
1150 4721 1336 4808 adiungitur
1358 4722 1453 4788 arvis.

613 4825 691 4894 Inde
713 4829 796 4914 petit
818 4829 914 4896 Iudas
937 4827 1121 4915 Sephetam,
1144 4827 1268 4896 cultore
1291 4827 1452 4911 Cananuo,

567 4933 611 5001 Et
634 4935 786 5004 domitam
810 4937 895 5005 tristi
918 4937 1091 5023 compellat
1114 4938 1241 5005 nomine
1263 4942 1395 5020 terram,

326 5200 348 5272 ¹)
366 5201 537 5275 mathyam
556 5199 587 5258 0.
1122 5203 1146 5270 ⁴)
1164 5217 1325 5260 umneroac
1343 5203 1479 5258 evolvere
1497 5199 1530 5270 B,
1550 5198 1581 5255 O.

325 5287 350 5360 ²)
367 5287 528 5363 Sequentia
545 5307 639 5364 usque
658 5291 698 5349 ad
715 5311 743 5350 v.
762 5295 798 5351 70
815 5313 871 5352 om.
891 5295 927 5363 A,
945 5297 978 5352 B.
1124 5290 1146 5363 ⁵)
1165 5291 1254 5362 Vulg.
1275 5291 1414 5362 ottoniel,
1432 5286 1513 5345 filius
1533 5285 1630 5345 Genu.

323 5377 348 5455 ⁸)
367 5375 455 5453 Vulg.
474 5377 679 5440 Adombeacob.
1123 5385 1145 5458 6)
1163 5384 1209 5442 De
1229 5381 1354 5453 Dlaifar
1372 5379 1441 5440 silet
1459 5379 1541 5456 vulg.
1561 5383 1592 5437 et
1609 5393 1678 5438 uxr.
