4022 6072
292 523 347 581 130
863 513 1010 590 Sanetus
1028 515 1265 608 Hieronymus

291 686 455 744 secundum
479 685 614 744 diversos
640 685 770 744 editores
789 693 953 744 consonent
971 686 1036 746 sive
1092 687 1236 746 timentur
1254 687 1331 746 scire
1350 686 1490 762 cupienti.
1506 689 1596 747 Goion
1608 673 1724 763 graeca
1744 689 1836 750 latine

292 775 455 834 dissonent.
1091 779 1264 834 membrum.
1285 778 1408 835 Commu
1418 795 1490 835 vero
1503 797 1629 836 caesura
1641 779 1758 837 dicitur.
1777 782 1835 839 Sed

531 868 711 926 Germanum
728 867 799 926 XII.
1089 868 1165 924 haec
1183 867 1272 925 aliter
1289 867 1321 924 in
1338 885 1440 941 prosa,
1460 868 1548 926 ahter
1567 868 1597 924 in
1616 877 1712 928 metro
1732 870 1836 928 dicun·

1090 959 1153 1012 tur:
1172 956 1203 1013 in
1215 975 1303 1030 prosa
1314 975 1442 1029 namque
1456 957 1597 1015 dicuntur
1610 959 1730 1032 singule
1747 978 1839 1017 mem·

324 1049 402 1105 Item
422 1047 500 1120 quod
519 1048 656 1121 sequitur
673 1069 691 1104 ‹
702 1051 759 1106 sub
772 1049 907 1107 astericis
920 1056 952 1106 er
971 1049 1035 1106 obe·
1089 1045 1144 1101 bra
1155 1045 1337 1117 sententiam
1352 1052 1401 1101 nt:
1415 1067 1433 1100 ιι
1442 1046 1500 1113 Qui
1512 1065 1571 1104 non
1585 1047 1659 1104 abiit
1670 1049 1700 1105 in
1713 1051 1838 1107 consilio

290 1139 326 1195 lis
337 1159 362 1195 a.
375 1141 463 1196 Asier
475 1156 583 1211 graece
596 1139 685 1196 stelle
698 1140 820 1210 dicitur;
838 1139 1036 1214 compositum
1090 1135 1256 1210 impiorum,
1274 1143 1306 1193 et
1318 1136 1348 1193 in
1366 1136 1416 1194 via
1430 1144 1621 1209 peccatorum
1639 1157 1697 1195 non
1717 1141 1837 1211 stetit»,

289 1245 326 1286 ex
337 1231 492 1299 catartico,
511 1229 542 1285 id
562 1235 609 1285 est
627 1229 778 1302 privativo
797 1237 828 1286 et
846 1233 968 1288 isiosthe
987 1229 1036 1302 (ie-
1091 1231 1122 1282 et
1140 1233 1265 1297 caetera,
1280 1227 1374 1283 donec
1393 1226 1431 1282 ad
1443 1227 1581 1284 ultimam
1599 1229 1702 1286 sedem
1720 1235 1839 1288 senten·

291 1318 391 1390 career)
409 1317 489 1390 quod
508 1325 555 1374 est
573 1325 664 1376 stare.
676 1319 825 1376 Dicuntur
844 1325 945 1376 autem
965 1322 1037 1377 aste·
1091 1316 1151 1374 tiae
1171 1317 1321 1389 veniatur,
1342 1335 1419 1390 quae
1437 1335 1545 1390 graece
1564 1318 1674 1375 dicitur
1686 1323 1838 1393 periodos,

289 1410 348 1465 reis
360 1405 657 1480 quaemiuimefient.
669 1410 832 1466 Asteriecoe
844 1426 917 1465 vero
930 1425 1037 1464 nomen
1091 1407 1122 1464 id
1141 1412 1188 1465 est
1207 1407 1358 1481 circuitus,
1378 1408 1492 1466 scilicet
1510 1409 1676 1466 sententiae
1695 1409 1838 1466 clausule.

290 1503 337 1553 est
350 1495 570 1568 diminutivum,
587 1496 617 1551 id
631 1502 678 1553 eat
691 1498 821 1570 stellula,
835 1504 869 1553 ut
883 1515 938 1568 pes
957 1497 1037 1570 (παῖς,
1091 1499 1126 1555 Ῑιι
1145 1503 1241 1555 metro
1260 1515 1332 1556 vero
1352 1498 1488 1571 singulae
1507 1503 1609 1572 partes
1631 1498 1755 1556 rationis
1773 1517 1840 1572 pca-

286 1585 596 1658 postcommunione)
615 1583 645 1642 id
665 1592 713 1642 est
730 1604 813 1660 puer,
834 1587 968 1660 puellus;
988 1604 1038 1643 cu-
1092 1592 1163 1644 suut
1181 1589 1247 1644 cola
1266 1585 1338 1658 dici,
1359 1587 1423 1644 sIve
1442 1605 1510 1643 cum
1528 1604 1636 1644 versus
1662 1593 1780 1644 constat
1799 1605 1838 1644 ex

289 1695 354 1748 roc,
374 1679 505 1735 cariscos
524 1676 604 1749 quod
629 1675 708 1733 idem
727 1683 782 1734 est.
807 1677 894 1744 Quod
917 1677 1038 1749 signum
1092 1675 1221 1733 diversis
1241 1675 1396 1748 speciebus
1409 1682 1580 1746 metrorum,
1593 1683 1629 1732 ut
1647 1677 1727 1748 apud
1745 1677 1839 1733 Hora·

289 1767 360 1842 poni
378 1768 456 1824 solet
473 1767 525 1824 ubi
551 1769 632 1839 quod
655 1768 793 1825 defuerat
818 1767 954 1841 additur,
979 1785 1038 1840 quo
1092 1766 1182 1824 tium:
1201 1767 1316 1840 prunus
1335 1783 1442 1824 versus
1460 1773 1602 1824 constans
1616 1785 1653 1824 ex
1666 1765 1785 1823 heroica
1802 1770 1841 1823 ie·

289 1859 385 1917 veluti
405 1861 494 1916 stella
511 1861 655 1917 lucescet.
1092 1860 1235 1930 trapodia
1248 1864 1278 1915 et
1291 1856 1389 1914 tribus
1402 1856 1567 1929 trochaeis;
1581 1857 1745 1914 secundum
1758 1873 1795 1914 ex
1808 1855 1839 1912 in

327 1951 429 2007 obelos
457 1957 558 2006 autem
583 1967 692 2022 graece
717 1949 826 2007 dicitur
851 1966 943 2022 vern;
974 1949 1039 2006 sive
1092 1955 1188 2006 metro
1207 1947 1380 2020 iambico⁴):

289 2039 413 2114 quaevis
433 2041 571 2097 columne
589 2041 713 2113 lapidee,
725 2043 789 2097 eive
808 2040 917 2112 lignea,
938 2057 956 2095 ιι
975 2057 1040 2114 spa·

288 2131 366 2189 tioso
383 2129 527 2187 inchoans
547 2137 578 2188 et
598 2130 736 2187 desinens
755 2130 785 2186 in
805 2137 936 2200 acutum,
948 2147 1038 2202 super
1150 2130 1343 2201 Trahualque
1360 2132 1456 2188 siccae
1474 2132 1628 2187 machinae
1648 2131 1777 2186 commas.

287 2240 378 2294 quam
391 2221 539 2278 victorum
552 2221 697 2295 trophaea
713 2221 856 2294 suspendi
875 2235 1039 2278 consueve-
1182 2221 1317 2277 Soluiiur
1335 2224 1415 2278 acris
1433 2223 1524 2277 hiems
1543 2223 1632 2293 prata
1651 2223 1713 2278 vice
1731 2223 1809 2277 veris

288 2318 367 2368 runt.
380 2312 445 2368 Hac
458 2317 530 2368 nota
548 2317 667 2368 notatur
683 2311 868 2386 superfluum
881 2311 954 2385 quid
967 2309 1040 2368 fuis·
1282 2359 1284 2364 ,
1488 2313 1516 2367 et
1533 2311 1657 2385 favonii,

289 2421 330 2471 se,
342 2403 421 2476 quod
431 2403 602 2460 confossum
612 2403 659 2475 sit,
672 2409 763 2477 etque
774 2410 971 2478 peremptum.
980 2403 1037 2459 His

289 2512 361 2567 ergo
374 2494 491 2552 duabus
500 2493 581 2550 noris
593 2494 801 2566 significantur
813 2513 890 2567 quae
899 2495 931 2552 iu
944 2497 1041 2572 ecrip·
1094 2507 1170 2558 quae
1190 2489 1246 2547 oda
1269 2490 1517 2562 metaurenses,
1536 2490 1837 2563 lacuturnenses,

288 2583 366 2642 turis
380 2582 489 2641 divinis
503 2583 607 2640 addita
620 2591 693 2641 sunt
705 2583 770 2643 sive
784 2583 913 2659 dempta.
1094 2597 1170 2652 quae
1184 2597 1254 2638 vero
1268 2586 1386 2636 tentum
1399 2599 1437 2638 ex
1449 2599 1509 2638 ana
1522 2587 1640 2638 constat
1659 2580 1766 2655 specie,
1779 2599 1840 2638 mo-

1092 2673 1210 2728 mccolos
1222 2677 1425 2744 nuncupatum
1441 2672 1511 2729 hinc
1529 2671 1608 2747 apud
1627 2672 1764 2730 eumdem
1782 2690 1840 2729 mo·

521 2762 702 2822 Gamrunuu
720 2764 806 2820 XIII.
1093 2763 1195 2834 accoli,
1215 2763 1310 2832 diocli,
1331 2765 1427 2820 tricoli
1446 2763 1593 2832 dicuntur,
1613 2771 1669 2820 etc.

1130 2851 1284 2910 Commota
1292 2871 1371 2924 vero,
1380 2853 1443 2911 sive
1452 2859 1534 2927 tome,
1544 2872 1620 2927 quae
1628 2872 1760 2926 caesura,
1768 2860 1840 2912 sunt

323 2941 403 2998 Item
427 2939 508 3014 quod
536 2940 675 3014 sequitur
702 2939 734 2997 in
758 2943 878 3014 Regum
905 2943 1037 3016 prologo,
1092 2939 1123 2996 in
1141 2946 1237 2998 metro
1251 2943 1543 3017 quatuor30tprima
1557 2943 1676 3018 quidem
1695 2961 1772 3016 quae
1792 2951 1839 3000 est

290 3051 308 3084 ιι
317 3030 398 3102 quod
416 3047 454 3086 ex
472 3029 538 3102 ipsa
545 3031 656 3101 phrasi
668 3029 787 3104 probari
799 3035 899 3103 potest
911 3032 931 3102 ¹)
943 3049 968 3104 e,
981 3031 1038 3087 hoe
1093 3048 1225 3103 caesura,
1239 3039 1311 3088 sunt
1328 3033 1359 3089 in
1377 3039 1473 3090 metro
1487 3039 1593 3105 quarto
1609 3040 1640 3090 et
1653 3033 1755 3107 prImo,
1770 3051 1838 3090 cum

289 3123 337 3175 est
341 3122 451 3191 phrao,
459 3117 547 3175 video
556 3118 606 3175 vel
616 3117 722 3192 loquor
731 3117 848 3175 dicltur.
857 3119 943 3175 Unde
950 3122 1041 3190 phra·
1092 3125 1162 3193 post
1174 3121 1249 3178 duos
1262 3140 1399 3180 emensos
1411 3125 1511 3197 pedes,
1527 3125 1644 3198 syllaba
1657 3123 1693 3181 de
1710 3123 1838 3180 dictione

286 3210 329 3265 sis
348 3205 474 3279 dicitur,
494 3205 525 3262 id
544 3212 591 3262 est
609 3206 721 3263 locutio
742 3207 790 3264 vel
813 3207 932 3280 stylus;
958 3209 1039 3265 unde
1092 3211 1278 3284 remanserit,
1297 3219 1345 3268 ut:

283 3299 414 3368 phrasin
423 3297 459 3371 (i)
473 3295 537 3355 sive
546 3300 688 3368 phraates
701 3297 732 3353 id
746 3303 799 3367 est,
814 3298 939 3354 locutor.
958 3297 1038 3354 Hinc

288 3386 476 3458 componitur
499 3389 733 3458 metaphrasten,
752 3389 801 3445 vel
820 3391 1037 3460 metaphrastes

287 3477 444 3551 interpres,
464 3476 518 3549 qui
537 3477 687 3533 teutonice
710 3495 828 3552 quoque
848 3478 955 3535 dicitur
974 3483 1039 3535 ant·

283 3573 422 3641 phrisiam
432 3568 464 3642 ¹).
477 3569 554 3624 Hinc
571 3572 798 3644 theophrastus,
813 3569 864 3643 qui
882 3569 984 3626 divina
995 3570 1040 3626 lo-

289 3660 399 3732 quitur,
413 3659 463 3716 vel
476 3661 677 3731 Euphrasius,
692 3659 744 3732 qui
756 3659 831 3716 bene
845 3659 984 3734 loquitur.
1162 3687 1259 3743 Arma
1277 3687 1435 3757 virumque
1454 3700 1528 3742 ww
1550 3685 1657 3755 froja,

1162 3355 1266 3426 Amne,
1286 3357 1444 3428 utrumque
1463 3371 1546 3412 cono.

1092 3536 1236 3610 Secunda,
1256 3543 1412 3612 cumpost
1431 3545 1501 3611 tres,
1521 3543 1569 3596 ut:

523 3839 704 3898 (inemptum
723 3841 804 3898 XIV.
1090 3847 1187 3919 tertie,
1200 3864 1267 3903 cum
1277 3845 1307 3902 in
1317 3844 1415 3903 medio
1425 3862 1518 3902 versu
1526 3845 1674 3918 reperitur
1683 3844 1837 3901 trocheus:

1091 3957 1150 3996 nou
1169 3939 1249 4009 quod
1272 3937 1303 3992 in
1322 3953 1356 3992 eo
1376 3937 1517 3993 trocheus
1540 3935 1632 3992 locari
1656 3935 1765 4006 soleat,
1785 3935 1838 3990 sed

323 4024 401 4080 Item
412 4025 491 4096 quod
503 4024 640 4098 sequitur
652 4045 669 4078 ιι
679 4030 714 4081 ιιι
728 4024 892 4098 interprete
905 4042 953 4081 me
972 4041 1038 4082 aes·
1091 4027 1161 4100 quia
1174 4045 1233 4083 una
1246 4025 1363 4099 syllaba
1376 4025 1495 4083 sublate
1508 4025 1545 4081 de
1559 4024 1686 4098 dactylo,
1697 4024 1836 4081 trocheus

288 4114 411 4170 timetor
423 4114 560 4188 signatus
575 4116 665 4172 esvel
675 4117 896 4187 paraphrastes
906 4136 931 4186 »,
943 4131 1036 4187 para,
1090 4120 1253 4189 remaneat,
1272 4122 1308 4172 ut

288 4204 369 4262 sicat
380 4204 522 4278 praedixi,
535 4222 643 4276 graeca
655 4203 836 4279 praepositio
849 4210 904 4275 est,
917 4203 949 4261 in
963 4223 1038 4262 com·

287 4295 435 4369 positione
449 4295 568 4353 diversa
578 4294 755 4367 significans.
767 4297 825 4352 Sed
835 4296 866 4352 iu
879 4314 915 4353 eo
925 4297 976 4369 qui
990 4303 1037 4353 est

283 4387 514 4457 paraphrastes,
525 4403 593 4441 eum
608 4385 758 4457 significet
771 4386 823 4458 qui
842 4387 942 4443 minus
960 4385 1036 4443 bene
1091 4388 1205 4456 Quarta
1224 4403 1296 4444 vero
1308 4385 1459 4442 bucolicus
1472 4403 1597 4442 caesura
1609 4384 1724 4456 dicitnr,
1742 4383 1773 4441 id
1791 4391 1838 4441 est

288 4477 452 4536 transferet
470 4495 559 4550 quem
578 4477 742 4535 transferre
761 4477 924 4552 proposuit.
1090 4477 1250 4551 pastoralis
1270 4493 1404 4547 caesura,
1418 4476 1537 4548 quaudo
1557 4481 1681 4550 quartas
1700 4493 1754 4549 pes
1773 4475 1841 4532 dac·

1090 4568 1184 4642 tlylus
1202 4573 1317 4642 partem
1336 4565 1478 4624 terminat
1496 4567 1647 4638 orationis,
1666 4575 1702 4622 ut
1720 4567 1814 4640 eet⁵):

1162 4244 1286 4300 Italiam
1301 4242 1464 4315 prolapus.

531 4659 711 4717 oraretur
729 4659 795 4716 XV·
1089 4697 1152 4755 uos
1166 4697 1303 4768 patriam
1320 4695 1476 4768 fueram
1496 4697 1538 4768 rc,
1561 4693 1668 4768 sporn,
1686 4695 1785 4752 reem
1807 4695 1839 4749 m

321 4839 399 4896 Item
411 4839 491 4913 quod
507 4839 537 4896 in
550 4839 649 4898 Isaiae
667 4841 790 4914 prologo
809 4841 923 4914 legitur
933 4841 956 4916 ³)
975 4847 1037 4899 «ut
1719 4785 1837 4840 umbra·

285 4945 339 5002 per
358 4931 423 4986 cola
437 4929 605 4988 scribantur
619 4935 650 4986 et
663 4933 845 5003 commota»,
865 4931 977 5004 pariter
994 4932 1037 4989 in·
1088 4931 1124 4987 In
1135 4947 1226 5004 prosa
1238 4946 1310 4987 vero
1324 4929 1465 4986 dicuntur
1477 4933 1634 4999 commata,
1647 4927 1764 5001 quando
1777 4944 1838 4984 uon

223 5083 226 5092 ·
323 5072 346 5144 ¹)
365 5073 437 5146 Opp.
457 5077 477 5128 ι.
497 5089 537 5142 11,
559 5073 613 5129 col.
633 5074 695 5130 567.
1124 5075 1496 5149 ³)Opp.t.1x,col.671.

320 5163 344 5236 ²)
362 5163 438 5220 Sane
457 5163 589 5220 notanda
607 5181 666 5222 vox
686 5163 843 5235 theoetica,
864 5167 918 5223 sed
943 5165 1036 5239 inqui·
1124 5167 1150 5241 ⁴)
1168 5165 1240 5223 Hor.
1260 5165 1306 5223 od.
1326 5181 1365 5238 1v,
1387 5184 1415 5224 v.
1436 5167 1505 5237 1,n.

284 5252 411 5308 rendum
432 5271 471 5309 au
498 5253 558 5310 huc
586 5255 766 5328 surrepserit
793 5261 865 5313 nota
890 5259 1035 5331 marginis
1124 5257 1148 5330 ⁵)
1166 5255 1270 5328 Eulog.
1290 5271 1309 5330 1,
1329 5274 1358 5314 v.
1376 5257 1403 5314 4„

284 5341 385 5417 Moysi
402 5347 505 5403 nostro
525 5345 672 5404 recentior
690 5353 722 5403 et
740 5347 904 5421 peregrina.
