4006 6074
683 534 838 608 Mettum
856 530 894 604 iu
912 527 1039 604 librum
1057 530 1224 606 Juetcum

470 709 562 790 ,Sed
584 709 660 795 quie
682 708 773 776 nulle
795 708 873 775 meis
895 707 971 774 dete
994 709 1043 772 est
1065 704 1184 773 fiducie
1205 703 1308 786 iussis,

471 818 603 898 ,Victis
626 839 726 905 regne
748 816 840 900 dubo,
863 839 920 883 vos
942 837 1070 882 rursum
1083 809 1108 896 ι)
1131 814 1190 882 sub
1213 813 1291 898 iuge
1313 812 1454 894 mittem,

469 926 544 1004 ,Ut
567 926 687 992 similes
710 925 780 992 sitis
803 923 884 990 divis
907 945 988 1008 quos
1011 923 1138 990 creditis
1161 945 1228 990 cese
1245 971 1272 1000 ,.

509 1033 598 1111 Ques
620 1037 791 1118 postquem
813 1032 930 1099 Iudeee
952 1032 1013 1098 Dei
1034 1031 1185 1098 mandute
1207 1030 1338 1115 recepit,

399 1137 442 1175 ¹²⁰
464 1140 614 1208 Vertitur
636 1142 676 1209 ed
699 1140 849 1226 gemitus,
873 1145 905 1208 et
927 1141 1034 1208 tristis
1056 1143 1187 1226 pectora
1209 1139 1355 1220 tundens,

465 1250 626 1316 Uberibus
648 1248 798 1334 lucrymis
820 1249 945 1316 renium
968 1252 1074 1334 roget.
1097 1248 1166 1316 Nec
1189 1269 1279 1316 more
1302 1245 1384 1313 votis

466 1361 541 1428 Ulle
562 1360 642 1440 fuit3
666 1363 840 1445 sanctoque
863 1359 923 1426 Dei
945 1381 1003 1444 per
1025 1357 1146 1444 temple
1168 1361 1314 1442 petentes
1327 1351 1363 1440 ⁸),

462 1467 671 1554 Prosequitur
693 1467 806 1552 pietus,
829 1488 912 1552 quoe
934 1467 1064 1533 moestis
1086 1466 1173 1532 lnetn
1194 1464 1348 1550 resignet.

463 1575 634 1662 Dispersus
654 1575 758 1660 igitur
780 1575 918 1660 populus
940 1575 981 1641 od
1003 1583 1081 1642 note
1102 1578 1246 1640 recursat

397 1675 440 1726 ¹²⁵
465 1683 564 1752 Tecta
585 1683 700 1766 libens,
723 1683 857 1768 locoque
879 1682 966 1749 dedit
987 1681 1145 1768 plorabile
1170 1702 1293 1748 nomeu.

875 2006 974 2074 Gerus
997 2007 1056 2073 111.

508 2227 631 2294 Rursus
653 2225 749 2292 corde
770 2224 892 2306 lebant,
915 2224 1111 2309 redeuntque
1134 2222 1174 2290 ed
1197 2223 1331 2291 crimine
1353 2225 1454 2302 sueto,

465 2334 700 2420 Bechelemque
723 2334 843 2415 colunt,
868 2333 1006 2400 Domino
1028 2354 1087 2418 per
1109 2332 1188 2400 tolie
1209 2332 1307 2400 leeso.

467 2443 657 2511 Sustentent
676 2444 806 2510 meritos
829 2443 965 2510 mentite
987 2443 1029 2509 ob
1051 2435 1183 2509 numine
1204 2464 1334 2528 poenes.

464 2551 652 2620 Subduntur
674 2551 810 2618 dominis
832 2571 912 2636 quos
935 2547 1130 2634 vicerunt³),
1154 2551 1244 2618 dolor
1267 2552 1377 2619 etrox!

401 2655 442 2696 ¹³⁰
464 2659 533 2727 Nec
556 2659 680 2726 miseris
703 2681 866 2745 quoquem
889 2659 1053 2744 respondit
1075 2660 1201 2728 conscie
1222 2660 1325 2727 virtus

465 2767 599 2835 Lenitur
620 2789 696 2834 mox
718 2768 768 2833 ire
789 2767 860 2850 Dei,
883 2789 1094 2854 proceresque
1117 2773 1275 2851 creentur,

461 2877 524 2954 uui
547 2875 630 2942 mele
652 2875 819 2962 praecipiti
832 2873 859 2960 ι)
880 2876 1037 2963 populum
1059 2897 1194 2963 tepuere
1217 2875 1348 2962 periclo.

462 2983 523 3051 His
545 3005 672 3070 qnoque
693 2983 859 3070 despectis,
883 2985 987 3052 rabies
1009 2989 1162 3052 consuete
1183 2986 1325 3074 resurgit

463 3092 534 3162 Nec
557 3093 642 3162 solos
665 3095 788 3163 socient
802 3093 827 3178 ¹⁵)
852 3095 944 3176 ritus,
969 3095 1129 3162 consortie
1151 3095 1296 3176 miscent,

404 3196 445 3235 ¹³⁵
468 3201 678 3289 Intonsosque
700 3201 808 3270 dicent
829 3202 928 3284 lucos,
952 3225 1087 3288 eresque
1109 3202 1296 3270 reforment.

462 3309 531 3378 Nec
554 3315 661 3378 temen
683 3309 803 3377 inleese
825 3309 1002 3396 procedunt
1024 3309 1126 3376 fecte:
1147 3314 1337 3394 premuntur

465 3417 614 3500 Servitio,
638 3437 813 3503 regemque
836 3419 981 3482 tremunt
1003 3415 1170 3484 Achnsere
1192 3421 1315 3484 tomum
1328 3411 1354 3502 ο)

465 3523 527 3604 Qui
550 3530 620 3592 tum
644 3525 715 3592 iure
736 3524 844 3607 dubet,
868 3523 1014 3610 geminos
1036 3545 1100 3609 que
1122 3523 1236 3591 dividit
1258 3545 1368 3591 omnes

465 3635 584 3716 Insula,
607 3635 648 3700 eb
671 3633 813 3720 Assyriis
836 3632 1020 3720 disiungens
1042 3633 1145 3700 limite
1168 3629 1294 3714 Perses,

400 3735 442 3776 ¹⁴⁰
465 3741 630 3810 Subiectos
653 3742 814 3824 cohibens,
838 3742 929 3808 ennie
951 3741 1160 3808 redeuntibus
1183 3745 1266 3809 octo.

462 3848 606 3917 Tandem
629 3851 813 3938 congemuit
836 3850 951 3918 merito
974 3850 1092 3918 Iudeee
1114 3853 1206 3917 reetu

461 3956 510 4026 Ac
532 3958 705 4026 Dominum
723 3963 886 4045 prostrete
908 3962 1015 4045 roget,
1038 3959 1095 4043 qui
1117 3958 1238 4025 frontus
1261 3957 1364 4024 emico

461 4065 603 4134 Numine
625 4067 768 4134 restituit
789 4066 923 4152 trepidis
946 4065 1104 4134 solamine
1125 4067 1220 4133 vitoe.

506 4172 593 4240 Nem
615 4173 731 4241 misem
753 4173 896 4242 salrator
919 4175 1018 4256 edest,
1042 4173 1224 4260 populoque
1247 4173 1384 4241 salutem

401 4278 440 4320 ¹⁸⁶
462 4277 616 4364 Exhibet,
640 4304 677 4349 ec
699 4285 837 4350 moestus
860 4283 1001 4368 detergit
1023 4286 1153 4367 pectore
1176 4304 1279 4366 cures,

461 4389 607 4457 Belletor
629 4390 829 4474 Geseesetus,
853 4387 1086 4475 Gothouelus⁷l
1109 4393 1214 4473 heros,

466 4497 607 4566 Chelebo
629 4521 703 4567 cum
725 4499 827 4567 fretre
848 4500 971 4586 rigens,
995 4499 1050 4567 sed
1071 4499 1177 4566 iunior
1198 4521 1287 4582 nevo,

463 4605 602 4691 Spiritus
624 4606 709 4676 hunc
731 4607 871 4690 Domini,
895 4607 1024 4675 virtutis
1046 4607 1120 4675 dote
1142 4607 1311 4676 cluentem.

462 4713 601 4795 Extulit,
625 4719 658 4782 et
680 4716 765 4783 celse
787 4717 957 4782 sublimem
980 4717 1053 4782 sede
1074 4716 1202 4784 locarit.

398 4817 440 4860 ¹⁵⁰
463 4821 526 4890 Hic
548 4823 672 4890 volidus
695 4823 839 4910 fidusque
861 4823 922 4891 Dei
944 4825 1127 4914 discrimine
1151 4824 1242 4891 victis

218 5097 242 5171 ¹)
258 5115 381 5159 eurum
400 5102 435 5174 A,
448 5101 482 5158 B·
1017 5107 1271 5180 ornemus.
1290 5105 1467 5166 socraten

217 5187 242 5262 ²)
256 5194 391 5262 polentes
408 5193 444 5265 A,
463 5195 586 5250 meretis
604 5193 637 5249 Β.
1017 5199 1041 5270 ⁶)
1058 5211 1126 5269 m,
1146 5201 1329 5268 llooccpotcup.
1349 5195 1402 5253 Ed
1420 5195 1540 5254 Inuoluit.
1559 5201 1730 5270 Xenocoprrn-

218 5281 242 5352 ³)
260 5279 351 5338 Godd.
370 5284 424 5356 qut
441 5284 537 5340 dolor.
983 5292 1035 5357 pot
1056 5286 1180 5346 Βασιλέως
1200 5287 1288 5357 Συρίας
1307 5288 1511 5356 Μιαοποταμίας.

217 5371 240 5442 ⁴)
255 5373 408 5444 proecepit
425 5373 460 5444 A,
474 5375 628 5445 proecepit
645 5373 680 5430 Β.
1018 5376 1042 5450 ⁷)
1061 5377 1176 5435 sodorol).
1194 5381 1245 5432 ulto
1265 5379 1347 5440 Κινίζ.
1367 5378 1394 5433 Δ
1411 5393 1501 5436 mea.

323 5497 419 5553 Aron.
438 5513 465 5569 v,
480 5497 535 5554 ¹fol
555 5498 634 5555 xrr*.
