4022 6072
908 500 1054 575 Sanctus
1072 497 1227 572 Basilius

630 916 659 959 ν.
685 895 715 959 6.
741 897 790 956 'liu
816 881 850 955 δὲ
873 898 918 973 τῷ
943 881 1001 976 ᾅδῃ
1029 891 1075 965 τίς
1100 882 1367 980 ἑξομολογήσεταί
1391 897 1455 968 σοις
1474 889 1498 972 ¹)

709 1003 752 1068 Iu
770 1004 897 1085 inferno
912 1007 1018 1066 aulem
1034 1001 1107 1082 quis
1123 1001 1324 1082 confitebitur·
1340 1000 1400 1065 tibi
1409 1001 1427 1064 ‚2

338 1216 394 1282 Διά
418 1227 512 1282 τοῦτο
537 1207 571 1281 δέ
595 1219 650 1280 οῦκ
674 1215 758 1280 ἔστιν
777 1220 807 1280 ἐν
826 1225 869 1298 τῷ
886 1206 945 1299 άδῃ
972 1205 1036 1290 ἑξο·

294 1323 526 1416 μολογοῦμενος
551 1313 602 1388 διά
625 1325 663 1388 τ“ο
681 1322 796 1410 μηκέτι
812 1322 871 1392 τήν
890 1319 1037 1406 βοήθειαν

294 1445 499 1524 συμπαρεῖναι
522 1443 577 1498 τοῦ
602 1432 796 1524 πνεύματος·
821 1443 871 1496 νῦν
896 1433 951 1521 μὲν
976 1431 1036 1522 γάρ

292 1553 436 1630 παρεῖναι
460 1531 547 1606 δοκεῖ
562 1551 626 1616 πῶς
642 1552 707 1617 τοῖς
724 1534 808 1618 ἅπαξ
832 1539 1038 1630 ἐσφραγισμέ-

292 1673 353 1724 νοις
377 1650 415 1714 τὸ
432 1659 555 1739 πνεῦμα
571 1647 631 1721 τήν
648 1651 682 1714 ἐκ
700 1659 756 1725 τῆς
773 1654 960 1739 ἐπιστροφῆς
983 1651 1037 1711 αῦ-

292 1767 347 1822 τοῦ
372 1758 529 1845 σωτηρίαν
555 1756 726 1844 άναμένον·
750 1757 825 1822 τότε
849 1747 882 1822 δὲ
906 1749 939 1834 ἐξ
963 1759 1036 1820 ὅλου

291 1875 349 1940 τῆς
376 1857 605 1948 βεῦηλωσάσης
630 1869 725 1929 αὺτοῦ
742 1861 844 1953 ψυχῆς
867 1864 928 1937 τήν
945 1863 1036 1954 χάριν

292 1971 565 2060 άποθμηθήσεται,
581 1978 682 2036 Τοῦτο
700 1966 751 2036 οὖν
768 1962 854 2048 εἰδὼς
870 1973 923 2036 καί
940 1963 1036 2036 Δαυίδ

292 2073 374 2157 ἀξιοῖ
384 2078 519 2144 ἐνταῦθα
530 2076 738 2166 ἀπονίψασθαι
751 2078 793 2143 τά
807 2080 1036 2169 ἁμαρτήματα,

292 2187 375 2251 ὥστε
398 2185 449 2252 ἐπὶ
472 2175 677 2275 τοῦροθεροῦ
696 2185 838 2275 βήματος
861 2188 1036 2276 παρρησίαν

244 2331 247 2338 ·
293 2297 481 2358 ἀπολαῦσαι·
507 2284 554 2358 διὸ
573 2293 649 2382 φησί
664 2287 739 2383 πρὸς
755 2294 846 2358 Θεόν·
865 2297 933 2382 Οὐχ
954 2298 1036 2384 ὁρᾷς,

292 2403 394 2492 Κύριε,
411 2412 470 2479 τῆς
488 2401 681 2490 ἀνθρωπίνης
698 2396 779 2478 ζωῆς
795 2403 833 2467 τὸ
857 2402 1036 2496 ὠκῦμ.ορον;

290 2503 430 2601 πρόλαῦε
454 2520 495 2595 τῇ
521 2512 692 2599 ἐπιστροφῇ
711 2519 769 2585 τῆς
786 2507 888 2600 ψυχῆς
914 2534 973 2598 μου
998 2511 1036 2575 τὸ

290 2623 461 2710 ἀναγκαῖον
490 2625 549 2692 τῆς
581 2609 662 2694 ζωῆς
691 2623 798 2704 ήμῶν,
825 2618 949 2707 μήποτε
980 2628 1035 2682 τοῦ

290 2723 427 2788 θανάτου
452 2715 676 2806 excretum,
701 2723 823 2813 άργήσῃ
850 2733 936 2788 πᾶσα
961 2726 1035 2815 πρὸς

291 2832 455 2923 θεραπείαν
486 2835 617 2900 ἐπίνοια.
642 2835 708 2898 Οὐκ
732 2835 779 2898 έτι
802 2832 862 2924 γάρ
894 2835 983 2898 ἔσται
1004 2837 1035 2899 ὲν

290 2951 337 3024 τῷ
362 2940 488 3025 θανάτῳ
520 2946 535 3004 ὁ
560 2933 612 3006 διά
636 2952 693 3016 τῆς
719 2942 846 3031 μνήμης
877 2951 934 3008 τοῦ
957 2949 1035 3009 Θεοῦ

291 3047 478 3139 θεραπεῦσαι
499 3038 669 3136 δυνάμενος
685 3047 745 3120 τήν
762 3051 797 3112 ἐκ
813 3051 926 3127 κακίας
950 3054 1036 3133 αὐτῷ

290 3155 461 3248 γενομένην
486 3157 585 3234 νόσον,
612 3147 694 3234 διότι
717 3155 768 3221 ἐπί
783 3167 842 3246 γῆς
867 3156 922 3244 μὲν
948 3158 1036 3247 ἰσχὺν

290 3271 310 3341 ή
337 3259 559 3355 ἑξομολόγηςις
583 3268 661 3355 ἔχει,
685 3269 716 3331 ἐν
742 3257 775 3332 δὲ
791 3275 836 3349 τῷ
855 3258 915 3351 ᾄδῃ
940 3277 1036 3331 τοῦτο

290 3373 404 3437 οὐκέτι.
425 3377 491 3447 Πῶς
509 3371 568 3463 γάρ
586 3371 622 3435 ἂν
644 3362 777 3437 δυνατὸν
794 3383 859 3447 τοῖς
885 3371 1036 3462 κλαυθμῷ

291 3503 326 3545 τε
350 3475 404 3542 καί
428 3480 557 3567 βρυγμῷ
581 3467 900 3566 καταδεδικασμένοις
918 3478 977 3550 τήν
1002 3482 1036 3543 ἐκ

1135 1214 1256 1280 Idcirco
1272 1236 1335 1279 non
1353 1215 1450 1279 estin
1467 1214 1593 1280 inferno
1609 1215 1664 1298 qui
1683 1215 1835 1280 coufiten-

1091 1325 1155 1401 tur,
1172 1343 1209 1387 eo
1224 1321 1309 1406 quod
1325 1322 1369 1387 ibi
1382 1322 1506 1386 nullum
1518 1324 1661 1407 suppetit
1678 1323 1833 1388 auxilium

1090 1429 1232 1513 spirituo.
1254 1428 1337 1494 Nem
1354 1435 1524 1515 suppetere
1541 1453 1625 1497 nuuc
1640 1431 1766 1496 videtur
1782 1431 1833 1497 his

1091 1537 1146 1621 qui
1168 1537 1265 1603 semel
1288 1538 1396 1623 sigillo
1411 1538 1529 1623 signati
1543 1543 1629 1620 suut,
1645 1539 1776 1622 spiritus
1793 1561 1831 1605 ex

1089 1645 1293 1712 conversione
1315 1667 1373 1711 erra
1395 1645 1533 1712 salutem
1565 1651 1754 1730 expectans;
1779 1648 1832 1713 cui

1091 1773 1166 1816 vero
1189 1756 1266 1820 tunc
1286 1756 1391 1840 grstia
1407 1756 1536 1821 omnino
1551 1755 1696 1822 aufertur
1711 1779 1750 1822 ex
1766 1757 1833 1821 ani-

1090 1884 1142 1926 ma
1165 1862 1340 1947 inquinata.
1365 1863 1456 1941 Quod
1478 1887 1577 1949 quum
1594 1865 1695 1931 David
1713 1865 1833 1930 intelli-

1092 1973 1159 2052 gat,
1173 1969 1224 2035 hic
1240 1969 1383 2053 postulet
1399 1994 1418 2036 a
1434 1972 1572 2056 peccabis
1589 1971 1764 2053 emundari,
1780 1995 1836 2037 un·

1091 2077 1130 2142 de
1143 2062 1250 2142 coram
1267 2077 1466 2144 formidando
1480 2080 1634 2145 tribunali
1645 2075 1760 2146 fiducia
1771 2103 1834 2146 nou

1092 2183 1275 2250 frustretur.
1302 2183 1370 2250 Deo
1394 2184 1495 2269 igitur
1511 2186 1604 2252 dicit:
1621 2185 1736 2254 Nonne
1760 2209 1834 2253 con·

1090 2291 1219 2371 sideras,
1244 2291 1392 2372 Domine,
1415 2291 1573 2358 humanae
1589 2293 1673 2359 vituc
1695 2293 1836 2360 brevito-

1091 2403 1181 2466 teni?
1204 2398 1346 2466 Concede
1372 2401 1571 2466 conversioni
1593 2401 1719 2468 enimse
1746 2424 1835 2468 meae
1937 2473 1942 2482 ,

1089 2507 1175 2591 quod
1186 2507 1268 2572 vitoe
1281 2529 1368 2573 meae
1381 2509 1593 2574 necessarium
1607 2513 1666 2590 est,
1677 2532 1717 2574 ne
1730 2515 1833 2575 morte

1089 2615 1320 2700 intercipiente,
1337 2616 1476 2682 intereat
1495 2639 1711 2702 quaecumque
1736 2619 1833 2684 medi·

1091 2724 1227 2788 camunti
1250 2723 1415 2808 cogitatio.
1440 2723 1569 2789 Etenim
1585 2724 1618 2789 iu
1641 2730 1745 2791 morte
1768 2748 1834 2790 non

1091 2829 1152 2895 erit
1162 2825 1164 2830 ’
1175 2829 1230 2914 qui
1247 2851 1303 2912 per
1319 2831 1505 2896 memorium
1522 2831 1581 2898 Dei
1598 2831 1705 2898 valeat
1721 2834 1833 2900 morbo

1090 2937 1130 3002 eb
1145 2935 1313 3022 iniquitute
1328 2941 1400 3003 orto
1413 2937 1568 3005 medelam
1584 2939 1747 3021 adhibere,
1761 2963 1834 3024 pro-

1090 3051 1201 3130 pterea
1215 3048 1300 3131 quod
1316 3047 1348 3112 in
1365 3052 1453 3113 terra
1469 3048 1624 3114 confessio
1640 3049 1705 3114 uim
1720 3049 1829 3130 habet,

1090 3176 1172 3239 quae
1187 3155 1219 3220 in
1233 3155 1358 3221 inferno
1375 3155 1465 3222 nulla
1480 3159 1538 3221 est.
1552 3155 1623 3233 Quo
1641 3159 1725 3221 enim
1741 3162 1836 3242 pecto

1090 3262 1141 3328 his
1156 3264 1210 3347 qui
1228 3264 1356 3330 fletibus
1373 3267 1405 3329 et
1429 3263 1571 3330 dentium
1593 3264 1722 3330 stridori
1745 3265 1834 3329 addi·

1090 3375 1216 3451 cuntur,
1241 3371 1426 3454 contingere
1450 3375 1556 3455 potest
1571 3370 1697 3436 laetitia
1714 3393 1753 3436 ex
1774 3370 1832 3436 Dei

1090 3477 1267 3542 memoria?
1295 3477 1422 3561 quando
1446 3479 1492 3544 ait
1519 3479 1677 3563 propheta
1706 3479 1739 3543 in
1770 3478 1833 3543 ulio

289 3595 348 3660 τῆς
373 3586 499 3674 μνήμης
516 3594 571 3649 τοῦ
588 3591 666 3650 Θεοῦ
683 3585 870 3674 εῦρροσῦνην
896 3587 1036 3677 ἐγγίνεσ-
1090 3584 1176 3651 Ioco:
1205 3589 1217 3617 “
1232 3583 1355 3650 Memor
1370 3585 1417 3650 sui
1433 3585 1503 3665 Dei,
1520 3589 1552 3651 et
1568 3585 1708 3651 laetatus
1730 3608 1801 3652 sum
1816 3636 1828 3664 ,

291 3693 353 3770 θαι;
368 3693 507 3768 εἰπόντος
523 3701 580 3757 τοῦ
592 3694 755 3783 προφήτου
768 3691 904 3782 ἑτέρωθι·
921 3695 1035 3783 έμνήσ·
1090 3689 1154 3775 (Ps.
1170 3709 1284 3772 uxm,
1302 3695 1353 3774 4);
1377 3693 1466 3777 quasi
1491 3696 1593 3758 morte
1614 3693 1777 3776 potentior
1792 3692 1834 3757 sit

290 3797 347 3871 θην
360 3808 414 3862 τοῦ
428 3803 519 3880 Θεοῦ,
530 3798 584 3861 καὶ
597 3797 780 3888 εὑρράνθην,
794 3799 896 3887 ὥσπερ
910 3797 973 3888 γάρ·
984 3798 1037 3863 θα·
1091 3797 1150 3863 Dei
1173 3798 1336 3866 memoria.

289 3903 386 3969 νάτου
399 3909 548 3995 κρείττων
562 3908 581 3976 ή
596 3902 730 3968 ἐνταῦθα
743 3913 798 3969 τοῦ
815 3910 896 3970 Θεοῦ
911 3904 1033 3993 μνήμη.

905 4223 1103 4293 PSALMUS
1128 4223 1219 4294 VIII.

539 4467 569 4510 v.
596 4445 625 4509 1.
649 4446 699 4518 Είς
722 4441 760 4507 τὸ
786 4443 875 4519 τέλος
899 4441 973 4532 ὑπὲρ
998 4451 1060 4506 τῶν
1084 4446 1189 4514 ληνῶν
1213 4438 1336 4530 ψαλμδς
1361 4431 1529 4524 τῷΔαυίδ
1560 4445 1580 4523 ).

611 4551 655 4616 In
676 4552 783 4634 ficem,
803 4573 865 4634 pro
889 4552 1112 4636 torcularibus,
1132 4552 1281 4635 pectinos
1303 4551 1369 4634 ipsi
1391 4550 1512 4618 David.

332 4762 437 4829 Πάλαι
461 4761 564 4852 μὲνέν
581 4773 622 4849 τῇ
646 4775 757 4852 νομικῇ
783 4764 917 4854 λατρεία
941 4763 972 4828 ἓν
996 4759 1033 4839 ἦν
1134 4765 1300 4843 Quondam
1329 4765 1363 4830 in
1386 4766 1484 4852 legali
1515 4766 1605 4832 cultu
1636 4787 1735 4830 unum
1764 4768 1834 4831 erut

287 4871 453 4962 προλθνιον
470 4873 507 4936 τὸ
525 4869 758 4958 θυσιαστήριον,
777 4862 926 4943 interint
943 4871 980 4934 τὸ
1004 4874 1034 4936 ἐν
1088 4873 1240 4956 torcular,
1263 4875 1465 4942 incensorum
1488 4874 1601 4957 altere,
1624 4875 1775 4941 nimirum
1800 4875 1834 4940 iu

287 4987 333 5062 τῷ
357 4988 431 5063 ναῷ·
450 4987 533 5068 μετά
549 4981 609 5051 τήν
626 4987 689 5044 τῶν
706 4977 800 5044 ἐθνῶν
820 4983 944 5062 κλῆσιν,
960 4983 1038 5044 πολ·
1089 4982 1227 5067 θειῐιρΙος
1251 4986 1325 5067 post
1345 4984 1546 5050 uocationem
1563 4983 1709 5068 gentium
1732 4982 1835 5047 multa

286 5086 342 5151 λαί
363 5088 475 5159 ληνοί·
502 5082 597 5152 αὗται
622 5079 650 5153 δ’
676 5085 713 5152 ἃν
738 5083 798 5152 εἷεν
816 5092 848 5152 αἱ
869 5089 1035 5161 ἐκκλησίαι
1088 5095 1173 5156 sunt.
1198 5090 1260 5155 Per
1290 5112 1341 5155 me
1363 5089 1440 5156 licet
1462 5091 1526 5156 sint
1558 5089 1718 5170 ecclesiae,
1749 5109 1831 5174 quae

324 5317 345 5394 ¹)
364 5318 409 5378 uf.
429 5330 450 5378 ι.
472 5334 517 5392 ur,
538 5321 606 5394 5523
626 5326 646 5380 t.
667 5336 707 5390 ιν,
730 5319 808 5377 1320.
1126 5322 1149 5393 ²)
1168 5319 1212 5379 Of.
1231 5325 1252 5376 t.
1271 5335 1305 5390 11,
1325 5319 1386 5376 349.
