3978 6070
511 503 666 582 Pendeat
685 529 706 579 a
725 503 811 582 coelo
829 511 859 580 οἱ
876 505 1045 580 sideribus
1062 505 1217 602 είαρκὶαο
1234 511 1349 580 sortes.
1668 512 1703 572 97

157 673 319 770 ὑπάρξεσιν
344 679 492 744 οὺσίωται
517 673 680 768 μειζόνως,
707 681 788 769 εἴπερ
813 678 865 742 καί
888 684 977 768 ῆμεῖς
1002 672 1043 743 ὧν
1067 681 1134 743 ἐστι
1156 679 1338 770 προστάτης
1353 675 1396 766 ¹),
1421 677 1476 742 καὶ
1503 679 1553 742 ὅτι
1575 682 1703 743 πολλῶν

158 785 199 864 εἷς
223 789 312 878 ἄρχει
335 796 396 851 τῶν
421 779 569 876 ὁμοειδῶς
592 780 729 864 ζώντων,
754 777 840 851 οῦδὲν
865 781 951 876 οἶμαι
976 777 1039 851 δεῖν
1065 787 1319 878 ὑπομιμνήσκειν·
1344 791 1465 878 γελοῖον
1490 785 1549 879 γάρ
1575 792 1602 852 εί
1625 789 1702 851 όταν

158 899 374 987 ἀπολείπωμεν
399 898 453 961 τόν
478 899 562 978 αύτῷ
577 897 601 980 ²)
626 895 826 985 προσήκοντα
852 898 928 980 βίον,
953 895 1038 972 εὐθύς
1063 895 1143 967 ἄλλη
1170 892 1253 984 ψυχὶΙ
1273 897 1327 960 τόν
1350 896 1444 960 αὐτόν
1469 901 1602 986 αἱρεῖται
1626 896 1704 979 βίον,

156 1005 174 1077 ἢ
202 1010 314 1082 ἐκεῖνος
339 996 459 1080 οὐδενός
481 1008 565 1070 ἐστιν
591 1003 704 1094 ἄρχων·
727 1003 765 1068 τό
790 1003 845 1092 μὲν
870 1002 929 1094 γάρ
950 995 1192 1092 πλασματῶδες,
1213 1005 1251 1067 τό
1276 995 1309 1069 δέ
1332 1015 1390 1078 τῆς
1414 996 1576 1093 δαιμονίας
1600 1005 1704 1079 οὐσίας

158 1107 291 1190 ἀνάξιον·
310 1106 358 1178 δεῖ
372 1111 431 1203 γάρ
449 1112 560 1189 αύτούς
578 1112 681 1202 ἄρχειν
707 1112 756 1178 ἀεὶ
776 1112 896 1185 ταύτην
915 1114 1018 1178 οὐσίαν
1036 1115 1176 1201 ἔχοντας·
1196 1103 1292 1177 δεῖδὲ
1309 1113 1362 1176 καὶ
1382 1109 1487 1201 ψυχῶν
1512 1111 1704 1201 ἡγουμένους

156 1226 263 1304 πολλῷ
289 1223 409 1310 μᾶλλον
433 1223 464 1285 έν
488 1225 600 1313 λογικῇ
627 1215 690 1306 ζωῇ
716 1220 776 1293 τήν
800 1220 971 1285 ὑπόστασιν
995 1220 1158 1310 ἔχειν,καὶ
1178 1219 1280 1308 ταύτῃ
1306 1223 1423 1305 τελείορ,
1448 1221 1503 1284 καὶ
1526 1219 1610 1285 κατά
1634 1230 1702 1286 νοῦν

155 1327 331 1420 ἐνεργούσρ,
357 1320 396 1394 δι’
420 1327 458 1402 ῆν
483 1329 537 1392 καὶ
559 1334 648 1418 ῆμεῖς
673 1330 733 1394 ἀπὶ
757 1339 811 1394 τοῦ
836 1332 965 1406 ἀτελοῦς
988 1328 1039 1395 ἐπὶ
1062 1329 1122 1400 τήν
1145 1334 1263 1395 ἑαυτῶν
1287 1329 1510 1421 ἀνεγειρόμεθα
1532 1331 1701 1396 τελείωσιν·

155 1437 209 1501 καὶ
232 1435 291 1528 γάρ
317 1435 406 1526 ἄρχει
422 1447 484 1502 τῶν
501 1428 586 1503 ἔνδον
612 1427 826 1528 διαφερόντως,
844 1439 944 1529 ὥσπερ
961 1443 980 1509 ῆ
999 1437 1081 1529 τύχη
1100 1447 1163 1503 τῶν
1186 1432 1244 1516 ἔξω
1268 1442 1400 1528 μᾶλλον,
1420 1430 1466 1504 διὸ
1491 1439 1545 1504 καὶ
1569 1437 1665 1515 αὐτάς
1676 1439 1701 1522 ³)

155 1548 186 1610 ἐν
209 1555 250 1630 τῆ
277 1545 389 1634 αἱρέσει
411 1555 471 1621 τῆς
495 1539 576 1624 ζωῆς
599 1544 833 1612 ὑποτάττεσθαι
856 1547 948 1637 φησὶν
973 1552 1056 1636 ήμοῖς
1080 1556 1125 1632 τῷ
1142 1539 1276 1637 δαίμονι,
1292 1546 1392 1637 τύχης
1417 1539 1450 1614 δέ
1473 1550 1508 1612 ού
1532 1549 1703 1621 πεποίηται

156 1654 295 1742 μνήμην·
321 1651 391 1722 ἀλλ’
414 1655 490 1718 όταν
515 1655 569 1719 τόν
587 1655 658 1718 ὅλον
677 1655 743 1738 βίον
760 1657 935 1718 ἐπισκοπῶν
953 1658 969 1716 ό
986 1663 1107 1744 πρῶτος
1123 1652 1295 1744 πληρωθεὶς
1312 1653 1344 1718 όν
1362 1657 1480 1736 είλετο,
1498 1654 1552 1719 καὶ
1566 1653 1704 1743 ἑπόμενα

156 1771 200 1844 τῷ
225 1771 397 1852 τυραννικῷ
423 1763 479 1847 βίῳ
503 1761 612 1851 θεωρῇ,
637 1762 711 1826 τότε
735 1762 829 1826 αὐτόν

155 1979 178 2044 f.
203 1981 243 2045 91
263 2002 311 2046 v.:
333 1981 352 2063 [.
368 2031 375 2047 .
391 1977 570 2047 .αἱτιοῖσθαι
586 1979 639 2043 καί
655 1978 766 2068 τύχην·
792 1979 924 2048 ἐπεὶ...
947 1978 1207 2068 παρακελεύεται]
1228 1978 1281 2043 τόν
1298 1988 1422 2067 πρῶτον
1447 1976 1599 2070 αἱρεῖσθαι
1624 1980 1702 2064 βίον,

155 2086 214 2157 τὴν
238 2078 399 2176 ὑποδοχήν
422 2096 478 2152 τοῦ
502 2087 619 2178 κλήρου
637 2078 742 2159 δηλῶν
760 2078 811 2152 διά
827 2099 882 2152 τοῦ
899 2099 1022 2178 πρῶτον
1046 2092 1165 2178 λαχεῖν·
1191 2078 1273 2152 διότι
1295 2087 1411 2164 πάντες
1433 2092 1461 2152 οἱ
1485 2091 1597 2177 κληροῖ
1619 2087 1703 2178 παρά

155 2208 212 2272 τῆς
235 2196 398 2285 Λαχέσεως
422 2188 607 2278 ἑνδίδονται,
631 2191 685 2260 καὶ
707 2196 744 2259 τό
768 2198 879 2284 λαχεῖν
905 2198 960 2260 οὐκ
983 2194 1063 2260 ἄλλο
1087 2219 1119 2260 τι
1143 2194 1324 2283 σημαίνειή
1348 2195 1385 2259 τό
1409 2194 1621 2284 κληρωθῆναι·
1648 2195 1702 2260 καὶ

155 2297 304 2379 δηλονότι
327 2303 410 2370 κατά
434 2295 524 2377 δίκην
548 2315 611 2370 τῶν
635 2305 758 2393 κλήρων
783 2295 1031 2393 διανεμομένων,
1055 2305 1092 2368 τό
1116 2314 1238 2395 πρῶτον
1263 2306 1374 2392 λαχεῖν
1403 2302 1507 2386 ἐστὶν,
1531 2303 1568 2367 τό
1593 2305 1702 2392 εύμοι-

156 2413 278 2504 ρότερον
304 2406 382 2478 εἶναι
404 2412 474 2502 περὶ
496 2413 551 2477 τόν
575 2416 702 2502 κλῆρον,
727 2404 759 2490 ἐξ
784 2410 922 2501 ἀφθόνων
940 2411 1122 2501 ποιούμενον
1139 2411 1198 2483 τὴν
1223 2413 1345 2501 αἵρεσιν·
1372 2399 1530 2476 δέδεικται
1555 2401 1588 2476 δὲ
1610 2416 1698 2501 ημῖν,

154 2521 204 2584 ότι
226 2529 289 2583 τῶν
313 2520 497 2610 συγκλήρων
514 2516 620 2608 ψυχῶν
638 2525 670 2584 αἱ
685 2529 807 2609 πρῶται
823 2517 1031 2610 κληρωθεῖσαι
1047 2518 1119 2594 τούς
1136 2529 1198 2583 τῶν
1215 2512 1286 2596 ἑξῆς
1309 2518 1485 2609 περιέχουσι
1511 2521 1594 2604 βίους
1619 2518 1702 2606 μετά

154 2627 269 2705 ἄλλων,
294 2626 347 2690 καὶ
371 2631 403 2691 αἱ
427 2617 565 2717 δεύτεραι
588 2627 710 2692 τούτων
733 2621 822 2708 ἑξῆς,
846 2630 928 2692 ὥστε
951 2628 989 2692 τό
1012 2627 1135 2719 πρῶτόν
1160 2631 1227 2692 ἐστι
1251 2626 1451 2718 κληρωθῆναι
1480 2630 1518 2694 τό
1541 2630 1699 2694 πλείστων

155 2737 228 2820 βίων
253 2738 284 2800 ἐν
308 2727 430 2819 ἐξουσίᾳ
453 2733 595 2826 γενέσθαι
619 2736 772 2826 αἱρέσεως.
797 2741 915 2802 Τοῦτον
939 2731 990 2801 οὖν
1015 2735 1136 2802 κελεύει
1164 2737 1217 2801 καὶ
1241 2735 1393 2827 αἱρεῖσθαι
1415 2747 1549 2827 πρῶτον.
1569 2735 1644 2802 Ὅτι
1669 2727 1702 2802 δὲ

154 2844 190 2908 τό
214 2853 337 2934 πρῶτον
354 2847 384 2908 ἐν
400 2842 523 2919 τούτοις
540 2844 593 2908 καὶ
609 2834 762 2936 δεύτερον,
781 2849 822 2921 εἰς
841 2844 899 2915 τήν
917 2855 972 2910 τοῦ
989 2847 1116 2936 ούρανοῦ
1134 2843 1229 2936 φοράν
1247 2839 1468 2911 ἀπούλέποντα
1486 2837 1533 2911 δεῖ
1555 2839 1700 2934 νομίζειν,

154 2938 307 3042 ἀφορίζειν
331 2951 386 3015 τόν
409 2953 552 3041 παρόντα
575 2952 682 3043 λόγον,
707 2955 831 3041 εἴπομεν
855 2943 917 3026 ήδη
943 2953 1104 3044 πρότερον·
1129 2953 1182 3017 καὶ
1197 2951 1257 3044 γάρ
1274 2953 1466 3044 συγκλήρους
1483 2951 1602 3029 ταύτας
1626 2947 1702 3017 εἶναι

153 3060 264 3149 φαμὲν,
279 3061 347 3125 όσαι
361 3059 443 3125 κατά
456 3061 492 3125 τέ
505 3060 629 3150 συνεχὲς
642 3069 707 3149 τμῆ
712 3087 756 3150 μα
769 3072 824 3126 τοῦ
838 3055 992 3152 ζωοφόρου
1009 3073 1172 3127 ποιοῦνται
1184 3061 1241 3137 τάς
1255 3062 1393 3154 αἱρέσεις,
1407 3060 1469 3128 οἱον
1482 3073 1536 3126 τοῦ
1551 3063 1605 3152 μέν
1618 3061 1702 3152 πρώ-

154 3192 210 3232 του
226 3169 343 3259 κλήρου
368 3159 565 3256 δεκαμοιρίαν
590 3170 716 3258 ἔχοντος
733 3176 775 3244 εἰς
792 3171 906 3260 αίρεσιν
924 3178 985 3233 τῶν
1004 3173 1034 3234 ἐν
1052 3180 1121 3246 ταῖς
1139 3157 1307 3245 ἀνατολαῖς
1324 3178 1381 3245 τῆς
1400 3160 1596 3260 δεκαμοιρίας
1615 3172 1698 3254 βίων·

154 3285 210 3340 τοῦ
235 3268 268 3342 δέ
292 3268 436 3367 δευτέρου
452 3285 556 3341 πᾶσαν
573 3279 628 3340 οὐκ
644 3277 693 3341 ἔτι
709 3275 768 3351 τὴν
787 3268 996 3368 δεκαμοιρίαν,
1014 3281 1085 3343 ἀλλ’
1104 3281 1135 3342 ἐν
1159 3277 1310 3342 ἐλάττοσι
1333 3276 1452 3353 ταύτης
1477 3277 1536 3352 τήν
1562 3271 1700 3356 ἐξουσίαν

155 3387 290 3473 ἔχοντος·
315 3396 370 3450 τοῦ
394 3387 501 3474 τρίτου
526 3377 570 3466 δὲ,
588 3384 635 3448 ἑτι
653 3387 773 3474 μᾶλλον
791 3387 822 3449 ἐν
838 3382 1014 3450 ἐλάττοσιν·
1032 3385 1086 3449 καὶ
1102 3386 1150 3451 ἀεὶ
1166 3394 1272 3462 τοῦτο,
1289 3384 1395 3474 μέχρις
1414 3383 1449 3448 ἀν
1466 3389 1509 3460 είς
1533 3384 1700 3475 ἐλάχιστον

153 3490 272 3568 πλῆθος
296 3497 315 3565 ή
342 3495 454 3584 αἵρεσις
478 3485 658 3578 καταλήξῃ,
678 3493 733 3557 τόν
751 3491 931 3582 αἱρούμενον
958 3492 1212 3562 ἀποστενώσασα.
1230 3493 1291 3558 Καὶ
1314 3496 1348 3558 ού
1373 3483 1420 3557 δεῖ
1443 3486 1611 3583 θαυμάζειν
1634 3502 1699 3570 πῶς

154 3591 188 3664 δέ
211 3609 305 3665 τοῦτο
330 3591 473 3684 δυνατόν,
498 3605 698 3691 ἀποροῦντας·
723 3604 757 3664 ού
782 3599 842 3691 γάρ
867 3593 904 3674 δή
930 3601 1077 3693 λέγοντός
1094 3625 1178 3678 τινος
1193 3601 1359 3666 Ιἀκούουσιν
1377 3599 1438 3664 ἀπό
1462 3591 1561 3665 τῶνδε
1584 3610 1699 3689 χρῆναι

152 3708 207 3770 τόν
234 3709 298 3792 βίον
322 3708 453 3772 ἑλέσθαι·
480 3699 541 3772 οὐδ’
568 3713 594 3772 εί
617 3708 669 3773 καί
692 3708 779 3798 λέγοι
796 3734 853 3789 τις,
869 3719 955 3774 πᾶσα
973 3707 1056 3799 ψυχή
1078 3701 1209 3774 δύναται
1225 3710 1262 3773 τό
1286 3718 1346 3773 πᾶν
1371 3711 1443 3798 ὁρᾶν
1469 3703 1531 3771 οἶόν
1555 3708 1699 3772 ἐστικαὶ

153 3817 403 3886 όσωνοίστικόν·
428 3825 521 3880 τοῦτο
547 3815 601 3902 μὲν
626 3815 685 3907 γάρ
710 3827 779 3892 ταῖς
804 3809 862 3894 ἐξω
886 3817 1041 3908 σωμάτων
1065 3819 1167 3893 οὔσαις
1191 3814 1303 3906 ψυχαῖς
1328 3817 1383 3880 ούκ
1408 3806 1465 3880 ἀδύ

97 4053 125 4092 ³0
152 4035 175 4101 f.
193 4036 254 4099 92:
272 4057 378 4115 νατον,
395 4043 545 4098 τοσοῦτον
566 4035 641 4124 [ἔχει
658 4043 721 4098 τῶν
739 4038 768 4099 ἐν
786 4029 810 4118 ᾧ
825 4088 831 4102 .
848 4088 854 4102 .
869 4037 888 4121 .]
917 4025 1066 4100 δύνασθαι
1083 4043 1218 4098 συννοεῖν
1236 4031 1294 4106 τήν
1312 4033 1453 4122 οὐρανίαν
1475 4027 1590 4122 [φοράν,
1608 4032 1696 4117 ὅπου]

152 4165 190 4232 γε
203 4141 256 4205 καὶ
269 4141 402 4207 ἐνταῦθα
415 4141 506 4223 τινὲς,
520 4141 602 4206 ἀλλά
618 4142 672 4231 μέν
686 4147 759 4207 εἰσιν
773 4148 801 4207 οἱ
814 4144 973 4233 τυχόντες,
987 4146 1093 4233 ἔχουσι
1106 4133 1140 4208 δὲ
1152 4139 1360 4231 συστοίχωςθ)
1372 4147 1413 4217 εἰς
1428 4141 1619 4213 κατανόησιν
1637 4151 1698 4204 τῶν

152 4251 186 4312 ἐκ
204 4258 261 4322 τῆς
278 4257 370 4338 φορᾶς
387 4249 654 4341 ἀποτελουμένων.
672 4252 715 4315 Οὐ
735 4250 788 4340 μὲν
806 4242 876 4315 οὐδὲ
893 4254 991 4316 έκεῖνο
1009 4250 1200 4340 θαυμαστόν,
1217 4253 1252 4314 ἐκ
1267 4257 1330 4312 τῶν
1347 4247 1430 4312 ὅλων
1447 4253 1530 4336 ἡμᾶς
1550 4246 1699 4312 κινεῖσθαι

150 4357 225 4444 πρός
248 4348 325 4422 τάδε
349 4361 469 4445 μᾶλλον
494 4357 513 4430 ή
538 4351 630 4439 τάδε,
654 4361 728 4449 πρὸς
752 4359 772 4423 ἀ
794 4359 993 4449 πεφύκαμεν,
1017 4358 1036 4431 ῆ
1062 4353 1103 4422 ὧν
1128 4357 1219 4448 ἐσμὲν
1244 4350 1340 4435 ἄξιοι·
1366 4355 1420 4420 καὶ
1443 4355 1500 4431 τάς
1525 4357 1697 4446 φαντασίας

152 4467 241 4550 ἡμῶν
264 4459 450 4554 ἐρεθίζεσθαι
472 4467 547 4556 πρός
572 4467 710 4557 αἱρέσεις,
726 4476 789 4530 τῶν
807 4457 840 4532 δέ
857 4470 977 4556 μᾶλλον
994 4467 1013 4539 ἢ
1032 4457 1131 4531 τῶνδε
1147 4474 1210 4531 τῶν
1234 4471 1309 4554 ήμῖν
1334 4464 1536 4554 οίκειοτέρων.
1561 4463 1621 4528 Καὶ
1637 4461 1697 4553 γάρ

99 4587 125 4625 ³⁵
152 4571 182 4633 ἐν
206 4581 272 4647 τοῖς
296 4571 435 4662 σώμασιν
459 4574 551 4650 ὄντας
567 4580 661 4666 ῆμᾶς,
680 4573 832 4640 ἀνατολαὶ
848 4574 1000 4651 πολλάκις
1025 4575 1161 4664 ἀστέρων
1182 4573 1234 4638 καὶ
1251 4573 1471 4662 σχηματισμοὶ
1493 4581 1620 4653 κινοῦσι,
1644 4571 1698 4634 καὶ
1728 4644 1735 4662 .

152 4675 325 4766 προθύμους
348 4691 484 4746 ποιοῦσιν
509 4684 660 4773 ἐνεργεῖν,
684 4680 704 4746 ἀ
728 4682 772 4771 μή
797 4683 947 4774 πρότερον
963 4684 1005 4769 ⁶),
1029 4683 1082 4748 καί
1105 4683 1189 4747 ἄλλα
1219 4675 1508 4771 παρασκευάζουσιν
1540 4684 1580 4755 εἰς
1608 4679 1697 4743 ύκνον

190 4887 212 4961 ¹)
231 4889 335 4963 Pergit
353 4892 432 4949 idem
451 4893 621 4966 scholiasta,
635 4894 689 4952 sed
706 4893 754 4952 hio
771 4895 833 4952 ίοτε
853 4901 898 4952 to·
988 4899 1011 4971 ⁴)
1031 4899 1064 4952 Α.
1086 4899 1225 4964 συστιὶχας.

152 4989 217 5038 tum
229 4983 352 5039 evanuit
363 4985 522 5056 glossema,
538 4989 601 5057 Σήμ.
616 4991 643 5040 τὶ
657 4991 700 5040 τοῦ
710 4988 838 5040 δισπότιυ·
849 4993 897 5049 πᾶς
989 4987 1012 5059 ⁵)
1030 4985 1142 5042 Eadem
1161 5002 1251 5041 manu
1268 4983 1426 5040 recentiori
1444 4989 1567 5040 notatur
1588 4983 1619 5041 in
1645 5001 1698 5040 οτο

150 5079 199 5146 γὰρ
220 5075 231 5126 ό
250 5077 326 5126 ποιῶν
346 5075 390 5130 τήν
410 5079 534 5146 ἁμαρτίαν
552 5083 594 5129 καί
614 5083 646 5128 τὰ
664 5077 830 5139 ἐξήιε-καὶ
849 5084 898 5150 γάρ
951 5074 1099 5132 inferiori:
1129 5080 1201 5126 Κατὰ
1222 5081 1271 5146 γὰρ
1299 5079 1339 5126 τὶν
1364 5075 1545 5144 Ἀριστοτέλην,
1567 5075 1649 5144 ὥσπερ
1670 5079 1696 5126 τό

151 5183 186 5224 τις
205 5165 313 5233 ᾖττηται
332 5171 374 5216 καί
394 5165 456 5232 ἑξῆς,
477 5164 520 5221 sic
538 5163 593 5221 bis.
951 5168 1089 5237 κινούμενον
1110 5166 1193 5236 μέχρις
1217 5165 1245 5217 ἀν
1266 5171 1381 5232 κινεῖται,
1402 5165 1427 5226 ii
1448 5169 1558 5236 ἀνάγκης
1585 5170 1696 5231 κινεῖται,

187 5255 210 5325 ²)
228 5253 264 5309 A.
283 5252 303 5308 f.
323 5254 366 5309 80.
950 5258 1012 5308 οὕτω
1033 5258 1104 5311 ααὶή
1122 5261 1159 5307 τὸν
1173 5255 1263 5307 τοιόνδε
1278 5255 1329 5319 βίον
1344 5259 1454 5326 αἱρεθεὶς,
1468 5255 1554 5326 μέχρις
1574 5253 1603 5307 ἀν
1623 5255 1697 5306 οιύτὶν

187 5340 212 5416 ³)
231 5343 313 5416 Lego
326 5345 407 5412 αὐτὸς,
418 5345 437 5401 i.
448 5362 472 5402 ο.
486 5347 574 5403 Plato
586 5347 636 5404 vel
649 5346 768 5406 fabulae
782 5354 895 5406 auctor.
950 5350 1065 5418 αἱρεῖται,
1085 5346 1109 5408 ίξ
1130 5349 1240 5419 ἀνάγκης
1260 5347 1283 5398 ἐν
1303 5344 1370 5415 αὐτῷ
1390 5346 1465 5416 μένει,
1481 5351 1524 5398 καὶ
1543 5347 1596 5400 ὶπεὶ
1615 5345 1695 5418 τούτῳ

292 5471 388 5529 Am.
407 5489 435 5550 ν,
456 5473 480 5529 7.
