3940 6072
259 525 313 584 aar

260 692 335 762 dam,
356 708 422 748 cum
441 709 528 748 nemo
542 700 645 748 contra
663 695 747 766 legas
766 695 840 751 velit
852 695 927 765 ledi;
946 697 1004 753 hoc

258 781 337 838 enim
351 781 512 838 maximum
527 784 638 840 malum
651 801 718 842 esse
731 793 889 842 autumant
901 805 1002 844 omnes

841 523 956 600 Procli
971 551 1007 620 p.
1030 529 1054 601 1
1060 530 1179 623 Voop.
1202 535 1228 606 I

1057 701 1229 760 Phoenices.
1249 704 1307 761 Sed
1326 707 1362 763 ab
1382 708 1481 764 auimo
1500 709 1531 764 id
1550 709 1666 782 occidit,
1681 711 1734 783 qui
1748 710 1815 783 qui·

1056 791 1182 848 busdam
1195 795 1338 866 gentibus
1350 797 1447 870 magis
1459 802 1566 856 acutus
1579 806 1635 872 est,
1655 801 1725 856 aliis
1747 819 1810 857 ma·

258 874 294 928 ab
307 872 364 928 aiio
374 872 442 945 ledi,
453 879 489 928 ut
502 881 577 941 [non]
592 875 690 932 ledere
700 879 720 950 ¹)
731 877 830 946 alium,
839 877 1003 934 maximum
1053 879 1102 950 gIs
1121 881 1289 956 iracundus,
1309 885 1376 941 aliis
1395 886 1492 957 magis
1505 887 1542 944 ad
1561 888 1723 946 avaritiam
1742 908 1811 964 pro·

258 967 375 1036 bonurn,
390 965 503 1022 iustum
517 973 618 1022 autem
628 970 704 1024 inter
716 967 790 1024 haee
803 969 941 1041 positum,
955 987 1002 1026 ne·

1055 969 1148 1025 clivis.
1163 972 1307 1046 Quodque
1317 976 1397 1032 vitae
1408 994 1504 1047 genus
1515 977 1626 1049 singuli
1638 987 1810 1046 sectantur,

257 1073 313 1128 que
333 1057 452 1126 malum,
472 1074 569 1129 neque
587 1057 704 1127 bonum,
720 1059 772 1114 sed
785 1065 884 1115 tamen
902 1077 1002 1116 necas·
1054 1061 1111 1116 hoc
1129 1061 1173 1117 eis
1192 1062 1228 1118 ab
1248 1063 1367 1135 ingenio
1387 1066 1525 1137 contigit;
1545 1077 1576 1122 et
1595 1067 1738 1140 quamvis
1759 1086 1810 1122 se⁴

1057 1149 1138 1206 mina
1163 1152 1295 1206 omnium
1321 1171 1445 1209 morum¹
1462 1153 1493 1209 in
1514 1155 1613 1211 animo
1632 1155 1733 1211 indita
1759 1158 1812 1212 he·

1057 1236 1155 1310 beant,
1175 1239 1211 1294 ab
1232 1258 1266 1296 ec
1293 1246 1401 1314 tamen,
1421 1244 1501 1314 quod
1525 1244 1686 1319 praecipue
1713 1245 1746 1302 in
1766 1245 1813 1302 cis

258 1146 378 1203 sarium.
398 1148 441 1205 Ut
453 1145 546 1219 igitur
565 1147 702 1218 diximus,
716 1149 852 1220 quamvis
866 1147 1003 1206 Socrates

256 1235 404 1294 iustitiam
423 1244 565 1308 tanquam
590 1247 679 1310 caput
703 1239 846 1294 bonorum
866 1238 1000 1311 accipiat,

256 1347 315 1384 non
336 1334 437 1385 tamen
451 1329 631 1386 Immoratur
648 1330 679 1384 in
700 1329 832 1386 iustitiae
852 1338 1003 1386 accusato-

202 1419 207 1429 '
257 1417 340 1474 ribus
350 1418 697 1490 praestrIngendis:lege
708 1419 786 1476 anim
796 1425 948 1492 receptum
957 1423 1005 1475 ast

257 1525 324 1566 esse
344 1508 456 1580 aliquid
473 1510 641 1582 honestum,
655 1511 750 1567 obiter
768 1510 901 1567 indicans
921 1509 1006 1566 iusti·

257 1601 316 1657 tiae
331 1601 516 1673 dignitatem,
527 1619 624 1673 neque
633 1603 701 1672 lege
714 1604 818 1674 solum,
832 1605 885 1661 sed
895 1611 1004 1661 natura

256 1697 391 1748 constare
404 1692 602 1747 honestatem.
613 1693 725 1750 Adiicit
738 1695 860 1768 insuper
870 1693 938 1751 aliis
947 1693 1005 1752 vir·

258 1781 375 1837 tutibus
393 1780 540 1837 iustitiam
559 1799 706 1855 praeesse.
724 1783 838 1856 Quippe
857 1802 926 1842 cum
944 1783 1002 1841 ins-

257 1872 342 1928 titiae
362 1877 393 1928 et
412 1873 594 1930 authoritate
614 1879 644 1930 et
660 1875 803 1933 beneficio
822 1894 897 1948 opus
916 1878 1019 1933 suum'

256 1962 393 2034 singulae
407 1964 569 2035 perficiant,
581 1983 677 2036 neque
690 1966 753 2021 ulla
766 1965 862 2022 virtus
882 1971 945 2022 tam
964 1965 1004 2020 ci·

246 2051 362 2110 ¹vitatis
380 2060 501 2124 statum,
524 2073 613 2127 quam
631 2054 749 2112 iustitia
766 2061 869 2112 tuetur
887 2061 919 2112 et
937 2073 1004 2112 con-

257 2149 367 2200 servat.
386 2144 631 2202 Demonstratum
649 2146 748 2218 igitur,
768 2148 848 2220 quod
866 2146 1002 2204 confusio

255 2251 414 2291 munerum
433 2237 674 2308 gubernatorum,
693 2238 829 2310 militum,
844 2247 875 2296 et
891 2238 1005 2312 agrico-

255 2327 353 2384 larum
372 2328 455 2385 civili
473 2329 567 2385 statui
584 2331 744 2403 perniciem
762 2331 861 2388 infert.

292 2420 362 2478 Car.
371 2419 479 2475 XXIII
487 2420 519 2493 ²).
528 2420 571 2476 De
581 2422 726 2500 vtrtutum
736 2423 913 2492 defensione.
923 2455 959 2465 -
972 2423 1003 2481 Si

257 2509 352 2582 igitur
369 2509 487 2565 iustitia
505 2509 651 2582 quaedem
666 2516 713 2566 est
730 2512 837 2583 regula
855 2512 1003 2569 virtutum

258 2601 391 2671 aliarum,
412 2617 487 2672 quas
499 2618 601 2658 omnes
616 2602 750 2673 probant,
765 2601 855 2659 etiam
867 2603 1002 2661 iustitiae

256 2691 484 2764 vituperatores,
502 2692 750 2764 honestatemque
770 2693 933 2750 secundum
950 2713 1003 2750 na·

258 2789 357 2840 turam
368 2782 502 2852 laudant,
516 2788 546 2838 et
558 2789 667 2838 natura
679 2783 868 2854 prudentiam
887 2784 1003 2858 sapien·

237 2873 388 2950 ‘tiamque
408 2889 511 2928 omnes
530 2877 683 2943 appetunt.
704 2872 800 2940 Quam
818 2873 870 2944 qui
887 2874 1002 2948 vitupe.

256 2967 333 3034 rant,
352 2961 378 3018 si
396 2960 557 3034 prudenter
570 2960 601 3016 id
613 2961 736 3031 faciunt,
749 2980 808 3019 non
822 2968 870 3020 est
888 2965 1003 3038 vitupe-

256 3052 349 3108 randa
374 3050 544 3124 prudentia,
564 3068 639 3122 quae
659 3068 694 3107 se
711 3051 902 3126 meritoipsa
923 3054 1003 3111 vitu·

257 3146 356 3216 perat;
367 3140 412 3197 sin
422 3139 634 3213 imprudenter,
647 3159 706 3196 non
716 3140 913 3214 vituperetur,
924 3141 1003 3199 male

256 3230 411 3288 calumniis
438 3230 582 3304 impetita
610 3230 736 3290 Omnino
763 3231 859 3303 igitur
886 3238 1004 3289 constat

257 3320 405 3377 iustitiam
424 3326 455 3377 et
473 3327 582 3378 notura
601 3339 666 3378 esse
685 3327 716 3376 at
734 3321 765 3378 in
786 3321 873 3378 bonis
893 3322 1003 3378 habeu-

257 3412 334 3479 dam,
353 3409 476 3482 perinde
495 3409 585 3465 etiam
605 3409 801 3482 prudentiam.

290 3498 999 3569 Car.XXIV).Dentrtutibusoatmaa.-Haec

256 3592 394 3646 Socrates
407 3587 458 3645 ubi
473 3587 616 3644 disseruit
627 3586 664 3644 de
676 3585 840 3646 virtutibus
854 3588 1000 3658 clvilibus,

255 3679 430 3752 aggreditur
448 3683 577 3734 tractare
595 3677 724 3734 virtutes
737 3676 861 3748 animae,
875 3695 950 3749 quae
968 3677 1002 3732 ii.

254 3771 301 3826 ias
320 3769 507 3842 praecedunt,
526 3775 616 3840 atqua
635 3767 819 3840 tripartitum
837 3767 873 3824 de
891 3767 940 3824 his
959 3768 1001 3823 in·

256 3859 358 3916 stituit
371 3876 552 3916 sermonem:
572 3857 700 3931 primum
718 3857 798 3914 enim
818 3859 910 3929 doeet,
925 3861 1005 3929 qnod

257 3951 377 4008 diversa
394 3948 549 4005 hominum
568 3948 675 4016 studia,
688 3965 748 4003 non
766 3946 895 4016 aliunde,
914 3965 1003 4019 quam

257 4040 296 4096 ab
314 4038 362 4095 his
381 4036 614 4112 proficiscuntur,
628 4055 724 4109 neque
736 4037 810 4092 haee
822 4035 853 4092 in
869 4036 999 4108 clvitate,

258 4134 311 4185 eut
330 4126 471 4199 gentibus
490 4123 549 4180 alic
568 4125 656 4181 modo
675 4123 823 4195 differunt,
837 4142 927 4196 quam
945 4144 1004 4198 quo

256 4236 355 4276 mores
374 4215 499 4273 animae.
513 4216 579 4272 Non
593 4215 678 4282 enim,
693 4214 791 4288 inquit
803 4217 948 4287 Socratas,
966 4217 1003 4272 ab

257 4307 373 4366 arboris
392 4311 445 4364 aut
463 4305 573 4378 lapidis
591 4305 628 4375 vi,
642 4305 698 4361 hoc
712 4311 759 4362 ast
777 4305 815 4362 ab
833 4305 934 4362 Infima
955 4325 1004 4362 na-

256 4403 332 4468 tura,
352 4396 438 4453 cuius
456 4400 504 4452 est
517 4395 605 4452 arbor
618 4394 785 4467 exemplum
803 4395 882 4468 apud
900 4395 1002 4452 Plato·

255 4503 446 4559 nemusque
466 4505 484 4541 a
509 4501 631 4557 corpore
656 4483 688 4540 in
710 4483 816 4556 animo,
836 4483 1004 4542 cuiusmodi

258 4583 306 4634 est
323 4576 409 4649 Iapis.
430 4572 536 4632 Graeci
554 4572 674 4644 habent,
692 4578 728 4630 ut
754 4573 791 4628 ad
816 4572 1005 4646 prudentiam

258 4667 319 4725 sint
331 4671 440 4722 natura
454 4662 669 4738 propensiores,
682 4681 771 4734 quam
783 4663 904 4736 aliquod
922 4664 1014 4730 aliud¹

257 4757 412 4815 hominum
423 4772 529 4827 genus,
538 4769 635 4824 neque
647 4752 727 4826 quod
739 4753 786 4809 his
799 4752 1004 4810 iracundiores

256 4848 396 4916 Thraces,
415 4863 512 4917 neque
531 4843 611 4918 quod
624 4843 772 4901 avidiores
791 4841 829 4900 ad
842 4842 1005 4916 pecuniam

295 5119 316 5191 ¹)
335 5115 527 5189 Ambiguitas
546 5115 637 5172 etiam
663 5131 770 5187 graeco
797 5115 946 5172 Inhaeret:
967 5120 1001 5170 Τὸ

259 5213 283 5262 δὲ
304 5213 396 5262 aerata
416 5209 533 5282 μέγιστοι
553 5209 651 5280 ἀγαθόν.

293 5299 316 5371 ²)
334 5299 359 5354 F
360 5298 398 5352 ol.
419 5297 480 5353 124.
497 5299 524 5350 Ei
539 5295 578 5350 ede
592 5299 653 5352 αὕτη
669 5301 723 5359 ταῖς
737 5300 824 5358 ἄλλαις
839 5301 937 5368 ἀρεταῖς
950 5295 1003 5350 iaci-

259 5397 351 5460 μιλλις.
372 5390 484 5461 Apogr.
503 5389 545 5444 sic
563 5389 663 5461 r‘pt'tur.

1057 1328 1148 1398 viget,
1170 1329 1261 1386 animi
1283 1331 1404 1388 habitus
1422 1333 1575 1404 hauriunt,
1595 1341 1626 1389 ot
1651 1351 1755 1391 mores
1781 1339 1814 1390 et

1057 1435 1143 1473 omne
1162 1417 1314 1476 hominum
1325 1437 1429 1496 genus,
1443 1423 1492 1478 vel
1505 1422 1601 1494 magis
1615 1423 1735 1479 ratione
1756 1444 1810 1482 va·

1055 1506 1105 1576 let,
1124 1509 1173 1564 vel
1192 1510 1229 1565 ad
1251 1499 1333 1566 iram
1351 1519 1399 1569 eet
1423 1513 1606 1574 concitatius.
1627 1515 1676 1570 vel
1703 1516 1808 1587 magis

1055 1596 1266 1670 cupiditatibus
1286 1601 1387 1672 servit,
1406 1621 1458 1676 pro
1477 1603 1621 1660 facultate
1644 1621 1680 1660 ea
1701 1605 1806 1673 animi,

1057 1707 1133 1761 quae
1151 1692 1247 1763 magis
1266 1692 1363 1749 inhia
1383 1693 1506 1750 obtinet.

1093 1782 1162 1838 Onu.
1172 1783 1259 1838 XXV
1270 1783 1301 1854 l).
1321 1786 1405 1840 Uada
1416 1801 1522 1858 mores.
1532 1815 1568 1825 —
1580 1782 1633 1839 Vel
1644 1783 1742 1854 igitur
1755 1783 1813 1837 has

1056 1869 1136 1927 vitae
1156 1870 1340 1930 differentias
1352 1873 1488 1930 homines
1507 1891 1526 1928 a
1544 1891 1674 1945 corpore,
1697 1873 1749 1930 vel
1769 1871 1808 1927 ab

1057 1961 1154 2017 animo
1172 1961 1328 2018 hauriunt:
1348 1963 1401 2018 sed
1421 1981 1480 2018 non
1500 1981 1519 2018 a
1537 1980 1675 2035 corpora:
1697 1962 1811 2018 abhoc

1057 2051 1136 2109 enim
1161 2053 1249 2108 calidi
1271 2054 1320 2110 vel
1346 2053 1456 2126 frigidi,
1476 2052 1537 2110 albi
1562 2055 1610 2111 vel
1637 2053 1727 2126 nigri,
1748 2072 1811 2109 non

1056 2144 1225 2216 prudentes,
1239 2145 1289 2200 vel
1306 2143 1408 2215 fortes,
1421 2145 1470 2201 vel
1482 2143 1648 2216 temperati,
1667 2145 1720 2201 vel
1741 2162 1813 2200 con-

1056 2241 1111 2304 tra,
1138 2235 1336 2308 appellamur;
1355 2237 1521 2293 unImorum
1548 2235 1682 2292 fontibus
1711 2235 1811 2308 igitur

1055 2321 1112 2379 hae
1125 2323 1298 2381 referendae
1313 2331 1383 2382 sunt
1395 2311 1514 2399 accepta
1523 2343 1546 2398 a,
1559 2326 1648 2398 idque
1667 2326 1811 2382 Socrates

1056 2415 1086 2470 in
1105 2415 1209 2488 primis
1230 2418 1456 2474 demonstravit.

1092 2507 1163 2564 Car.
1182 2507 1287 2564 XXVI
1296 2511 1328 2580 ὅ).
1346 2511 1394 2566 Aa
1405 2526 1502 2566 mores
1514 2512 1680 2581 sequantur
1699 2511 1810 2579 tempa-

1056 2603 1225 2656 romantum
1236 2604 1414 2670 comoria-
1421 2600 1571 2657 Fortassis
1583 2607 1683 2656 autem
1695 2599 1810 2656 dixerit

1056 2689 1172 2762 aliquis,
1179 2708 1294 2747 morum
1305 2690 1490 2749 differentias
1500 2711 1518 2748 a
1528 2711 1648 2766 corpore
1658 2692 1809 2765 originem

1056 2780 1172 2851 ducere,
1193 2781 1295 2854 aisque
1308 2781 1393 2854 sequi
1406 2787 1679 2855 temperamentum,
1700 2799 1806 2855 quam·

1056 2869 1103 2926 vis
1121 2871 1178 2926 hae
1198 2869 1299 2926 variae
1317 2869 1478 2928 facultates
1498 2871 1528 2927 in
1553 2871 1650 2928 animo
1671 2872 1742 2928 siut.
1762 2871 1806 2926 At

1055 2977 1127 3016 vero
1145 2958 1172 3014 si
1189 2958 1221 3014 id
1240 2957 1347 3022 dicant,
1363 2959 1525 3016 concedent
1543 2962 1599 3016 has
1616 2957 1804 3016 differentias

1055 3046 1162 3104 infixas
1176 3065 1242 3104 esse
1255 3047 1369 3118 animis,
1383 3048 1513 3106 animam
1525 3057 1626 3108 autem
1640 3069 1658 3106 a
1671 3047 1805 3122 corporIs

1056 3139 1266 3195 constitutione
1286 3145 1443 3212 conceptas
1465 3141 1520 3197 has
1539 3140 1622 3198 vitae
1638 3140 1806 3198 varietates

1055 3245 1168 3300 parere.
1187 3229 1289 3284 Manet
1301 3227 1395 3300 igitur
1408 3229 1507 3285 valida
1521 3229 1651 3286 SocratIs
1664 3229 1752 3300 ratio,
1766 3227 1804 3283 ab

1056 3318 1154 3375 animo
1174 3317 1297 3391 produci
1309 3319 1383 3373 haec
1395 3317 1477 3373 vitae
1489 3335 1608 3390 genera,
1622 3317 1744 3374 temetsi
1757 3335 1806 3372 ra·

1057 3407 1152 3464 dicem
1169 3407 1200 3462 iu
1227 3405 1358 3478 eorporis
1383 3410 1585 3477 temperatura
1609 3406 1730 3463 insitam
1752 3408 1807 3464 ha-

1056 3494 1159 3567 beant,
1170 3501 1288 3567 oportet
1298 3501 1398 3550 autam
1408 3511 1520 3566 cavere,
1532 3495 1610 3568 quod
1620 3495 1650 3550 in
1661 3495 1807 3570 principio

1057 3585 1219 3660 posuImuS,
1234 3603 1271 3640 ne
1283 3584 1411 3640 animam
1425 3587 1555 3658 corporis
1573 3593 1700 3643 naturae
1713 3587 1808 3644 subii·

1057 3675 1178 3731 ciamus.
1192 3675 1226 3729 In
1237 3674 1284 3730 his
1294 3673 1372 3730 enim
1382 3673 1432 3748 qui
1443 3682 1524 3732 recte
1536 3675 1667 3732 instituti
1682 3675 1804 3732 minime

1058 3771 1135 3835 sunt,
1147 3766 1203 3820 hae
1221 3763 1382 3820 facultates
1395 3765 1525 3838 corporis
1537 3766 1699 3822 conditioni
1719 3767 1808 3822 obno-

1057 3855 1125 3912 xiae
1144 3861 1223 3912 sunt.
1242 3856 1356 3912 Natura
1374 3860 1483 3926 autem,
1503 3863 1538 3913 ut
1557 3857 1644 3912 Plato
1665 3856 1695 3912 in
1713 3856 1808 3912 Phae·

1059 3947 1134 4002 done
1145 3951 1281 4014 testatur,
1290 3953 1321 4001 et
1330 3944 1368 4000 ad
1380 3946 1542 4018 parendum
1552 3955 1584 4003 et
1595 3944 1807 4001 dominandum

1058 4055 1114 4093 nos
1123 4035 1299 4110 procreavit,
1311 4044 1415 4093 utnon
1425 4036 1520 4093 omnis
1533 4037 1578 4092 ira
1590 4041 1644 4093 aut
1656 4035 1807 4109 cupiditas

1059 4125 1190 4199 corporis
1204 4132 1329 4181 naturae
1343 4125 1464 4182 subdita
1476 4125 1523 4182 sit.
1536 4125 1631 4182 Recte
1647 4132 1748 4180 autem
1761 4124 1807 4180 in-

1058 4215 1180 4273 formati
1198 4214 1289 4272 animi
1308 4233 1464 4288 corporum
1482 4215 1693 4288 temperaturis
1711 4214 1807 4286 irnpe-

1058 4309 1126 4360 rant
1144 4303 1187 4359 ita
1205 4309 1240 4360 ut
1253 4321 1312 4360 nou
1327 4312 1549 4361 commoveatur
1563 4304 1662 4361 abhis
1676 4303 1802 4370 animus,

1058 4396 1108 4453 vel
1127 4401 1206 4451 certe
1225 4398 1398 4467 commotus,
1418 4395 1533 4452 illatam
1553 4395 1656 4452 statim
1675 4395 1806 4467 depellat

1058 4487 1187 4560 plagam.

1094 4572 1165 4629 Car.
1187 4571 1306 4630 XXVII
1316 4576 1349 4646 ⁰)
1372 4576 1417 4632 Da
1440 4576 1573 4632 moribus
1599 4575 1805 4631 communitas

1058 4664 1197 4736 pandum.
1207 4693 1244 4704 —
1254 4663 1301 4720 Sic
1311 4663 1414 4737 igitur,
1430 4671 1465 4720 ut
1478 4664 1547 4736 diri,
1562 4665 1698 4722 Socrates
1709 4671 1806 4720 osten-

1060 4751 1111 4822 dit,
1122 4770 1181 4808 non
1192 4753 1288 4809 solum
1299 4753 1331 4809 in
1343 4753 1470 4827 prIvatis
1482 4754 1538 4810 has
1553 4753 1661 4810 animis
1674 4754 1753 4811 vitae
1765 4752 1806 4808 di·

1060 4843 1221 4902 versitates
1234 4844 1342 4918 inesse,
1356 4845 1453 4902 sedin
1466 4846 1614 4902 communi
1627 4845 1719 4903 etiam
1731 4842 1806 4902 mul·

1090 5117 1112 5188 ³)
1131 5115 1195 5171 Fol.
1216 5114 1268 5170 124
1286 5131 1314 5170 v.
1335 5117 1421 5167 Ταῦτα
1442 5116 1453 5166 ὁ
1474 5116 1617 5185 Σωκράτης.

1089 5207 1112 5276 ⁴)
1131 5205 1227 5260 Ib.¹1{
1248 5201 1287 5257 eds
1309 5207 1358 5256 ἀπὸ
1379 5209 1420 5256 τοῦ
1440 5205 1565 5274 σώματος,

1091 5294 1196 5368 ⁵).Fol.
1218 5293 1270 5349 125
1295 5296 1368 5355 Ἴσως
1388 5293 1410 5346 δ’
1431 5299 1459 5346 ἄν
1480 5314 1539 5354 τιιις
1560 5299 1639 5364 φαῖεν.

1089 5387 1112 5456 ⁶)
1129 5384 1173 5441 Ib.
1195 5389 1271 5438 Τοῦτο
1292 5388 1335 5456 μὲν
1356 5381 1394 5437 οὖν
1415 5387 1474 5457 ὅπερ
1496 5384 1561 5456 ipae.
