4008 6068
521 872 968 978 EUPHRONIUS
1006 877 1415 980 PRESBYTER.

304 1431 404 1500 Beati
426 1432 612 1516 Euphronii
625 1427 650 1517 ¹)
669 1435 850 1519 presbytori
873 1437 1028 1518 expositio
1047 1437 1126 1519 fidei
1147 1437 1317 1504 catholicae
1339 1439 1423 1506 hecti
1443 1437 1630 1507 Athanasii.

244 1628 436 1714 Quicumque
458 1629 527 1696 unit
549 1631 659 1698 sulcus
682 1651 758 1712 esse,
779 1636 855 1698 ante
878 1634 986 1700 ornain
1002 1654 1081 1716 opas
1096 1641 1143 1700 est
1158 1640 1194 1700 nt
1209 1641 1313 1703 teneat
1328 1634 1512 1704 catholicam
1526 1637 1632 1720 hiem.
1648 1635 1740 1704 Fides

196 1736 313 1802 dicitur
335 1737 506 1804 credulitas
528 1738 594 1804 sive
617 1739 787 1805 credentia.
806 1775 847 1787 —
865 1739 1031 1806 Catholica
1054 1741 1242 1808 universalis
1265 1743 1390 1824 dicitur,
1407 1743 1503 1810 idest
1523 1747 1620 1826 recta,
1644 1766 1741 1829 quam

196 1841 342 1911 Ecclesia
365 1846 514 1912 universa
538 1852 646 1913 tenere
669 1847 774 1914 debet.
792 1847 935 1916 Ecclesia
950 1849 1067 1916 dicitur
1086 1848 1295 1934 congregatio
1311 1849 1568 1934 christianorum,
1585 1851 1651 1917 sire
1667 1872 1742 1918 con-

196 1957 309 2018 ventus
332 1953 535 2039 populorum.
1223 2045 1225 2050 ,

243 2060 346 2145 [Fides
368 2066 475 2128 autem
499 2051 656 2130 catholiea
671 2062 750 2130 haec
767 2063 825 2147 est]
844 2070 880 2129 ut
895 2084 997 2130 onum
1011 2063 1115 2130 Deum
1132 2065 1168 2130 in
1186 2064 1347 2130 Trinitate
1362 2070 1391 2130 ct
1408 2065 1601 2132 Trinitatem
1617 2066 1654 2131 in
1668 2066 1744 2132 nni-

196 2175 260 2236 tate
282 2191 487 2254 veneremnr;
508 2171 673 2238 credamus
698 2176 730 2236 et
754 2171 977 2238 confiteamur:
1001 2192 1100 2256 nepae
1123 2173 1352 2257 confundentes
1373 2192 1544 2254 personas,
1568 2177 1606 2238 ut
1630 2172 1740 2240 Sabel-

196 2275 258 2343 lius
274 2283 371 2361 errat,
387 2279 443 2364 qui
458 2279 563 2364 ipsum
580 2279 657 2346 dicit
673 2300 740 2346 esse
756 2279 886 2346 Patrem
901 2280 933 2344 iu
951 2301 1096 2365 persona,
1112 2301 1208 2365 quem
1224 2284 1257 2344 et
1273 2277 1390 2346 Filium
1414 2279 1519 2365 ipsum
1537 2284 1570 2346 et
1587 2277 1743 2366 Spiritum

195 2391 351 2454 sanctum.

240 2494 316 2561 Non
338 2515 412 2578 erpo
434 2496 664 2580 cmsandentes
684 2517 851 2579 personas,
875 2495 951 2580 quia
975 2501 1041 2563 tres
1066 2497 1194 2563 omnino
1217 2518 1370 2582 personae
1393 2500 1478 2562 sunt.
1501 2497 1561 2563 Est
1584 2496 1668 2564 enim
1692 2497 1743 2582 gi·

195 2623 306 2688 gneus,
330 2603 467 2688 genitae,
491 2605 676 2688 procedens.
701 2603 843 2690 Gignens
867 2608 915 2670 est
931 2604 1037 2686 Pater,
1054 2604 1109 2690 qui
1126 2605 1239 2689 genuit
1256 2603 1392 2683 Filium,
1409 2603 1509 2669 Filius
1525 2607 1574 2670 est
1597 2604 1737 2689 genitus,

194 2732 289 2795 quem
313 2712 426 2796 gennit
449 2710 565 2789 Pater;
590 2711 729 2796 Spiritus
752 2716 880 2802 sauctus
904 2717 952 2778 est
975 2714 1157 2798 procedens,
1181 2712 1236 2797 qui
1260 2734 1279 2778 a
1301 2711 1398 2779 Patre
1421 2716 1455 2778 et
1481 2711 1564 2779 Filio
1586 2713 1740 2798 procedit.

195 2817 291 2884 Pater
307 2823 340 2885 et
356 2819 456 2885 Filius
480 2820 639 2886 coaeterni
655 2820 715 2886 sibi
733 2825 808 2886 sunt
824 2825 857 2886 et
878 2820 1063 2905 coaequales
1086 2827 1119 2886 et
1142 2824 1373 2906 cooperatores,
1389 2819 1472 2886 sieut
1495 2819 1650 2904 scriptum
1675 2825 1742 2888 est:

197 2925 334 2993 ‘Verbo
349 2926 479 2992 Domini
501 2926 581 2994 coeli
596 2927 715 2992 firmati
731 2932 806 2993 sunt
821 2977 835 3006 ,
853 2927 885 2992 id
901 2932 950 2993 est
966 2927 1049 2994 Filio
1067 2927 1126 2994 Dei
1150 2928 1261 3009 creati,
1287 2932 1301 2961 ¹
1316 2927 1438 3012 Spiritu
1462 2929 1526 2994 oris
1549 2927 1617 3013 ejus
1641 2929 1743 2996 omnis

195 3034 297 3100 virtus
320 3029 468 3118 eorum²)
483 3060 523 3118 „3
547 3034 603 3100 ubi
626 3033 783 3121 singulari
806 3056 940 3100 numero
957 3033 1098 3120 Spiritus
1122 3035 1190 3120 ejus
1213 3035 1340 3118 dicitur,
1365 3035 1522 3102 unitatem
1545 3035 1742 3102 substantiae

194 3141 323 3207 deitatis
346 3142 500 3221 attendit;
527 3143 581 3208 ubi
609 3141 669 3208 sub
694 3140 812 3227 plurali
835 3163 968 3208 numero
994 3142 1125 3208 “omnis
1148 3142 1250 3208 virtus
1274 3163 1410 3222 eornm,
1437 3142 1524 3224 dicit,
1548 3141 1741 3208 Trinitatem

194 3269 402 3332 personarum
424 3249 640 3331 demonstrat;
664 3249 720 3334 qui
744 3254 811 3314 tres
834 3269 933 3314 uuum
960 3252 1046 3330 sunt,
1071 3254 1104 3314 et
1127 3273 1228 3316 uuum
1251 3255 1327 3316 tres.

237 3355 347 3439 Nepae
370 3357 585 3424 substantiam
615 3363 811 3440 separantes,
837 3362 874 3422 ut
896 3355 1011 3423 Arrius
1034 3358 1149 3442 garrit,
1174 3357 1228 3442 qui
1251 3357 1374 3425 scilieet
1397 3361 1462 3422 tres
1489 3378 1639 3441 personas
1671 3378 1741 3423 esse

119 3541 123 3550 ι
191 3463 282 3546 dicit,
307 3464 392 3530 sicut
416 3469 449 3530 et
472 3469 539 3530 tres
562 3465 758 3531 substantias
774 3486 842 3530 esse
860 3465 1024 3530 mentitur.
1048 3465 1166 3531 Filium
1182 3465 1259 3532 dicit
1275 3465 1429 3531 minorem
1445 3485 1541 3548 quam
1564 3462 1694 3530 Patrem
1709 3468 1742 3530 et

191 3577 371 3641 creaturam
396 3596 480 3653 esec;
505 3571 665 3658 Spiritum
689 3577 837 3640 sanctum
860 3573 965 3640 adhue
987 3573 1143 3638 minorem
1167 3595 1263 3658 quam
1285 3573 1414 3653 Filium,
1432 3579 1464 3637 et
1487 3570 1577 3637 Patri
1600 3575 1635 3638 et
1658 3570 1740 3638 Filio

193 3703 266 3748 eum
291 3703 358 3748 esse
381 3682 671 3748 administratorem
695 3681 818 3746 assent.
839 3681 914 3748 Non
931 3701 1009 3766 ergo
1029 3682 1243 3748 substantiam
1266 3686 1462 3762 separantes,
1480 3679 1555 3763 quis
1571 3683 1657 3744 totae
1673 3681 1740 3746 tres

190 3811 344 3872 personae
367 3789 401 3854 in
423 3789 604 3854 substantia
627 3787 766 3855 Deitatis
789 3811 889 3854 unum
913 3793 970 3854 cst.
988 3787 1063 3854 Alia
1078 3793 1127 3854 est
1142 3789 1224 3854 enim
1242 3809 1377 3873 persona
1392 3787 1509 3867 Patris,
1529 3808 1628 3871 quum
1645 3786 1741 3852 Pater

189 3895 354 3982 ingenitus
377 3900 442 3976 est3
467 3894 530 3962 alia
553 3917 689 3980 persona
712 3895 796 3976 Filii,
815 3897 890 3981 quia
909 3896 1009 3962 Filius
1026 3919 1044 3962 a
1060 3895 1157 3963 Patre
1172 3902 1221 3964 est
1235 3896 1304 3963 solo
1327 3896 1474 3981 genitum
1489 3895 1568 3961 item
1591 3895 1655 3962 ulia
1670 3893 1744 3980 Spi-

193 4005 275 4070 ritus
298 4008 438 4088 sanetus,
461 4005 537 4090 quia
560 4026 579 4070 a
602 4002 698 4070 Patre
721 4011 754 4070 et
777 4003 860 4070 Filio
884 4003 1024 4090 Spiritus
1047 4009 1175 4072 sauctus
1198 4005 1369 4090 procedam
1392 4008 1451 4070 est.

238 4111 302 4180 seo
324 4113 438 4181 Patris
461 4119 491 4181 et
513 4112 601 4179 Filii
622 4119 652 4180 ct
677 4110 824 4195 Spiritus
846 4113 952 4180 suncti
974 4133 1041 4178 ann
1065 4118 1110 4179 est
1134 4113 1303 4192 diuinitas,
1330 4111 1364 4178 id
1390 4114 1439 4177 est
1468 4111 1580 4192 deitas,
1597 4111 1743 4196 mantis

191 4221 307 4304 phorio,
329 4229 496 4289 ooanmna
518 4221 680 4305 majestas.
704 4219 858 4305 Majestas
881 4223 930 4300 est
954 4219 1058 4304 gloria
1081 4219 1236 4286 maritatis
1260 4219 1325 4285 sire
1348 4219 1528 4304 potestatis.

241 4329 355 4411 Qualis
367 4328 477 4411 Pater,
494 4329 572 4396 talis
586 4327 709 4408 Filias,
726 4328 805 4394 tatis
822 4325 968 4409 Spiritus
984 4333 1125 4408 sanans,
1141 4327 1174 4394 id
1190 4331 1238 4394 est
1253 4327 1288 4392 iu
1305 4325 1433 4393 Deitute
1449 4329 1482 4392 et
1497 4324 1739 4410 omnipotentia.

239 4433 460 4522 [Increutns¹)
484 4437 594 4517 Pater,
617 4437 781 4504 innectus
803 4435 927 4517 Filius,
954 4436 1118 4504 increatus
1145 4431 1294 4518 Spiritus
1316 4433 1458 4518 sannas]
1481 4433 1514 4500 id
1538 4436 1587 4500 est
1609 4455 1629 4499 a
1651 4432 1742 4500 nullo

192 4546 301 4613 creati.

229 4772 252 4847 ¹)
269 4773 317 4830 Ex
341 4772 405 4830 cod.
431 4773 579 4832 Vossiauo
604 4772 641 4828 30
665 4772 744 4830 inter
771 4773 873 4830 Graec.
899 4775 940 4845 4⁰,
990 4777 1090 4828 turam
1115 4771 1249 4845 Symboli
1274 4766 1609 4845 pseudo-Athanasium.
1633 4765 1739 4823 Mono-

191 4863 257 4920 loao
276 4877 315 4920 nv
333 4863 365 4918 iu
382 4862 562 4920 bibliotheca
579 4861 788 4920 universitatis
799 4861 940 4936 Lugduni
992 4863 1115 4920 thelitas
1127 4861 1179 4920 ille
1198 4880 1259 4920 nou
1270 4861 1409 4936 respicit;
1421 4861 1512 4918 immo
1528 4875 1625 4932 neque
1645 4857 1743 4932 Euty-

191 4941 385 5011 Batarorum.
404 4954 449 5010 De
474 4953 531 5010 hoc
550 4954 633 5010 beato
659 4955 844 5024 Euphronio,
865 4951 941 5010 nihil
991 4955 1075 5024 cheu,
1095 4973 1151 5013 nec
1168 4954 1342 5012 Nestorium
1361 4952 1519 5027 compellat
1531 4949 1659 5008 nomine.
1672 4949 1744 5024 Ipse
1766 4943 1776 4954 '

191 5062 271 5104 nunc
283 5043 381 5101 habeo
393 5043 474 5116 quod
487 5043 592 5114 dicam,
605 5041 665 5100 nisi
677 5041 757 5116 quod
770 5043 873 5116 gravis
892 5042 940 5115 sit,
988 5050 1058 5102 aute
1078 5061 1153 5102 susa
1172 5059 1192 5100 x
1211 5043 1341 5100 seribere
1360 5059 1393 5100 se
1411 5041 1578 5116 profitetur.

130 5197 131 5200 ,
192 5141 342 5209 vetusque
354 5133 502 5207 videatur,
515 5136 568 5193 vix
583 5134 730 5193 recentior
743 5134 854 5192 celebri
865 5133 943 5192 oodi·
1028 5134 1051 5208 ¹)
1069 5135 1120 5191 Ps.
1139 5148 1235 5204 xxxn,
1255 5133 1280 5188 6.

193 5243 227 5284 ee
240 5225 464 5300 Ultrajeeteusi,
476 5225 512 5283 de
525 5242 585 5300 quo
596 5243 692 5300 nuper
702 5225 796 5298 Angli
809 5223 941 5298 disputa·
1026 5222 1050 5296 ⁸)
1063 5221 1133 5280 Ood
1146 5221 1178 5279 in
1189 5237 1256 5280 meo
1269 5237 1371 5295 apogr.
1385 5237 1439 5294 pro
1451 5217 1574 5277 inclusis
1586 5215 1634 5275 bis
1646 5215 1744 5274 habet

194 5321 311 5388 verunt,
324 5320 360 5373 nt
372 5315 423 5389 qui
436 5313 675 5387 antiquissimam
694 5315 839 5390 praebent
852 5313 943 5387 scrip·
990 5315 1153 5372 immensus
1172 5317 1228 5370 eta.
