4022 6072
244 383 299 442 120
941 371 1106 466 Uindius

240 553 319 618 ficus
343 551 433 617 anuis
456 549 570 630 XCIII,
594 547 661 616 mil.
685 548 711 614 I.
736 547 811 634 (Qui
835 545 1022 614 Abimelech
1044 547 1217 633 discipulus
1239 547 1301 614 fuit
1317 548 1419 614 sancti
1443 547 1616 630 Jeremiae)
1645 549 1699 616 ubi
1724 547 1788 616 Ba·

241 659 321 726 ruch
345 659 503 744 propheta
519 709 525 724 .
540 708 546 723 .
562 708 569 723 .

285 766 391 831 -In
414 767 542 832 civitate
565 763 768 830 Hierusalem
799 763 839 830 ad
869 763 1051 848 sepulcrum
1082 765 1136 830 ubi
1169 763 1333 830 calvariae
1364 764 1453 832 loeus
1467 815 1474 832 .
1490 815 1520 830 ..
1543 763 1600 830 ubi
1623 763 1787 832 Abraham

241 875 362 942 obtulit
385 874 488 939 filium
511 896 603 939 suum
626 874 658 938 in
682 872 924 953 holocaustum,
948 877 1044 956 atque
1068 895 1157 938 mons
1180 871 1318 966 Petreus
1338 872 1458 982 est'In
1481 872 1551 956 ipso
1574 878 1703 954 monte,
1726 872 1788 938 hoc

241 987 289 1049 est
313 982 351 1048 ad
375 981 472 1067 pedes
495 981 613 1048 montis
636 980 735 1065 ipsius
757 978 924 1046 Abraham
939 978 1016 1045 fecit
1032 979 1148 1046 altaria
1164 979 1277 1045 subtus
1291 976 1327 1061 ¹).
1351 979 1480 1044 Eminet
1504 1002 1605 1061 mons,
1629 979 1668 1045 ad
1691 1001 1787 1064 quem

240 1093 382 1156 montem
405 1111 462 1174 per
486 1089 601 1174 grados
624 1087 747 1154 solator
761 1084 798 1171 ²).
815 1088 864 1153 De
887 1087 1035 1172 sepulcro
1058 1087 1187 1152 Domini
1211 1109 1311 1172 usque
1335 1086 1376 1152 ad
1398 1085 1562 1153 Oalrariae
1586 1086 1690 1153 locum
1712 1091 1788 1153 sunt

243 1198 330 1282 passi
352 1219 485 1263 numero
509 1196 582 1277 XII,
607 1196 660 1262 ubi
686 1218 764 1262 crux
788 1196 916 1262 Domini
940 1197 1070 1260 inventa
1092 1198 1151 1261 est.

288 1306 337 1371 De
361 1304 525 1391 Golgotha
547 1327 648 1389 usque
672 1305 705 1369 in
728 1309 872 1370 sanctam
896 1303 982 1390 Syon
1005 1304 1090 1388 passi
1106 1325 1240 1368 numero
1263 1301 1324 1383 CO,
1348 1323 1430 1388 quae
1454 1305 1557 1368 mater
1576 1305 1624 1366 est
1646 1301 1787 1367 omnium

243 1413 458 1480 eeclesiarum.
483 1412 586 1489 Quam
610 1411 699 1498 Syon
723 1412 878 1478 Dominus
901 1417 1010 1477 noster
1033 1410 1150 1478 Jhesus
1173 1410 1319 1477 Christus
1343 1433 1416 1477 cum
1438 1409 1607 1496 Apostolis
1629 1409 1785 1476 fundarit.

243 1521 320 1606 Ipsa
342 1521 404 1586 fuit
427 1521 539 1586 domus
562 1521 663 1588 saneti
686 1519 789 1586 Marci
812 1520 1036 1605 evangelistae.

288 1629 337 1695 De
362 1628 448 1714 Syon
472 1629 511 1694 ad
534 1629 662 1694 domum
686 1628 843 1714 Caiphae,
868 1635 1021 1712 quaeest
1044 1629 1138 1696 modo
1162 1628 1295 1696 eeclesia
1318 1629 1420 1695 sancti
1447 1627 1555 1708 Petri,
1579 1630 1654 1693 sunt
1677 1647 1787 1711 passus

241 1759 374 1802 numero
397 1737 434 1802 L.

288 1844 335 1910 De
359 1844 451 1911 domo
475 1844 615 1929 Caiphae
639 1868 739 1930 usque
762 1846 802 1912 ad
817 1845 1020 1913 Praetorium
1043 1847 1138 1913 Pilati
1163 1867 1274 1930 passus
1289 1866 1423 1910 numero
1447 1842 1481 1908 0.
1508 1843 1557 1909 Ibi
1582 1847 1631 1908 est
1654 1841 1786 1908 eeclesia

241 1955 369 2019 sanctas
392 1951 547 2019 Eusebiae
560 1948 597 2034 ⁸).
621 1952 671 2017 Ibi
695 1953 808 2036 missus
832 1959 881 2020 est
908 1954 1064 2021 Jeremias
1097 1953 1255 2038 propheta
1285 1953 1320 2017 in
1342 1953 1458 2018 lacum.
1482 1950 1532 2016 Ibi
1556 1955 1604 2015 est
1635 1950 1785 2016 columna

242 2083 323 2145 quae
339 2059 401 2126 fuit
417 2061 449 2126 in
466 2061 559 2126 domo
574 2060 723 2145 Caiphae,
741 2061 780 2127 ad
796 2084 892 2146 quam
909 2063 1063 2129 Dominus
1080 2061 1225 2127 Christus
1240 2061 1422 2146 flagellatus
1438 2065 1497 2125 est.
1514 2059 1609 2124 Modo
1625 2058 1657 2122 in
1673 2063 1785 2124 sancta

245 2166 332 2252 Syon
351 2166 443 2250 jussu
466 2165 595 2231 Domini
618 2165 688 2250 ipsa
707 2166 856 2233 columna
870 2175 1007 2254 sequuta
1023 2172 1082 2235 est.
1099 2169 1145 2234 Ex
1161 2191 1225 2254 quo
1242 2169 1335 2234 modo
1356 2191 1436 2248 eam,
1460 2169 1535 2234 dum
1557 2167 1787 2252 flagellaretur,

243 2273 444 2358 amplexavit,
469 2273 552 2340 sicut
574 2275 608 2338 in
631 2296 715 2356 cera,
739 2275 784 2341 sic
806 2276 928 2342 brachii
953 2277 1022 2360 ejus
1044 2299 1157 2344 manus
1180 2277 1231 2343 vel
1253 2277 1348 2362 digiti
1370 2277 1404 2340 in
1427 2299 1497 2341 eam
1520 2275 1701 2340 haeserunt.

289 2417 329 2428 —
355 2379 490 2449 Sanctus
515 2382 695 2468 Stephanus
712 2382 789 2452 foris
806 2388 916 2469 portas
933 2384 1095 2451 Galilaeae
1111 2385 1272 2470 lapidatus
1292 2388 1351 2450 est.
1373 2383 1423 2449 Ibi
1447 2382 1579 2450 ecclesia
1601 2383 1668 2467 ejus
1691 2403 1787 2466 quam

243 2489 412 2556 fabricant
435 2489 622 2572 Theodosia,
645 2514 729 2558 uxor
752 2491 921 2558 Theodosii
945 2492 1148 2576 imperatoris
1160 2491 1199 2576 ⁴).

288 2632 329 2646 -
346 2597 471 2664 Piscina
487 2595 582 2681 Siloe,
600 2622 619 2665 a
634 2600 705 2666 loco
722 2600 777 2668 ubi
794 2601 908 2666 missus
924 2605 973 2667 est
988 2600 1144 2666 Jeremias
1157 2601 1314 2686 propheta
1328 2600 1363 2665 in
1377 2599 1494 2681 lacum,
1511 2599 1607 2665 habet
1622 2620 1734 2683 passus
1751 2597 1786 2664 Ο.

243 2704 331 2781 Quae
354 2709 440 2771 intra
463 2728 590 2772 murum
614 2710 672 2773 est.

287 2813 337 2879 De
358 2813 452 2880 domo
476 2813 575 2880 Pilati
599 2837 700 2899 usque
730 2814 769 2881 ad
802 2815 956 2900 piscinam
989 2815 1168 2896 Probatici,
1192 2837 1303 2899 passus
1333 2835 1466 2880 numero
1489 2812 1523 2879 U.
1547 2812 1611 2878 Ubi
1634 2811 1788 2879 Dominus

244 2916 360 2985 dheeus
384 2919 530 2986 Christus
553 2921 768 3007 paralyticum
791 2923 926 3002 curarit,
950 2922 1040 3006 cujus
1064 2921 1169 2989 lectus
1192 2923 1295 2988 adhuc
1318 2922 1364 2986 ibi
1387 2925 1446 2987 est.

287 3026 387 3093 Juxta
409 3027 563 3111 piscinam
579 3027 792 3109 Probaticam,
809 3029 841 3094 id
857 3035 906 3096 est
922 3030 1070 3096 ecclesiae
1086 3034 1213 3096 sanctae
1230 3029 1362 3110 Mariae,
1378 3033 1506 3096 sanetus
1527 3026 1550 3094 J
1551 3028 1677 3108 acobus,
1694 3050 1787 3112 quem

243 3133 398 3200 Dominus
421 3157 479 3202 sua
503 3135 610 3219 [manu
633 3136 676 3219 in]
705 3137 854 3220 episcopo
878 3137 1044 3218 ordinavit.
1070 3137 1130 3214 Qui
1147 3142 1220 3222 post
1236 3137 1450 3204 ascensionem
1473 3136 1601 3202 Domini
1624 3136 1663 3201 de
1687 3135 1786 3220 pinna

247 3241 372 3327 Templi
396 3243 516 3328 ejectus
541 3249 600 3325 est,
624 3249 657 3310 et
679 3243 761 3310 nihil
784 3244 813 3310 ei
835 3245 954 3310 nocuit.
972 3245 1065 3312 Fullo
1081 3246 1165 3311 enim
1181 3246 1220 3312 de
1236 3252 1334 3326 vecte,
1352 3245 1384 3310 in
1404 3266 1468 3330 quo
1491 3267 1541 3310 res
1560 3249 1690 3328 portare
1714 3264 1787 3308 con·

245 3350 401 3428 sueverat,
426 3348 540 3414 occidit
563 3371 646 3431 eum,
671 3355 703 3416 et
724 3351 848 3435 positus
871 3354 920 3416 est
942 3351 975 3414 in
998 3355 1106 3416 monte
1123 3350 1251 3417 Oliveti.
1267 3351 1340 3436 Ipse
1356 3358 1389 3418 et
1412 3356 1539 3419 sanctus
1562 3351 1730 3418 Zacharias
1754 3356 1786 3417 et

245 3458 372 3521 sanctus
396 3455 533 3541 Symeon
557 3458 590 3522 in
614 3481 678 3524 una
701 3459 854 3524 memoria
876 3459 974 3543 positi
997 3463 1081 3524 sunt.
1106 3459 1210 3536 Quam
1233 3462 1419 3527 memoriam
1441 3462 1508 3546 ipse
1536 3467 1663 3528 sanetus
1685 3461 1785 3528 Jacob

245 3561 434 3642 fabricavit3
458 3585 591 3649 corpora
613 3564 743 3631 illorum
767 3566 836 3651 ipse
860 3566 906 3631 ibi
929 3567 1113 3648 recondidit,
1137 3572 1169 3633 et
1192 3591 1226 3633 se
1249 3568 1293 3633 ibi
1317 3590 1390 3634 eum
1414 3569 1459 3634 eis
1481 3570 1643 3654 praecepit
1665 3571 1751 3654 poni.

290 3668 340 3734 Ibi
356 3673 404 3735 est
420 3670 512 3736 vallis
527 3671 698 3756 Josaphae,
715 3673 771 3739 ubi
787 3673 958 3739 Dominum
974 3673 1075 3741 Judas
1090 3675 1232 3741 tradidit.
1249 3676 1298 3740 Ibi
1311 3679 1359 3742 est
1374 3675 1508 3743 ecclesie
1524 3680 1650 3743 sanctae
1667 3676 1788 3743 Mariae

244 3775 358 3840 matris
382 3774 511 3842 Domini
526 3772 563 3859 ⁵).

290 3881 355 3947 Ubi
378 3882 535 3951 Dominus
558 3884 638 3951 larii
660 3887 756 3971 pedes
780 3887 1020 3972 discipulorum,
1044 3888 1090 3954 ibi
1105 3893 1138 3954 et
1154 3891 1308 3957 coenavit.
1324 3891 1375 3956 Ibi
1391 3897 1466 3958 sunt
1483 3896 1515 3958 et
1535 3896 1674 3977 quatuor
1698 3915 1789 3960 accu-

247 3989 316 4056 bita
326 3985 372 4074 ⁶),
395 3991 452 4056 ubi
474 3991 631 4058 Dominus
655 4015 727 4059 eum
750 3994 931 4078 discipulis,
955 3995 1023 4079 ipse
1047 3996 1187 4079 medius,
1211 3998 1370 4064 accubuit.
1395 3999 1483 4074 Quae
1513 4000 1660 4066 accubita
1682 4004 1789 4066 ternos

246 4097 391 4164 homines
414 4099 582 4183 recipiunt.
607 4099 702 4166 Modo
725 4101 900 4187 aliquanti,
925 4125 1079 4188 cumpro
1109 4103 1319 4190 religiositate
1350 4107 1395 4172 ibi
1422 4107 1632 4191 conveniunt,
1656 4113 1787 4193 excepto

247 4206 362 4288 carnis,
385 4205 431 4270 ibi
454 4206 573 4272 cibaria
595 4230 652 4274 sua
676 4210 840 4276 comedere
863 4210 1072 4293 delectantur,
1097 4216 1130 4277 et
1152 4213 1327 4280 accendunt
1349 4214 1529 4281 luminaria.

294 4311 357 4378 Ubi
379 4312 447 4397 ipse
471 4313 627 4381 Dominus
650 4316 745 4401 pedes
769 4317 988 4402 apostolorum
1010 4318 1139 4401 lavavit,
1164 4323 1220 4407 qui
1244 4322 1311 4406 ipse
1333 4323 1421 4390 loeus
1443 4325 1477 4389 in
1501 4323 1655 4409 spelunca
1677 4329 1735 4406 est,
1757 4328 1789 4390 ct

248 4420 443 4486 descendunt
465 4421 510 4487 ibi
533 4424 627 4489 modo
650 4424 777 4491 ducenti
801 4427 947 4493 monachi
971 4451 991 4493 a
1012 4428 1111 4511 pinna
1124 4430 1250 4514 templi.
1270 4428 1390 4496 Subtus
1412 4433 1639 4498 monasterium
1663 4437 1712 4499 est
1734 4433 1789 4498 de-

251 4533 353 4594 castas
363 4523 399 4615 ⁷).
423 4528 467 4595 Et
489 4531 616 4614 quando
640 4532 755 4617 aliquis
772 4555 882 4600 eorum
898 4535 936 4600 de
953 4535 1080 4602 saeculo
1097 4537 1268 4620 transierit,
1286 4538 1331 4602 ibi
1345 4539 1433 4605 intus
1448 4539 1480 4605 in
1503 4540 1574 4624 ipso
1598 4541 1790 4606 munasterio

286 4827 308 4902 ¹)
328 4827 491 4888 Adamnan.
511 4827 562 4887 lib.
581 4847 602 4902 1,
622 4849 684 4906 cap.
704 4846 756 4890 vir.
1085 4839 1109 4910 ⁴)
1126 4837 1183 4896 Hic
1195 4837 1281 4897 adest
1294 4844 1366 4896 nota
1379 4839 1527 4914 temporIs,
1543 4839 1580 4900 de
1593 4861 1652 4916 qua
1664 4843 1701 4900 of.
1715 4845 1789 4902 Pro·

285 4917 311 4991 ²)
332 4919 451 4978 Occator
469 4921 513 4977 sio
532 4921 633 4994 codex,
653 4923 732 4994 qnod
754 4922 910 4982 emendare
936 4942 995 4984 non
1049 4929 1207 5001 lepomcna.

249 5007 354 5064 austra.
1084 5019 1106 5090 θ)
1124 5016 1290 5075 Adamnan.
1308 5017 1359 5074 lib.
1378 5033 1398 5092 r,
1418 5035 1481 5092 cap.
1501 5036 1567 5078 xrrr.

280 5097 304 5169 ³)
323 5094 418 5170 Supra
440 5099 549 5157 lineam
574 5100 718 5158 correctio
744 5103 869 5162 codicis:
889 5105 994 5166 Sancti
1083 5107 1167 5181 ⁶)1b.
1187 5125 1250 5180 cap.
1269 5123 1319 5164 xv.

246 5187 376 5245 Eusebia
1081 5198 1104 5270 7)
1123 5196 1189 5254 Vox
1206 5212 1287 5256 nova
1303 5215 1356 5270 pro
1374 5197 1440 5256 loco
1460 5197 1675 5258 defunctorum.
