4006 6074
594 540 660 624 'Er
677 541 895 632 Pamphilius
913 543 984 634 αρὶί
1003 547 1039 612 αι
1056 543 1095 616 in
1112 545 1295 634 mysteriis.
1692 553 1729 608 21

179 712 202 776 f.
217 714 257 777 61
272 711 386 778 lacuna
399 713 418 777 5
431 733 596 777 versuum:
612 709 714 800 χρόνῳ
731 711 886 780 τούτων...
903 709 1057 800 ἅνθρωποι
1071 703 1220 778 θόνανται
1233 713 1286 778 καί
1299 704 1350 779 θιά
1366 724 1462 779 τοῦτο
1477 705 1729 805 [Εμπε]θότιμος

180 815 307 893 σπάνιος
330 817 383 882 καί
406 821 422 882 ὁ
447 817 633 908 Κλεώνυμος
654 819 760 887 καὶ...
779 819 873 896 ἄλλος
889 829 952 883 τῶν
970 819 1120 884 τοιούτων
1139 819 1304 908 θεαμάτων
1320 821 1503 912 λέγεται...
1521 823 1559 888 τθ
1583 821 1643 913 γάρ
1668 822 1729 896 τήν

180 924 374 1016 ἀνθρωπίνην
398 920 481 1005 ζωήν
505 927 579 1017 ὑπὲρ
612 925 771 1016 ἄνθρωπον
795 931 939 1019 ἐνεργεῖν,
963 930 1078 1018 ὀλίγοις
1104 918 1141 1001 θή
1167 952 1232 993 τισι
1253 929 1308 994 καί
1332 929 1551 1021 εθάριθμήτοις
1578 932 1728 1023 ὑπάρχειν

179 1035 271 1112 εἰκός.

557 1156 600 1219 ÷
625 1135 786 1218 Ἀναθιοὺς
804 1133 838 1207 θέ
853 1141 877 1228 ¹)
897 1145 1004 1234 ἔλεγεν
1022 1140 1041 1206 ἀ
1058 1145 1122 1207 ἐκεῖ
1136 1133 1206 1207 ἐθοι·
1225 1146 1281 1233 ἐρη
1308 1159 1352 1223 -ζ-

557 1265 602 1326 -ζ-
624 1241 668 1334 θέ,
692 1241 797 1322 ἐπειδὴ
825 1245 876 1315 οὖν
894 1243 1063 1339 έκύῆναιέ)
1086 1250 1146 1324 τὴν
1170 1248 1288 1342 ψυχήν,
1309 1268 1352 1330 ÷

557 1371 601 1434 ÷
624 1357 806 1448 πορεύεσθαι
824 1357 906 1447 μετά
922 1362 1060 1437 πολλῶν,
1078 1358 1132 1423 καί
1148 1362 1285 1448 ἀρικνεῒ-
1307 1375 1352 1437 ÷

557 1479 603 1542 -ζ-
625 1466 697 1532 σθαι
720 1465 799 1557 σῳάς
824 1472 866 1543 είς
889 1468 986 1532 τόπον
1011 1466 1083 1532 τινά
1108 1459 1282 1558 δαιμόνιον,
1307 1483 1352 1546 -ζ-

557 1589 602 1651 -2-
625 1581 655 1642 ἐν
680 1571 704 1660 ᾧ
729 1587 787 1652 τῆς
811 1601 846 1641 τε
863 1587 922 1666 γῆς
947 1567 1001 1640 θόο
1025 1570 1102 1641 εἶναι
1117 1576 1283 1666 χάσματα,
1307 1591 1353 1655 -ζ-

558 1695 602 1758 -ζ-
625 1683 765 1772 ἐχομένῳ
790 1684 962 1766 ἀλλήλοιν,
987 1683 1040 1747 καὶ
1065 1693 1119 1748 τοῦ
1144 1687 1284 1774 οὐρανοῦ,
1308 1698 1353 1760 ÷

558 1804 603 1867 ÷
629 1787 686 1876 [αὖ
711 1797 741 1857 ἐν
770 1801 816 1876 τῷ
849 1792 911 1857 ἀνω
944 1793 1027 1857 ἄλλα
1058 1792 1285 1882 καταντικρύ],
1308 1805 1352 1868 ÷

181 2003 246 2075 Τήν
272 2004 328 2094 μέν
353 1997 519 2071 ἀναύίωσιν
543 2017 598 2071 τοῦ
624 2005 710 2097 Ἠρὸς
735 2009 790 2071 οὐκ
814 2005 916 2080 ἀλλην
941 2005 959 2080 ή
985 2005 1045 2079 τήν
1071 1997 1189 2071 είσοθον
1204 2012 1245 2083 εἰς
1267 2007 1305 2072 τ“ο
1330 2017 1421 2096 σῶμα
1445 2017 1503 2083 τῆς
1527 2007 1731 2098 χωρισθείσης

180 2111 281 2204 ψυχῆς
306 2109 384 2180 εἶναι
406 2117 569 2208 λέγοντες,
593 2116 688 2208 ὀρθῶς
712 2121 856 2206 ἐροῦμεν·
883 2119 947 2201 βίος
978 2116 1038 2209 γάρ
1070 2120 1152 2182 ἐστιν
1185 2118 1283 2192 αὐτῆς
1306 2121 1326 2190 ή
1353 2115 1439 2187 κοινή
1469 2109 1533 2194 ζωὴ
1567 2114 1652 2205 μετά
1674 2127 1731 2182 τοῦ

181 2220 345 2309 σώματος·
370 2224 491 2300 ταύτης
515 2219 567 2289 οὖν
591 2225 651 2297 τήν
675 2225 848 2298 ἀνάκτησιν
873 2219 1040 2290 ἀναθίωσιν
1065 2224 1231 2306 ἐκάλεσεν,
1256 2216 1439 2313 μεταόολήν
1469 2217 1562 2289 οὖσαν
1588 2225 1649 2289 ἀπθ
1673 2235 1732 2300 τῆς

128 2350 153 2387 ιν
182 2323 258 2406 ίθίας
283 2325 364 2412 ζωῆς
388 2331 438 2398 ἐπί
461 2331 521 2404 τήν
544 2333 651 2405 κοινήν
676 2334 729 2398 καί
760 2332 923 2398 σύνθετον·
949 2335 999 2420 ὅτι
1023 2324 1056 2398 θέ
1087 2333 1140 2398 καί
1164 2326 1275 2410 ἐξιέναι
1306 2330 1366 2399 τῆν
1397 2329 1501 2421 ψυχήν
1529 2331 1582 2396 καὶ
1606 2331 1732 2397 εἰσιέναι

181 2429 314 2504 θυνατθν
340 2445 382 2514 είς
406 2440 443 2505 τὸ
468 2449 569 2530 σῶμα,
596 2431 691 2513 δηλοῖ
711 2442 766 2507 καὶ
788 2441 905 2533 ὁπαρά
922 2451 967 2524 τῷ
983 2441 1135 2531 Κλεάρχῳ
1151 2451 1192 2525 τῇ
1210 2437 1378 2529 ψυχουλκῷ
1403 2429 1508 2530 ῥάθθῳ
1532 2437 1730 2527 χρησάμενος

181 2546 231 2611 ἐπί
254 2558 310 2612 τοῦ
336 2549 495 2638 μειρακίοιν
519 2559 574 2614 τοῦ
598 2539 814 2627 καθεύδοντος,
838 2549 892 2614 καὶ
914 2549 1022 2622 πείσας
1046 2549 1100 2613 τὸν
1126 2538 1285 2638 δαιμόνιον
1310 2547 1528 2637 Ἀριστοτέλη,
1550 2544 1691 2636 καθάπερ
1716 2550 1732 2609 ὁ

181 2653 340 2744 Κλέαρχος
364 2657 395 2719 έν
420 2665 484 2732 τοῖς
508 2656 579 2745 περὶ
601 2655 697 2720 ὕπνου
721 2656 826 2745 ρησίν,
849 2656 918 2747 περί
941 2666 999 2731 τῆς
1023 2652 1135 2746 ψυχῆς,
1156 2661 1196 2733 ὡς
1220 2655 1279 2745 ἀρα
1303 2649 1470 2746 χωρίζεται
1493 2665 1549 2720 τοῦ
1573 2653 1731 2741 σώματος,

180 2761 234 2826 καί
249 2767 288 2838 ὡς
304 2765 428 2828 εἴσεισιν
446 2769 488 2840 είς
504 2765 542 2828 τθ
560 2773 660 2854 σῶμα,
679 2765 733 2829 καί
748 2770 787 2840 ὡς
805 2775 924 2854 χρῆται
941 2767 1026 2847 αὐτῷ
1043 2761 1106 2830 οἷον
1123 2766 1327 2856 καταγωγίῳ·
1343 2775 1384 2851 τῇ
1403 2763 1463 2855 γάρ
1481 2754 1585 2854 ῥάθθῳ
1608 2756 1731 2842 πλήξας

125 2889 153 2926 νο
180 2869 234 2933 τθν
258 2861 368 2952 παῖθα,
392 2868 452 2941 τήν
476 2868 579 2961 ψυχήν
604 2864 803 2958 ἐξελκύσειεν,
828 2873 882 2936 καὶ
906 2869 968 2938 οἷον
993 2871 1077 2965 ἀγων
1103 2863 1142 2938 δι’
1168 2875 1267 2950 αὐτῆς
1287 2873 1391 2964 πόρρω
1407 2884 1462 2938 τοῦ
1487 2871 1637 2962 σώμωτος
1663 2871 1731 2936 ἀκί-

180 2979 314 3064 νη[τον].

179 3200 203 3266 f.
221 3202 307 3264 61v.
325 3199 439 3266 lacuna
458 3201 475 3264 7
492 3219 592 3264 νοτες
609 3195 668 3268 τήν
685 3187 802 3262 είσοθον
821 3199 1048 3289 ἀπαγγελεῖν...
1065 3202 1203 3287 πληροῦν
1221 3199 1255 3262 ἐκ
1275 3195 1395 3260 τούτων
1412 3204 1585 3275 πιστεῦσαι,
1603 3193 1676 3270 τούς
1694 3217 1732 3259 τε

179 3303 294 3381 ἄλλους
310 3316 368 3382 τῆς
384 3304 534 3381 τοιαύτης
554 3308 687 3395 ἱστορίας
700 3303 828 3388 θεατάς,
840 3306 894 3370 καί
907 3307 961 3371 τθν
977 3308 1236 3397 [Ἀριστοίτέληη
1249 3301 1409 3393 χωριστήν
1421 3297 1500 3367 εἶναι
1511 3312 1566 3367 τοῦ
1584 3299 1730 3390 σώματος

180 3411 240 3486 τήν
260 3410 374 3502 ψυχήν·
398 3423 493 3479 τοῦτο
518 3412 573 3502 μέν
598 3407 650 3478 οὖν
674 3413 747 3503 ὅπερ
767 3413 861 3504 λέγω,
878 3414 916 3478 τθ
939 3413 1000 3487 τήν
1017 3412 1121 3504 ψυχήν
1137 3407 1249 3492 ἐξιέναι
1272 3435 1309 3476 τε
1333 3403 1483 3476 θόνασθαι
1506 3419 1561 3475 τοῦ
1585 3408 1731 3498 σώματος

124 3549 152 3586 ιε
181 3521 234 3584 καί
258 3514 343 3596 αὖθις
369 3519 512 3602 εισιέναι,
536 3519 590 3583 καὶ
613 3522 747 3610 ἔμπνουν
771 3529 870 3585 ποιεῖν
894 3521 968 3610 ὅπερ
993 3521 1214 3605 ἀπολέλοιπει,
1237 3531 1342 3586 ταῦτα
1366 3510 1400 3584 θέ
1423 3510 1519 3592 δηλοῖ
1537 3517 1637 3584 πάλαι
1667 3529 1732 3596 τοῖς

180 3624 332 3719 ἡγεμόσιν
356 3637 412 3691 τοῦ
437 3625 612 3714 Περιπάτου
637 3627 858 3717 γεγραμμένα,
882 3626 936 3690 καὶ
960 3627 1017 3692 ὅσα
1047 3638 1113 3704 τοῖς
1139 3627 1190 3692 ἐπὶ
1220 3625 1346 3717 Μάρκου
1372 3624 1530 3717 θεουργοῒς
1554 3616 1730 3712 ἐκθέθοται,

179 3736 284 3798 πίστιν
308 3737 423 3823 ἐναργῆ
448 3725 564 3823 πορίζει
586 3742 642 3797 τοῦ
664 3732 773 3821 λόγου.
791 3733 852 3797 Καὶ
875 3733 934 3826 γάρ
951 3737 1061 3799 ἐκεῖνοι
1077 3725 1129 3798 θιά
1147 3725 1184 3809 θή
1203 3758 1286 3811 τινος
1303 3739 1437 3810 τελετῆς
1453 3735 1492 3799 τθ
1517 3735 1594 3800 αῦτθ
1618 3725 1729 3825 θρῶσιν

180 3847 221 3919 είς
245 3842 299 3907 τὸν
323 3841 521 3931 τελούμενον·
545 3840 599 3907 καί
622 3843 691 3906 ἐστι
712 3850 774 3906 πᾶν
799 3841 836 3906 τὸ
853 3850 995 3906 τοιοῦτον
1013 3842 1069 3905 οὐκ
1089 3838 1288 3932 ἀνθρώπινον,
1312 3839 1396 3906 ἀλλά
1420 3832 1579 3931 δαιμόνιον
1603 3841 1641 3906 τὸ
1667 3865 1730 3932 μη-

181 3949 312 4040 χάνημα
336 3950 390 4016 καί
415 3949 506 4035 θεῖον,
529 3948 604 4015 ὥστ’
622 3941 709 4016 ούθέν
726 3949 763 4014 ἀν
781 3951 827 4022 εἴη
847 3948 1039 4038 θαυμαστὸν,
1057 3954 1084 4014 εί
1099 3950 1153 4013 καί
1169 3959 1232 4015 τῶν
1248 3948 1457 4040 προκειμένων
1483 3947 1649 4037 θεαμάτων
1673 3949 1729 4015 τὸν

124 4087 153 4124 ιο
181 4058 315 4150 ἀγγελον
340 4059 433 4148 φησὶν
457 4062 473 4122 ὁ
498 4057 592 4147 μῦθος
617 4059 734 4141 οὑτοσὶ,
751 4055 836 4122 κατά
859 4057 919 4129 τὴν
936 4068 999 4123 τῶν
1016 4057 1194 4148 κρειττόνον
1216 4051 1384 4150 ἀγαθοειδῆ
1410 4057 1571 4144 βούλησιν,
1595 4050 1728 4135 ἐξελθεῖν

180 4191 215 4233 τε
238 4178 293 4233 τοῦ
318 4165 463 4258 σώματος
488 4159 675 4258 ἀδιαφθόρου
700 4167 856 4256 μένοντος,
880 4167 935 4230 καὶ
958 4160 1136 4249 ἐξελθόντα,
1162 4157 1291 4256 δύναμιν
1315 4159 1503 4258 προσλαόεῒν
1529 4164 1640 4256 θεωρὸν
1663 4174 1727 4230 τῶν

180 4275 322 4366 ἀοράτων
345 4287 415 4351 ταῖς
440 4273 616 4346 αἰσθήσεσιν
640 4281 741 4364 ήμῶν,
766 4274 820 4338 καί
844 4275 973 4372 μνήμην
997 4267 1039 4338 ὧν
1063 4265 1142 4338 εἷθεν
1160 4276 1213 4341 καί
1230 4277 1384 4365 ἐκφαίνειν
1395 4271 1427 4358 ’χ
1448 4275 1482 4338 ού
1506 4271 1565 4365 γάρ
1589 4271 1649 4346 τήν
1673 4296 1728 4336 τυ-

178 4394 295 4474 χοῦσαν
319 4379 398 4450 εἶναι
420 4385 541 4457 ταύτην
566 4381 680 4475 ψυχήν,
705 4381 789 4447 ἀλλά
805 4394 900 4448 τοῦτο
916 4381 1001 4474 παρά
1018 4381 1095 4448 θεῶν
1113 4383 1204 4474 γέρας
1219 4375 1389 4463 λαθοῦσαν,
1414 4372 1466 4445 θιά
1487 4382 1547 4452 τήν
1571 4378 1645 4468 πρὸς
1669 4376 1726 4454 τάς

181 4493 279 4569 ἄλλας
303 4489 403 4582 ψυχάς
420 4492 587 4583 ὑπεροχήν,
604 4492 702 4580 εἰμέν
720 4491 836 4576 βούλει,
854 4491 908 4555 καὶ
923 4494 1022 4567 αὐτῆς
1039 4501 1097 4568 τῆς
1114 4492 1226 4568 οὐσίας·
1246 4496 1273 4556 εἰ
1288 4481 1322 4555 θέ
1339 4500 1434 4555 τοῦτο
1460 4478 1725 4579 θυσταράθεκτον,

125 4624 152 4660 ιε
180 4591 233 4665 θιά
254 4601 291 4665 τθ
315 4611 372 4676 τῆς
397 4595 478 4680 ζωῆς
503 4599 677 4690 θεοπρεπές·
701 4598 814 4665 κωλύει
839 4598 894 4688 μέν
918 4596 978 4691 γάρ
999 4590 1085 4665 οὐθέν
1110 4599 1164 4665 καί
1186 4597 1256 4664 κατ’
1274 4598 1379 4663 οὐσίαν
1400 4595 1500 4668 αὑτήν
1525 4596 1648 4661 ἐκείνων
1672 4585 1726 4659 θια

179 4819 202 4883 f.
217 4819 259 4882 62
273 4818 335 4884 duo
348 4839 458 4884 versus
474 4839 604 4901 prorsus
621 4817 824 4882 exciderunt:
841 4813 962 4892 ταύτης
980 4812 1129 4904 αὐτοψίας
1143 4865 1148 4877 .
1163 4865 1169 4877 .
1185 4817 1267 4877 ,λῶν
1284 4810 1390 4902 ψυχῶν
1404 4833 1427 4900 χ
1430 4810 1556 4901 ρησμοὶ.
1569 4858 1593 4873 ..
1610 4807 1673 4873 ἀνω
1683 4859 1688 4872 .
1699 4857 1723 4873 ..

179 4921 276 4999 αὐτάς
300 4917 412 5001 ἐξαπο.
424 4973 430 4986 .
441 4973 447 4986 .
459 4930 546 5011 ειρῶν
563 4922 616 4987 καί
631 4915 749 5000 τάξεων
766 4929 965 5014 ήγεμονικ...
983 4934 1079 5014 φῆναι
1095 4933 1158 4988 τῶν
1176 4920 1263 4987 θείων
1280 4918 1416 5013 ἀγαθῶν,
1435 4929 1503 4995 ταῖς
1521 4916 1720 5007 όρειμ[έναις]

176 5029 281 5096 πολλά
298 5031 351 5096 καί
369 5031 519 5104 ἀλήπτων
537 5032 676 5107 ἐκείναις·
694 5037 720 5094 εἰ
736 5021 770 5095 θέ
786 5030 949 5096 καὶτοῦτο
965 5030 1053 5122 λέγοι
1067 5032 1115 5106 τίς
1133 5021 1261 5116 ἄθηλον,
1280 5028 1378 5094 ἐκεῖνό
1394 5051 1431 5117 γε
1446 5025 1543 5091 παντί
1557 5023 1722 5116 γνώριμον,

1615 5137 1625 5145 η

213 5281 236 5354 ¹)
255 5277 338 5352 Reip.
357 5295 385 5351 Χ,
404 5296 432 5351 p.
451 5279 512 5350 310,
530 5279 601 5335 9-13.
1012 5281 1036 5352 ³)
1055 5283 1167 5352 ἐκῳάνιιν
1186 5279 1249 5338 cod.
1269 5278 1404 5351 primum,
1421 5281 1491 5351 post
1509 5291 1583 5332 corr.
1602 5272 1722 5348 ἐκφαίνει,

211 5371 234 5444 ²)
252 5368 326 5426 Edd.
347 5365 373 5424 οὗ
392 5365 501 5425 ίκόῆναι.
741 5435 745 5444 ι
976 5376 1011 5426 ut
1031 5369 1157 5426 videtur.
