4006 6074
704 515 862 589 Matrem
879 515 918 592 tre
935 513 1061 590 lttrum
1080 517 1245 593 Judicum

483 691 622 761 Praebet
645 694 808 782 nequitiae
831 715 925 762 coeco
947 693 985 760 de
1008 693 1128 760 lumine
1151 715 1271 762 canses.

482 801 581 870 Forte
603 803 714 870 domus
737 806 807 870 totu
830 803 957 889 gemine
980 803 1136 869 subeunte
1158 803 1306 871 columna

419 907 461 950 ²¹⁵
484 911 665 979 Pendebut:
689 911 747 977 has
769 911 855 978 inter
877 931 975 998 agene
999 911 1191 998 constringit
1214 917 1383 999 utramque

479 1017 704 1105 Amplexuque
727 1023 816 1086 tenet
838 1023 919 1101 toto,
942 1023 1092 1105 retroque
1115 1020 1231 1088 resedit

478 1125 525 1192 Ut
548 1127 620 1191 nisu
643 1127 764 1194 maiore
787 1131 872 1208 ruat,
896 1125 1133 1213 Dominumque
1155 1132 1304 1214 precatus

479 1233 636 1302 Ultricem
660 1236 760 1303 traxit
782 1236 914 1322 propria
937 1258 1010 1303 oum
1033 1241 1135 1304 morte
1158 1237 1294 1305 ruinam.

479 1343 550 1421 Quo
573 1349 665 1430 pater
688 1345 830 1425 orbatus,
853 1345 1034 1430 fratresque
1058 1349 1092 1412 et
1114 1346 1251 1432 pignora
1276 1343 1380 1436 [cara]

413 1445 457 1490 ⁷¹⁰
480 1449 690 1536 Conveniunt,
714 1453 926 1538 iunctumque
949 1452 1069 1534 dolent,
1093 1453 1307 1539 decorantque
1330 1455 1479 1540 sepulcro
1494 1449 1530 1538 ¹).

871 1667 970 1734 Ceron
991 1665 1097 1736 XVII.

528 1885 625 1953 Hune
647 1886 791 1972 sequitur
814 1885 949 1954 Semoda
972 1887 1095 1969 ducem,
1119 1887 1174 1973 qui
1197 1886 1335 1956 fortibus
1358 1887 1443 1955 ausis

484 1993 657 2062 Sescentos
678 1994 817 2080 peremit
838 1999 871 2062 et
894 1999 1039 2080 tempora
1061 1995 1148 2063 laeta
1170 1996 1305 2063 reduxit.

482 2103 571 2172 Haec
593 2105 678 2171 inter
700 2103 797 2172 Micia
819 2106 902 2190 petit
924 2106 1102 2191 pergrande
1124 2105 1284 2173 talentum

482 2213 623 2300 Argenti
644 2217 799 2292 matrem;
823 2213 908 2298 qnod
930 2216 1077 2280 sanctum
1099 2213 1219 2280 femina
1242 2214 1341 2281 fidens

416 2315 461 2360 ⁷⁸⁵
483 2321 563 2390 Esse
586 2323 687 2403 docet,
710 2326 884 2407 votumque
906 2322 985 2404 Deo,
1009 2321 1064 2388 sed
1087 2326 1232 2407 tempore
1254 2326 1342 2390 certo

481 2429 705 2510 Reddendum
728 2452 803 2497 mox
826 2430 910 2497 celsa
933 2428 1012 2498 facit
1035 2429 1167 2496 donaria
1188 2433 1300 2498 sancto

480 2536 524 2604 Et
548 2535 727 2623 Seraphim,
751 2537 973 2624 templumque
996 2539 1082 2618 Deo;
1106 2537 1286 2624 finibusque
1309 2537 1453 2624 repletis,

481 2643 544 2722 Qui
567 2645 671 2711 minor
694 2649 744 2711 est
765 2649 860 2711 natus
882 2645 1021 2712 Domino
1041 2645 1106 2713 fert
1128 2645 1211 2713 dona
1234 2644 1392 2728 sacerdos,
1464 2649 1467 2658 '

481 2754 560 2822 Post
581 2755 696 2822 Iudam'
716 2753 814 2821 Micia
835 2755 917 2841 legit
940 2755 1110 2841 sedemque
1132 2758 1338 2840 quaerentem

416 2858 460 2898 ²³⁰
483 2863 644 2950 congesto
666 2883 773 2930 secum
796 2863 952 2930 donorum
975 2884 1106 2930 munere
1129 2862 1247 2942 nectit;

482 2971 743 3058 Adsumptnsqne
765 2971 826 3038 Dei
848 2971 966 3038 meruit
988 2971 1127 3040 sacraria
1148 2971 1249 3038 donis.

483 3080 566 3149 Eece
590 3080 693 3148 tribus
715 3079 808 3146 Dana
830 3079 937 3146 subito
959 3101 1042 3146 nova
1064 3101 1165 3166 regna
1187 3079 1363 3165 requirens,

482 3189 588 3257 Mittit
611 3193 753 3256 oratores
775 3187 859 3255 socio
883 3187 921 3254 de
944 3210 1077 3274 corpore
1100 3189 1252 3274 quinque,

483 3298 670 3366 Serntenter
692 3301 730 3363 ut
752 3300 868 3364 cuncte
888 3297 1027 3382 probent
1050 3320 1131 3383 qnae
1154 3297 1260 3383 portio
1283 3302 1389 3365 terrae

418 3400 460 3444 ⁷⁸⁶
483 3403 533 3472 Sit
555 3403 680 3484 melior,
703 3424 767 3488 qus
788 3402 899 3470 deinde
921 3403 1009 3470 venit
1032 3425 1221 3490 componere
1244 3405 1341 3472 sedes.

480 3512 526 3580 Hi
549 3513 624 3580 dum
647 3513 846 3579 circumeunt
868 3511 1034 3598 saltusque
1057 3535 1094 3580 ac
1116 3513 1207 3580 deria
1226 3513 1377 3596 lustrant,

482 3621 532 3688 Ad
555 3621 669 3718 Iudam
690 3620 823 3688 veniunt
845 3620 930 3688 socio
953 3643 1097 3688 sermone
1121 3625 1277 3688 serentes:

479 3729 563 3808 Quid
585 3729 705 3797 faeiat?
727 3727 815 3806 Quae
839 3751 929 3797 sacra
951 3733 1057 3796 novet.
1081 3727 1288 3796 Poscentibus
1310 3729 1383 3796 ille:

479 3837 568 3915 Quae
590 3840 761 3922 postquam
784 3835 980 3922 exprompsit
1002 3835 1195 3922 compulsus,
1219 3836 1357 3904 consulit
1380 3836 1438 3903 alti

413 3941 457 3978 ⁷⁴⁰
480 3945 524 4013 Et
545 3945 676 4012 Domini
698 3945 850 4012 mandata
871 3944 944 4028 Dei,
969 3943 1155 4031 veniamque
1178 3967 1349 4030 supernam

482 4053 648 4136 Exhibuit,
671 4053 837 4139 iussusque
861 4051 973 4120 dehinc
997 4052 1154 4120 discedere
1167 4048 1193 4135 ¹)
1217 4053 1338 4121 laudat.

483 4160 573 4228 Haeo
595 4158 725 4226 reduces
745 4158 880 4227 docuere
903 4183 996 4228 snos:
1020 4179 1157 4246 nemque
1180 4160 1308 4248 agmine
1331 4161 1438 4243 denso,

484 4266 633 4335 Sexcenti
655 4267 787 4333 veniunt
809 4266 956 4349 Efudem,
980 4271 1014 4333 et
1036 4267 1184 4353 sculptile
1206 4272 1350 4354 portent,

483 4376 528 4442 Et
550 4373 720 4460 Seraphim
742 4397 913 4461 secumque
936 4379 1054 4462 rogant
1077 4376 1248 4444 consistere
1271 4377 1402 4456 Iudem;

420 4478 462 4520 ⁷⁴⁶
484 4480 572 4558 Quae
595 4503 667 4550 cum
692 4479 804 4549 Micias
826 4481 1002 4569 profugum
1025 4504 1173 4550 revocare
1196 4487 1335 4569 pararet,

482 4585 623 4654 Pellitur
645 4587 801 4668 adscitum
825 4609 889 4656 non
911 4588 983 4656 vult
1005 4609 1147 4656 remeare
1170 4590 1327 4658 sacerdos.

483 4695 577 4762 Laius
600 4695 685 4763 bello
708 4697 840 4781 petitur,
864 4697 1022 4783 tectisque
1044 4698 1205 4782 crematis,

482 4802 628 4871 Dimittit
650 4804 738 4872 sedes
760 4808 794 4872 et
817 4805 946 4872 moestis
969 4805 1107 4893 deneget
1129 4829 1227 4874 eroes.

482 4908 738 4998 Vincentumque
761 4935 874 4980 manus
897 4913 1037 4980 studiose
1060 4913 1206 4982 conlocat
1228 4913 1296 4982 illic

419 5010 460 5055 ²⁵⁰
481 5016 525 5084 Et
547 5041 663 5086 nomen
686 5019 821 5088 'l'ribnte
843 5021 948 5088 dedit:
976 5043 1051 5088 nam
1075 5021 1167 5090 Dona
1188 5029 1331 5090 vocatur.

481 5123 541 5192 Vir
562 5128 691 5212 quidam
714 5127 812 5195 levite
834 5127 907 5211 fuir,
931 5129 986 5216 qui
1009 5131 1146 5214 coniuge
1170 5129 1271 5210 nulla,

239 5349 262 5423 ¹)
279 5347 370 5408 codd,
389 5353 589 5428 dworoolque
605 5371 636 5414 se
655 5360 769 5415 cuncto.
1037 5361 1060 5434 ²)
1078 5357 1110 5418 0.
1130 5359 1251 5418 dircen.

212 5541 215 5550 ,
342 5477 440 5539 Arm
458 5497 487 5550 v,
508 5480 558 5540 lot
578 5495 635 5539 ¹111
648 5480 674 5539 ⁸.
