3940 6072
261 503 315 560 334
957 500 1105 572 Indices.

260 747 389 815 Scholia
412 748 445 813 in
469 747 620 814 Proelum
638 797 916 816 .........
941 750 1004 814 251
1059 748 1243 835 Dionysius
1265 748 1540 815 Halicarmsseus
1544 797 1718 812 ......
1743 749 1807 812 313

259 857 383 925 codicis
405 857 555 923 Vaticani
579 859 753 924 varietates
774 908 915 924 .....
940 860 1004 924 252
1060 857 1224 923 Lachorus
1241 902 1717 922 ...............
1742 853 1806 918 315

258 966 366 1032 Editio
389 965 509 1032 collata
532 987 605 1032 cum
628 966 738 1032 ordine
761 966 877 1032 codicis
905 1015 913 1032 .
938 965 1005 1030 274
1059 965 1102 1031 R.
1126 966 1273 1032 Mambla
1296 966 1329 1030 in
1352 965 1502 1031 Proclum
1506 1011 1716 1029 .......
1741 962 1805 1026 318

261 1074 415 1156 Orpheica
437 1079 470 1140 et
492 1075 675 1140 Hermetica
705 1123 914 1141 .......
939 1076 1004 1140 275
1060 1073 1207 1158 L6gende
1230 1073 1284 1138 des
1308 1071 1480 1157 planches.
1507 1120 1513 1135 .
1541 1121 1548 1136 .
1575 1121 1582 1136 .
1605 1092 1617 1136 ·.
1643 1121 1650 1135 .
1677 1121 1684 1135 .
1716 1093 1807 1134 mm

346 1180 484 1247 Hermes
507 1181 545 1246 de
565 1181 727 1247 mensibus
743 1182 781 1247 ad
806 1179 916 1249 Ascle·

391 1291 480 1376 pium
504 1339 915 1356 .............
939 1293 1003 1356 279

257 1400 499 1482 Harpocration
505 1448 913 1464 .............
938 1401 1003 1464 292

1358 1355 1506 1423 Immone.

258 1506 433 1573 Chaldaica
437 1555 912 1572 ...............
938 1509 1002 1573 300

246 1613 458 1680 Ptolemaeus
479 1617 514 1678 et
538 1613 644 1681 Theon
670 1665 676 1678 .
703 1664 709 1678 .
737 1664 743 1678 .
838 1663 844 1678 .
872 1664 878 1677 .
905 1664 911 1678 .
936 1614 1000 1678 301
1056 1616 1156 1682 Index
1178 1617 1370 1702 scriptorum
1393 1616 1426 1680 in
1451 1615 1557 1681 codiee
1573 1613 1712 1679 mediceo
1735 1613 1801 1677 250

256 1721 389 1787 Persica
399 1769 910 1788 ................
935 1722 1000 1787 302
1055 1723 1157 1790 Index
1169 1730 1336 1789 auctorum
1349 1723 1433 1808 apud
1446 1721 1594 1789 Proelum
1607 1721 1645 1787 de
1653 1720 1713 1786 Re·

255 1826 432 1894 consensus
456 1827 726 1894 Testimoniorum
736 1878 910 1894 ......
935 1830 999 1896 305
1188 1829 1317 1915 publica
1334 1877 1709 1895 ............
1733 1829 1799 1892 270

254 1936 423 2003 Aristides
436 1935 489 2018 (cf.
503 1936 552 2001 ed.
566 1935 711 2001 Dindorf.
725 1934 912 2001 Genethlia·
1054 1935 1204 2023 Syllabas
1227 1942 1394 2003 auctorum
1417 1937 1513 2021 hujus
1535 1935 1709 2002 volumine.
1733 1937 1796 2001 331

387 2065 424 2110 ca
447 2063 493 2109 or.
517 2042 549 2126 x)
564 2093 738 2108 ......
741 2109 744 2116 ,
764 2093 907 2108 .....
932 2045 996 2110 308
1052 2046 1215 2114 Indiculus
1239 2047 1380 2113 codicum
1398 2093 1707 2111 ..........
1732 2045 1796 2108 332

252 2150 421 2219 Romanus
445 2151 564 2220 Rhetor
566 2201 908 2218 ...........
933 2153 998 2219 310
1053 2153 1139 2221 Ordo
1162 2177 1269 2222 rerum
1298 2201 1707 2220 .............
1732 2151 1797 2214 333
