3978 6070
275 518 329 574 112
628 505 713 594 Quis
731 503 1028 598 σροίίιοάσειιιοκὲ
1058 503 1179 596 Qualis
1197 506 1284 580 ὄοκο
1301 504 1474 598 fortuna?

277 703 371 768 φησιν
387 676 411 764 ¹)
436 682 452 740 6
476 675 633 764 πάνσοφος
657 677 802 752 ποιητής.
828 675 932 741 Ἀλλά
956 669 988 743 δέ
1013 679 1066 742 καὶ
1082 669 1200 768 δαίμων
1218 679 1412 754 ὑποθήσεται
1433 682 1486 745 καὶ
1510 684 1587 758 ὅλως
1612 681 1730 772 άφθονα
1753 684 1824 768 παρ’

279 793 363 870 αύτῷ
388 784 429 851 τά
452 784 511 856 τήν
537 777 699 872 δαιμύνιαν
724 786 895 862 ἐπίπνοιαν,
919 791 960 862 εἰς
983 786 1041 862 τάς
1065 779 1151 853 ἔνδον
1177 794 1266 877 ήμῶν
1291 791 1447 879 τρέποντα
1470 793 1620 866 παντοίας
1644 793 1751 881 ὁρμάς·
1776 793 1826 856 ὄτι

278 889 352 969 δέή
380 895 461 984 τύχη
490 904 550 958 τῶν
575 895 663 970 ἐκτὸς
686 893 880 983 προέστηκεν
896 895 932 980 ²),
950 896 1002 960 καὶ
1018 898 1110 971 αύτός
1127 903 1209 986 ἡμᾶς
1235 901 1250 961 6
1275 899 1408 963 Πλάτων
1432 903 1596 988 πολλαχοῦ
1614 889 1753 964 διδάσκει
1771 901 1826 965 καὶ

277 1012 296 1080 ή
324 1003 410 1076 κοινή
438 1004 526 1093 φήμη
554 1001 595 1067 τά
619 1013 738 1092 τυχαῒα
763 1012 825 1066 τῶν
850 1002 999 1068 τοιούτων
1024 1002 1170 1093 τιθεμένη
1196 1003 1302 1069 πάντα
1326 1015 1387 1070 τῶν
1412 1009 1443 1070 ἐν
1464 1017 1532 1082 ταῖς
1557 1009 1718 1098 ἐνεργείαις
1735 1013 1824 1097 ήμῶν

276 1115 330 1179 καὶ
353 1124 422 1189 ταῖς
439 1107 532 1192 ζωαίς
550 1122 619 1187 ταῖς
636 1111 801 1200 ἐμφάνεσιν
819 1111 989 1202 ὁρωμένων
1008 1112 1061 1175 καί
1078 1103 1129 1177 διά
1152 1123 1256 1176 ταῦτα
1280 1112 1338 1204 ἀρα
1361 1114 1414 1178 καί
1438 1126 1482 1198 τῷ
1508 1115 1562 1204 μέν
1587 1117 1625 1182 τό
1650 1119 1823 1207 ἀρρενωπὸν

275 1224 437 1316 προσήκει,
454 1233 494 1307 τῇ
516 1211 550 1287 δέ
566 1221 603 1284 τό
621 1219 826 1310 θηλυπρεπές,
845 1223 927 1310 εἴπερ
944 1224 960 1284 6
978 1221 1033 1310 μὲν
1050 1224 1185 1310 ἀφανῶν,
1202 1227 1221 1296 ή
1241 1213 1275 1288 δέ
1290 1224 1432 1312 ἐμφανῶν
1449 1225 1586 1314 προεστή

276 1444 299 1509 f.
319 1445 400 1510 164:
419 1463 516 1505 κατον
532 1437 587 1502 καί
603 1442 619 1502 6
637 1436 692 1527 μὲν
710 1438 973 1529 ἀσωματώτερον,
994 1442 1024 1526 [6
1052 1430 1085 1505 δέ
1102 1432 1407 1531 σωματοειδέστερον
1422 1439 1458 1526 ³),
1475 1441 1513 1505 τὸ
1532 1439 1591 1531 γάρ
1617 1431 1824 1531 δυνατότερον

276 1551 341 1637 καὶ]
359 1603 366 1618 .
381 1601 388 1614 .
405 1603 412 1617 .
427 1541 568 1638 δέστερον
587 1557 651 1622 τοῖς
669 1545 790 1637 ἄρρεσιν
815 1555 928 1615 οἰκεῖον
954 1550 991 1614 τύ
1017 1541 1118 1616 δε...
1143 1560 1208 1624 τοῖς
1233 1549 1421 1623 θήλεσιν...
1446 1549 1512 1627 ἐπεὶ
1540 1539 1640 1618 δέ...
1664 1551 1824 1640 ἐμπειρίαν

276 1662 394 1725 οἴονται
417 1657 471 1720 τύν
496 1647 571 1720 ίδ-,ον
596 1660 685 1743 ήμῶν
701 1707 707 1718 .
722 1706 750 1718 ..
775 1657 827 1720 κα)
850 1657 909 1728 τήν
927 1656 1047 1722 τούτων
1065 1657 1232 1747 σύστοιχον
1249 1657 1350 1747 τύχην
1366 1710 1372 1724 .
1388 1711 1418 1726 ..
1442 1668 1497 1722 τοῦ
1523 1648 1667 1745 δαίμονος
1691 1658 1745 1721 καί
1767 1669 1825 1733 τῆς

277 1764 397 1858 ἀγαθῆς
421 1763 522 1853 τύχης
547 1754 699 1854 διαφέρειν
717 1755 803 1829 οὐδέν
821 1758 906 1842 ἀξιον
923 1765 1215 1854 ἐπισημηναμένους
1233 1770 1341 1854 εἰπεῖν,
1359 1771 1398 1841 ὡς
1418 1765 1478 1855 ἀρα
1494 1760 1579 1830 ούτοι
1604 1765 1658 1854 μὲν
1683 1765 1824 1856 ἀκράτως

276 1879 349 1939 εἰσιν
375 1869 500 1962 ἀγαθῶν
524 1871 675 1962 χωρηγοί·
701 1863 749 1936 δίο
773 1873 826 1938 καὶ
848 1872 930 1961 μετά
946 1883 1003 1948 τῆς
1020 1872 1200 1963 προσθήκης
1224 1868 1433 1964 ὀνομάζονται
1450 1873 1581 1950 ταύτης,
1598 1874 1652 1938 καί
1671 1874 1746 1939 εἰσὶν
1770 1879 1825 1940 οὐκ

276 1979 483 2071 ἀφωρισμένοι
506 1990 571 2056 τοῖς
596 1972 630 2044 δε
653 2004 718 2056 τοις
744 1984 830 2065 βιοις,
848 1979 933 2047 ἀλλά
949 1981 1046 2047 κοινοί
1062 1991 1123 2047 τῶν
1142 1975 1234 2060 ἀξίων
1252 1981 1419 2046 ἀπολαύειν
1444 1993 1502 2057 τῆς
1527 1984 1650 2048 ἐκείνων
1673 1985 1826 2076 χορηγίας

275 2090 329 2155 καί
352 2095 505 2180 ήγοῦνται
529 2098 630 2178 σειρᾶς
655 2088 800 2180 ἑκάτερος
818 2091 911 2165 ὅλης.
937 2091 972 2154 ‘0
998 2081 1032 2156 δέ
1053 2082 1172 2182 δαίμων
1206 2086 1351 2175 οὗτος),
1377 2089 1409 2155 ὄν
1437 2081 1513 2156 ἴδιον
1537 2095 1705 2180 καλοῦμεν,
1729 2093 1824 2158 καίῆ

275 2198 358 2289 τύχη
385 2197 623 2288 προεστήκατον
649 2196 845 2288 ἀνθρωπίνων
864 2200 950 2284 βίων,
971 2196 1156 2289 εύμοίρωνόΙ
1182 2199 1236 2263 καὶ
1259 2199 1417 2275 ἐναντίων,
1442 2199 1496 2262 καὶ
1520 2190 1609 2264 εἰδῶν
1633 2191 1714 2275 ζωῆς
1739 2201 1826 2288 ἀμει-

276 2308 370 2372 νόνων
394 2307 413 2380 6
439 2307 596 2398 χειρόνων·
620 2308 674 2371 καὶ
697 2300 882 2397 κυόερνῶσιν
907 2307 1039 2389 τούτων,
1058 2308 1116 2371 ὅσα
1140 2309 1246 2383 αὐτοῖς
1269 2308 1419 2397 προσήκει
1443 2306 1527 2373 κατά
1547 2307 1606 2379 τήν
1632 2310 1745 2396 αἵρεσιν
1769 2317 1826 2384 τῆς

275 2411 365 2496 ζωῆς.
391 2415 477 2481 Ἀλλ’
503 2419 518 2479 6
544 2415 599 2504 μὲν
623 2406 756 2505 δαίμων,
780 2421 819 2492 ὡς
844 2418 1008 2506 ἐπίτροπος
1033 2407 1114 2494 ζωῆς
1138 2409 1174 2489 ἧς
1199 2419 1282 2480 ἐστιν
1307 2417 1422 2506 ἔφορος,
1448 2421 1576 2508 ήγεῒται
1599 2426 1654 2480 τοῦ
1678 2415 1825 2503 ἑλομένου

275 2523 336 2598 τὴν
360 2521 442 2605 ζωήν
467 2526 597 2600 ἐκείνην,
622 2521 685 2590 οἷον
710 2523 896 2616 τυραννικὴν
921 2522 939 2597 6
960 2523 1174 2607 βασιλικήνι)
1196 2514 1229 2587 δέ
1252 2522 1346 2612 τύχη,
1364 2534 1426 2588 τῶν
1448 2523 1687 2615 ἀπονεμομένων
1712 2528 1747 2588 ἐκ
1769 2532 1825 2586 τοῦ

277 2635 395 2710 παντὸς
419 2627 494 2698 ούσα
518 2633 700 2723 προστάτις,
724 2639 764 2709 ὡς
788 2633 990 2723 προσήκουσα
1012 2642 1053 2718 τῇ
1079 2623 1168 2709 τάξει
1192 2641 1232 2716 τῇ
1246 2629 1272 2714 5)
1296 2639 1400 2694 ταῦτα
1418 2623 1603 2720 ἀφοριζούσῃ
1630 2640 1698 2706 ταῖς
1722 2623 1826 2712 ζωαῐς,

278 2742 360 2814 άλλη
387 2740 441 2804 καὶ
459 2740 540 2812 άλλη
567 2739 635 2804 καθ’
657 2740 790 2805 ἐκαστόν
808 2744 903 2822 ἐστιν,
920 2738 975 2803 καὶ
990 2740 1027 2804 τό
1043 2737 1163 2815 πλῆθος
1181 2743 1283 2803 αύτῶν
1301 2739 1354 2802 καί
1370 2744 1389 2812 ή
1409 2729 1565 2828 διαίρεσις,
1583 2740 1617 2803 ού
1633 2749 1699 2814 τοῖς
1716 2727 1826 2803 εἴδεσιν

276 2859 334 2924 τῆς
358 2843 449 2930 ζωῆς,
475 2847 558 2912 ἀλλά
583 2859 652 2923 ταῖς
677 2852 843 2938 ἀναφοραῖς
868 2848 997 2937 ὥρισται
1020 2858 1075 2912 τοῦ
1099 2847 1234 2922 παντός·
1259 2840 1395 2937 ἀφορίζει
1419 2838 1515 2923 δὲὼς
1540 2845 1570 2910 ἐν
1596 2849 1694 2911 α’ίτιον
1709 2845 1745 2931 ⁶),
1766 2847 1824 2912 τὸν

278 2954 332 3045 μὲν
357 2959 372 3018 6
397 2956 496 3036 ἥλιος,
521 2954 579 3026 τήν
604 2947 638 3020 δέ
660 2961 679 3028 6
707 2956 835 3037 σελήνη,
860 2947 907 3020 διὸ
925 2956 978 3020 καί
995 2961 1023 3019 οἱ
1039 2960 1149 3046 κλῆροι
1166 2955 1285 3020 τούτων
1311 2957 1373 3021 ἀπὸ
1397 2955 1517 3021 τούτων
1542 2958 1736 3046 εὑρίσκονται
1759 2965 1824 3020 τῶν

277 3061 352 3127 θεῶν
377 3066 407 3127 ἐν
432 3073 502 3138 ταῖς
526 3065 679 3156 γενέσεσιν
704 3069 793 3153 ῆμῶν
808 3063 846 3152 ⁷),
870 3066 909 3141 ὥς
933 3068 1000 3129 ἐστι
1025 3055 1121 3139 δῆλον
1145 3065 1300 3156 τοῖςπερὶ
1324 3067 1531 3156 ἀστρολογίαν
1548 3065 1824 3158 γεγυμνασμένοις,

277 3172 345 3235 ἀλλ’
373 3171 425 3235 ἐπὶ
439 3167 464 3258 ⁸)

276 3392 300 3457 f.
327 3393 391 3458 164
415 3415 457 3471 ν.,
483 3391 517 3456 in
541 3391 654 3458 eadem
669 3390 804 3457 lacuna:
830 3390 1078 3480 ...φιλοσοφίας
1095 3401 1150 3456 τοῦ
1165 3441 1172 3454 .
1187 3441 1214 3454 ..
1239 3393 1357 3481 οὐρανῷ
1378 3391 1587 3480 τετυχηκέναι
1601 3443 1608 3458 .
1624 3443 1631 3457 .
1647 3443 1654 3457 .
1679 3389 1825 3471 πολιτεία

277 3507 403 3587 χρηστῇ
429 3520 548 3587 τρο...
573 3502 648 3586 ῆμῖν
672 3501 784 3562 ἐννοεῖν
816 3505 856 3576 ὡς
890 3499 949 3590 ἀρα
974 3495 1061 3576 οὗτος
1086 3500 1207 3568 καί...
1232 3493 1256 3584 ᾧ
1282 3498 1362 3589 μετά
1386 3499 1531 3588 σώματος
1555 3492 1629 3578 ἔζη·
1654 3498 1708 3563 καὶ
1730 3500 1825 3572 ὡς,εί

276 3616 393 3670 τοῦ...
419 3605 472 3669 καὶ
488 3605 525 3670 τό
543 3604 651 3695 ὄχημα
668 3615 726 3682 τῆς
742 3605 856 3672 τούτου
874 3604 975 3697 ψυχῆς
991 3607 1117 3700 ἀνάγειν
1134 3609 1259 3697 ἕτοιμον
1274 3608 1299 3694 ⁹)
1317 3613 1358 3683 εἰς
1383 3609 1521 3698 ούρανόν,
1545 3604 1628 3697 ψυχή
1654 3606 1714 3699 γάρ
1739 3599 1824 3684 ζῶσα

279 3709 360 3800 μετά
383 3710 529 3800 σώματος
546 3717 611 3777 ἐκεῖ
623 3713 753 3805 λέγεται
778 3710 864 3793 εἶναι,
879 3716 934 3780 καί
950 3717 1034 3780 ἐστιν
1052 3717 1128 3781 ὄπου
1145 3716 1198 3780 καί
1214 3716 1251 3780 τό
1268 3723 1358 3802 σῶμα
1376 3706 1427 3780 διά
1443 3715 1502 3787 τήν
1520 3715 1636 3804 σχέσιν,
1654 3715 1730 3778 ὥστ’
1747 3717 1774 3778 εἰ
1785 3709 1824 3801 Ιο)

278 3822 336 3885 ὄπό
362 3821 497 3894 σελήνην
523 3825 621 3898 αύτῆς
645 3823 690 3896 εἴη
716 3825 754 3888 τὸ
779 3833 870 3915 σῶμα
894 3823 960 3914 μεθ’
979 3819 1013 3889 ού
1029 3818 1080 3909 ζῇ,
1098 3825 1152 3888 καὶ
1170 3824 1248 3896 αὕτη
1268 3823 1327 3886 ύπό
1345 3825 1479 3897 σελήνην
1497 3825 1591 3888 ἐστίν·
1617 3821 1739 3911 ἀνάγκη
1766 3819 1825 3908 ἄρα

278 3929 332 3995 καί
356 3930 392 3994 τύ
418 3930 528 4020 ὄχημα
554 3933 651 4007 αύτῆς
668 3935 852 4001 συνανιέναι.
868 3934 929 3998 Καὶ
944 3933 1004 4027 γάρ
1022 3935 1059 4000 τό
1076 3937 1107 4000 ἐν
1131 3925 1259 4024 Φαίδρῳ
1277 3933 1379 4024 ῥηθέν,
1395 3931 1433 3996 τό
1458 3935 1498 4006 εἰς
1522 3940 1577 3994 τοῦ
1602 3933 1729 4020 ούρανοῦ
1753 3951 1825 3992 τινα

277 4037 374 4103 τύπον
398 4037 532 4115 ὑπὸτῆς
550 4030 638 4116 δίκης
655 4036 854 4131 κουφίζεσθαι
871 4043 926 4120 τάς
945 4043 988 4133 μή
1008 4035 1059 4109 διά
1076 4045 1256 4133 φιλοσοφίας
1273 4041 1505 4131 κεκαθαρμένος
1522 4029 1641 4104 τοιόνδε
1657 4061 1690 4102 τι
1710 4027 1824 4109 δηλοῦν

278 4148 391 4224 ἔοικεν,
416 4147 469 4211 καὶ
493 4146 552 4238 γάρ
577 4149 614 4214 τό
639 4145 839 4239 κουφίζεσθαι
863 4151 917 4217 καί
940 4153 977 4217 τό
1002 4154 1042 4228 είς
1066 4177 1136 4217 τινα
1161 4152 1258 4216 τόπον
1283 4141 1484 4240 σωματοειδῆ
1510 4146 1685 4236 συνεισάγει
1707 4139 1825 4224 λήξεως

278 4253 441 4319 ύπόνοιαν·
466 4255 550 4328 πλήν
576 4259 674 4322 ἐκεῖνο
700 4251 807 4346 δῆλον,
832 4263 881 4325 ὄτι
913 4272 975 4327 τῶν
1002 4261 1055 4350 μὲν
1080 4261 1194 4337 τελέως
1226 4257 1465 4350 κεκαθαρμένον
1489 4253 1596 4347 ψυχῶν
1620 4258 1657 4321 τό
1682 4247 1824 4344 δεύτερον

277 4362 388 4451 ὄχημα
413 4373 522 4450 μεῖναν
539 4365 598 4428 ὑπὸ
615 4366 750 4439 σελήνην
768 4356 820 4430 διά
837 4367 896 4435 τήν
917 4371 1041 4434 ἐκείνων
1065 4369 1286 4460 περιστροφὴν,
1304 4360 1534 4460 ἀμυδρούμενον
1551 4364 1635 4430 κατά
1658 4361 1718 4435 τήν
1742 4357 1824 4442 ζωήν

280 4469 451 4534 ἀναλύεται
475 4475 517 4547 είς
534 4470 575 4536 τά
592 4484 743 4564 στοιχεῖα,
769 4467 801 4553 ἐξ
818 4469 859 4540 ὧν
876 4481 970 4542 ἐστιν1
987 4488 1049 4541 τῶν
1067 4468 1100 4542 δέ
1116 4481 1147 4542 ἐν
1165 4475 1246 4543 ἔθεσι
1263 4477 1356 4568 μόνον
1380 4485 1529 4566 χρηστοῖς
1556 4466 1736 4558 βεόιοκυιῶν
1761 4461 1827 4536 δια-

280 4577 362 4668 μένει
386 4577 440 4642 καί
464 4589 556 4645 τοῦτο
581 4581 821 4671 ἐλλαμπόμενον
845 4588 898 4648 ὄπ’
923 4587 1024 4650 αὐτῶν
1043 4583 1093 4671 l¹).
1112 4588 1155 4650 Ού
1172 4585 1232 4678 γάρ
1257 4585 1370 4662 τελέως
1394 4582 1625 4675 ἐχωρίσθησαν,
1648 4580 1706 4647 ἀτε
1730 4581 1825 4669 μήπω

316 4809 339 4884 ¹)
358 4807 401 4866 Cf.
416 4827 480 4884 sup.
491 4829 517 4884 p.
529 4812 587 4884 101,
599 4813 642 4886 14,
655 4813 697 4868 15.
710 4811 781 4871 Mox
790 4814 829 4872 H.
842 4816 909 4888 αὐτῷ
924 4819 1023 4875 ταύτην.
1127 4820 1150 4893 ⁸)
1168 4819 1208 4874 M.
1228 4817 1338 4872 ἐναίτιον.

315 4899 341 4973 ²)
358 4899 396 4955 H.
416 4903 572 4972 προέστησεν.
1126 4908 1150 4981 ⁷)
1169 4908 1209 4963 Μ.
1229 4908 1311 4961 ἔοικεν.

314 4990 339 5064 ³)
357 4990 397 5046 M.
416 4991 458 5047 sio
471 4991 625 5051 continuo:
640 4996 708 5050 τοῦτ’
721 5001 770 5068 ἄρα
783 4997 847 5053 ἐστὶν
862 5002 958 5054 οἰκεῖον.
969 5001 1026 5058 De·
1127 4999 1138 5036 ⁸
1169 4998 1208 5053 M.
1229 5015 1285 5053 om.
1305 4995 1461 5070 sequentia
1478 5012 1574 5068 usque
1593 4993 1631 5052 ad
1645 4998 1753 5068 ἀνάγειν.

278 5080 347 5137 inde
366 5087 533 5154 ...δαίμονος
552 5091 652 5148 καὶτῆς
666 5089 762 5162 ἀγαθῆς
776 5091 850 5159 τύχης
870 5111 969 5164 ...ριιν
985 5093 1026 5146 ού·
1127 5093 1150 5162 ⁹)
1168 5091 1208 5146 M.
1229 5091 1310 5142 ἔοικεν.

279 5175 318 5224 δέν
338 5179 391 5224 κτλ.
1117 5180 1151 5253 ¹⁰)
1170 5179 1207 5234 H.
1229 5181 1261 5239 ὡς
1282 5180 1310 5237 οἱ,
1333 5193 1389 5233 neo
1406 5175 1493 5232 male.

314 5260 338 5334 ⁴)
357 5262 398 5319 M·
416 5265 427 5316 ὅ
447 5261 523 5326 οὗτος.
1117 5270 1153 5344 ¹¹)
1171 5270 1208 5326 In
1223 5266 1359 5341 margine
1376 5265 1535 5324 scholium:
1548 5265 1589 5316 Ἐν
1605 5267 1639 5336 τῷ
1652 5267 1698 5318 ὑπὸ
1713 5266 1827 5332 σελήνην,

315 5349 339 5423 ⁵)
357 5352 395 5407 Η.
413 5351 434 5407 f.
454 5354 496 5409 98.
516 5355 555 5412 Μ.
575 5374 632 5413 om.
652 5361 684 5431 τῇ
704 5359 779 5422 τάξει.
1080 5359 1174 5433 οὐγὰρ
1195 5359 1242 5412 οίόν
1263 5379 1288 5412 τε
1308 5359 1368 5411 αύτό
1383 5361 1487 5430 φθαρτὸν
1502 5355 1535 5424 ὄν,
1553 5357 1576 5410 ἐν
1597 5356 1688 5426 οὐρανῷ
1707 5355 1827 5428 γενέσθαι,
