3978 6070
262 457 299 516 σο
673 443 743 522 See·
763 447 914 524 Ardiaei
931 455 962 523 et
979 455 1206 543 tyrannorum
1223 448 1403 544 supplicia.

262 627 286 692 f.
302 628 364 692 125
378 650 420 708 v.‚
431 627 543 693 eadem
555 627 688 692 lacuna:
704 623 883 714 ...ψυχῶνω
897 624 1048 716 ἐγένετο...
1063 624 1147 690 κατά
1159 624 1218 697 τήν
1232 618 1320 703 ἀξίαν
1334 625 1414 691 καί...
1428 619 1517 706 ἀξίαν
1532 628 1607 692 ἰέναι
1619 630 1812 718 τολμῶντος·

262 737 368 823 γελοῖ,
383 780 411 796 ..
434 731 566 821 λογικὴν
586 727 669 813 ζωήν
687 729 815 821 ἀψύχοις
833 731 1015 797 ἀκολουθεῖν
1032 732 1092 804 τήν
1109 732 1179 797 κατ’
1198 725 1287 810 ἀξίαν
1307 742 1370 797 τῶν
1395 733 1551 799 κολάσεων
1576 737 1810 827 ἀποπλήρωσιν.

263 835 358 906 Οὗτοι
382 831 410 904 δ’
435 835 487 906 ούν
510 851 722 930 παρεστῶτες,
748 847 787 916 ὡς
803 849 880 905 πᾶσι
898 853 1063 931 πανταχοῦ
1079 841 1242 932 παρόντες,
1259 841 1313 906 καί
1328 840 1388 915 τήν
1405 845 1525 908 ἑαυτῶν
1542 837 1630 921 τάξιν
1655 849 1710 910 ούκ
1734 849 1812 910 άπο-

261 948 438 1025 λειπόντες,
462 947 482 1020 ή
507 949 561 1012 καί
584 953 624 1024 ὡς
647 959 693 1033 τῷ
717 951 837 1037 στομίῳ
860 958 1070 1030 παρεστῶτες,
1094 947 1157 1015 οἷον
1182 955 1405 1041 ὑπουργοῦντες
1429 962 1499 1026 ταῖς
1523 954 1640 1016 ἐκείνου
1664 963 1812 1044 τιμωροῖς

223 1080 235 1118 ε
264 1060 407 1134 ἀπειλαῖς
432 1055 464 1144 (ή
482 1055 542 1147 γάρ
560 1061 690 1134 ἀπειλῆς
714 1050 871 1147 σύμύολον
889 1062 904 1120 ὁ
922 1057 1111 1147 μυκηθμὸς),
1128 1058 1182 1123 καί
1197 1065 1238 1135 εἰς
1255 1060 1345 1149 ἔργον
1362 1058 1556 1150 προάγοντες
1580 1059 1641 1132 τὴν
1666 1061 1810 1134 ἀπειλήν·

262 1172 302 1242 ὡς
326 1164 387 1258 γάρ
406 1165 534 1232 ἐπὶτῶν
552 1164 754 1257 ἀγαθουργῶν
772 1157 944 1253 δυνάμεων,
962 1175 994 1231 αἱ
1011 1167 1065 1255 μὲν
1085 1168 1232 1252 βουλήσει
1250 1167 1329 1254 μόνῃ
1347 1167 1497 1257 λέγονται
1515 1159 1599 1257 δρᾶν,
1617 1174 1648 1232 αἱ
1672 1159 1706 1233 δέ
1730 1171 1811 1234 ἀπο·

261 1276 433 1362 πληροῦσιν
448 1274 471 1357 1)
496 1272 553 1349 τάς
570 1275 695 1338 ἐκείνων
712 1265 906 1365 ἀγαθοειδεῖς
923 1276 1098 1358 βουλήσεις,
1116 1276 1213 1350 οὕτως
1230 1275 1281 1340 ἐπὶ
1304 1284 1366 1340 τῶν
1391 1285 1533 1364 τιμωρῶν
1558 1282 1590 1340 αἱ
1614 1276 1669 1364 μὲν
1694 1279 1810 1362 ἀπειλῇ

264 1371 358 1471 δρῶσι
381 1381 485 1469 μόνον,
510 1387 543 1444 αἱ
567 1373 600 1446 δὲ
616 1385 806 1470 ἐκπληροῦσι
822 1381 882 1452 τήν
900 1383 1043 1454 ἀπειλήν.
1060 1382 1121 1446 Καὶ
1136 1392 1230 1446 τοῦτο
1247 1373 1341 1454 δηλοῖ
1355 1382 1393 1446 τὸ
1410 1381 1567 1470 μυκᾶσθαι
1584 1383 1639 1472 μέν
1664 1387 1812 1448 ἀπειλοῦν

263 1491 302 1554 τὸ
328 1491 469 1579 στόμιον,
487 1501 692 1580 παρεστῶτας
710 1481 743 1554 δέ
760 1489 832 1565 τοὺς
850 1481 1013 1580 διαπύρους
1030 1491 1159 1566 τούτους
1177 1481 1289 1578 ἀνδρας
1305 1489 1380 1579 πρὸς
1396 1491 1433 1554 τὸ
1451 1488 1576 1581 φθέγμα
1599 1490 1659 1562 τήν
1684 1490 1813 1556 κόλασιν

209 1617 235 1654 ¹⁰
264 1599 404 1690 ἐπάγειν,
430 1598 574 1689 σύνθημα
590 1599 645 1663 τθν
671 1597 835 1687 μυκηθμὸν
860 1599 1061 1686 ποιουμένους
1085 1607 1147 1662 τῶν
1172 1595 1332 1660 κολάσεων
1350 1589 1453 1674 ἀξίων.
1478 1602 1620 1672 Ποιναῖος
1640 1591 1691 1662 οὖν
1716 1602 1732 1662 ὁ
1757 1622 1815 1687 μυ-

264 1704 394 1794 κηθμὸς,
420 1705 533 1778 ἀπειλή
552 1730 600 1781 τις
624 1701 665 1768 ῶν
684 1704 788 1794 μόνον,
804 1706 932 1770 ποιναία
948 1696 1052 1770 δὲκαὶ
1074 1710 1094 1778 ή
1113 1704 1234 1770 τούτων
1257 1705 1392 1779 ποίησις·
1416 1695 1526 1792 δρῶσιν
1550 1696 1576 1770 δ’
1601 1699 1652 1770 οὖν
1676 1707 1814 1794 ἑπόμενα

264 1822 311 1896 τῷ
335 1811 507 1902 φθέγματι·
535 1803 738 1889 διαλαθόντες
762 1812 840 1902 γάρ,
865 1812 991 1902 ἄγουσιν
1016 1821 1045 1877 οἱ
1069 1813 1123 1900 μὲν
1148 1812 1281 1894 ἀλλους,
1306 1817 1334 1876 οἱ
1358 1803 1392 1877 δὲ
1416 1811 1530 1889 ἄλλους
1560 1814 1667 1898 (τοῦτο
1691 1813 1751 1904 γάρ
1775 1815 1813 1878 τὀ

267 1913 438 2004 διαλαθεῖν,
456 1917 519 1984 οἷον
537 1911 755 2008 διανείμασθαι
777 1920 834 1997 τάς
850 1919 1018 2004 κολάσεις),
1035 1919 1156 1986 τούτων
1174 1912 1207 1985 δέ
1220 1929 1283 1984 τῶν
1300 1922 1370 2010 παρ’
1395 1913 1484 1997 ἀξίαν
1509 1913 1814 2012 ἀποδιδρασκόντων,

266 2030 319 2094 ἕνα
343 2029 397 2093 καὶ
416 2029 472 2094 τὸν
489 2020 646 2117 Ἀρδιαῖον
663 2029 740 2093 ὄντα
757 2029 897 2105 καὶτοὺς
914 2029 1016 2112 τούτῳ
1033 2030 1281 2118 παραπλησίους.
1298 2033 1425 2117 Πρῶτον
1439 2026 1465 2110 ²)
1483 2028 1538 2117 μέν
1563 2020 1815 2118 συμποδίζουσιν,

212 2153 239 2190 ¹⁵
266 2143 306 2213 ὡς
327 2137 407 2213 εἰκὸς
424 2133 474 2219 ήν,
491 2126 642 2226 φυγάδας,
659 2147 764 2228 χεῖρας
782 2140 883 2201 αὐτῶν
901 2137 954 2200 καὶ
969 2128 1067 2212 πόδας
1084 2137 1138 2202 καί
1161 2136 1301 2225 κεφαλήν
1319 2127 1507 2221 συνδέοντες,
1526 2135 1581 2201 τόν
1598 2160 1635 2202 τε
1650 2137 1745 2229 λόγον
1761 2137 1815 2202 καὶ

266 2245 321 2311 τθν
346 2245 442 2334 θυμὸν
467 2245 521 2310 καὶ
543 2244 603 2318 τήν
628 2244 804 2335 ἐπιθυμίαν,
829 2239 900 2323 ἀξια
923 2241 1029 2309 πάντα
1052 2255 1115 2309 τῶν
1139 2248 1206 2310 ἐκεῖ
1227 2235 1312 2309 δικαι

268 2463 292 2529 f.
319 2465 392 2544 126,
418 2464 531 2530 eadem
553 2463 685 2530 lacuna:
711 2468 743 2526 αἱ
765 2473 865 2552 χεῖρες
880 2468 920 2538 ὡς
938 2460 1137 2549 ἀμυντικαὶ...
1161 2465 1201 2536 ὡς
1217 2461 1364 2549 ἔσχατον.
1388 2459 1539 2548 Δεύτερον
1553 2461 1678 2551 ..γικὸς
1702 2461 1817 2528 οὑτωσί

268 2567 363 2657 μῦθος
386 2562 578 2635 καταύαλεῖν
594 2595 706 2638 ...σιν
722 2624 772 2640 ...
796 2572 833 2636 τὸ
858 2570 914 2658 μὲν
937 2563 1130 2635 καταύαλεῖν
1147 2561 1242 2642 δηλοῖ
1258 2570 1295 2634 τὸ
1312 2567 1371 2640 τήν
1389 2568 1531 2658 ἐσχάτην
1549 2572 1680 2660 ἔχοντας
1705 2569 1816 2646 αύτούς

268 2673 353 2757 ζωὴν
377 2669 527 2756 συντάξαι
550 2690 614 2754 τοῖς
638 2678 726 2743 κάτω
750 2679 803 2742 καί
827 2678 973 2768 ἐσχάτοις
996 2689 1052 2744 τοῦ
1070 2677 1197 2753 παντός’
1215 2678 1253 2741 τέ
1278 2669 1311 2742 δέ
1334 2670 1503 2767 ἐκδεῖραιέ)
1526 2679 1564 2742 τὸ
1587 2687 1651 2742 τῶν
1674 2679 1816 2768 χιτώνων

214 2815 241 2852 νο
268 2798 332 2852 τῶν
358 2795 523 2852 σκοτεινῶν
549 2786 602 2850 καὶ
625 2778 788 2877 ἐμύριθῶν,
807 2796 869 2850 τῶν
887 2791 922 2852 ἐκ
937 2797 996 2862 τῆς
1020 2787 1179 2877 γενέσεως,
1195 2788 1347 2875 περιελεῖν
1365 2785 1607 2876 ἐκκαθαίροντας
1632 2789 1733 2850 αὐτῶν
1756 2786 1817 2858 τήν

269 2895 348 2966 ὅλην
372 2887 454 2973 ζωήν
479 2892 541 2956 ἀπὸ
564 2895 627 2956 τῶν
650 2893 914 2982 προσπεφυκότων
939 2903 1054 2961 κακῶν.
1079 2897 1191 2984 Τρίτον
1215 2895 1330 2974 τοίνυν,
1355 2895 1392 2958 τ“ο
1416 2895 1517 2958 ἕλκειν
1540 2892 1626 2983 παρά
1651 2891 1711 2963 τὴν
1735 2885 1820 2973 ὁδὀν,

270 2993 309 3067 δι’
334 2998 371 3078 ἧς
394 3008 414 3076 ἡ
440 3003 550 3090 πορεία
573 3011 642 3075 ταῖς
673 2996 786 3089 ψυχαῖς
810 3001 861 3066 ἐπὶ
883 3002 921 3066 τέ
945 3001 1075 3090 στόμιον
1101 3003 1162 3066 ἀπὸ
1185 3012 1248 3066 τῶν
1273 3003 1331 3066 ὑπὸ
1355 3011 1414 3093 γῆς
1437 3002 1554 3083 τόπων,
1578 3005 1616 3066 τ“ο
1640 2993 1691 3065 διά
1715 3001 1818 3079 πάσης

271 3101 366 3182 δηλοῖ
386 3119 445 3185 τῆς
470 3111 661 3183 κολαστικῆς
685 3106 797 3184 αύτούς
820 3108 1037 3198 παραπέμπειν
1061 3109 1115 3173 καὶ
1138 3119 1341 3198 τιμωροῦτων
1370 3107 1476 3198 ψυχῶν
1508 3103 1606 3189 ζωῆς·
1632 3115 1651 3183 ή
1678 3109 1733 3198 μὲν
1758 3109 1818 3200 γάρ

271 3209 342 3294 ὁδὸς
365 3223 385 3291 ή
412 3215 595 3306 ύποχθόνιός
618 3219 702 3281 ἐστιν
727 3207 864 3306 περίοδος
896 3225 959 3281 τῶν
984 3215 1108 3306 ψυχῶν·
1133 3223 1152 3290 ἠ
1179 3209 1213 3281 δέ
1240 3215 1312 3306 παρ’
1339 3216 1437 3287 αὐτὴν
1462 3209 1543 3294 ἕλξις
1569 3215 1629 3282 τήν
1654 3220 1738 3282 οὔπω
1763 3217 1818 3306 μέν

216 3351 243 3388 ιε
272 3330 313 3401 εἰς
337 3323 438 3394 αὐτὴν
460 3324 610 3404 ήκουσαν,
633 3316 869 3412 γειτνιάζουσαν
895 3314 928 3387 δέ
953 3327 1032 3408 αὐτῇ
1061 3324 1210 3413 τιμωρίαν
1234 3325 1435 3413 παρίστησιν.
1460 3323 1503 3388 Τὸ
1526 3325 1679 3413 τέταρτον
1704 3318 1819 3390 οὖντὸ

265 3430 317 3498 ἐπ’
343 3429 534 3496 ἀσπαλάθων
565 3425 754 3516 κνάπτεινέ)
783 3429 867 3494 ἐστὶν
897 3431 935 3494 τὸ
967 3421 1146 3496 διεισδύνειν
1169 3432 1241 3496 ε’ίσω
1264 3441 1322 3506 τῆς
1346 3423 1427 3508 ζωῆς
1452 3435 1554 3496 αὐτῶν
1585 3429 1642 3507 τάς
1666 3429 1819 3523 τιμωρούς

272 3532 428 3628 δυνάμεις,
446 3530 635 3628 διαιρετικάς
651 3539 742 3614 ούσας
758 3538 812 3602 καί
827 3539 1043 3616 ἀποκοπτικάς
1056 3549 1118 3604 τῶν
1135 3543 1166 3604 ἐν
1184 3542 1264 3624 αὐτῇ
1283 3548 1462 3629 φαντασιῶν
1479 3539 1592 3603 ύλαίων
1609 3539 1663 3604 καὶ
1679 3533 1817 3629 ὀρέξεων·

272 3654 305 3712 αἱ
331 3647 391 3738 γάρ
423 3645 602 3712 ἀοπάλαθοι
631 3656 736 3736 φυτῶν
761 3653 819 3712 εἰσι
842 3647 929 3738 γένος
953 3638 1097 3736 δαίμοσιν
1129 3650 1287 3736 άνείμενον
1319 3639 1513 3725 ἀκανθῶδες·
1540 3639 1670 3721 δηλοῦσι
1701 3641 1740 3720 δή
1766 3644 1819 3715 σύν

272 3747 435 3841 δαιμονίας
459 3744 603 3842 δυνάμεις
627 3754 771 3844 ἀλόγους,
788 3753 835 3830 αἷς
852 3760 881 3819 οἱ
896 3745 1038 3843 διάπυροι
1053 3755 1209 3845 χρώμενοι
1226 3745 1382 3844 δαίμονες,
1398 3755 1618 3844 ἐναλλομέναις
1636 3760 1744 3833 αύταῒς
1766 3758 1821 3822 καί

217 3886 245 3924 so
273 3856 479 3944 αἱκιζούοαις,
503 3855 652 3940 ἐκόλαζον
676 3861 733 3938 τάς
758 3863 907 3939 τοιαύτας
939 3859 1040 3952 ψυχάς
1065 3855 1117 3928 διά
1141 3873 1205 3928 τῶν
1230 3861 1386 3951 σωμάτων
1410 3856 1452 3926 ὧν
1476 3865 1592 3952 ἔφερον,
1617 3865 1822 3940 άνυποίστους

273 3960 453 4062 ἀλγηδόνας
475 3969 646 4046 ποιούσαις.
663 3970 811 4057 Πέμπτον
828 3971 879 4036 ἐπὶ
895 3971 1028 4053 τούτοις,
1045 3972 1083 4036 τ“ο
1099 3982 1164 4048 τοῖς
1186 3979 1329 4060 παριοῦσι
1346 3970 1513 4060 κηρύττειν
1538 3977 1580 4035 ὼν
1603 3971 1695 4037 ἕνεκα
1718 3981 1822 4036 ταῦτα

274 4069 385 4168 δρῶσιν
410 4083 451 4154 εἰς
475 4078 603 4160 ἐκείνας,
627 4079 687 4150 τήν
711 4101 748 4142 τε
773 4089 834 4143 τῶν
860 4069 995 4168 δρόντων
1019 4072 1159 4169 ὕπαρξιν,
1183 4076 1315 4169 λογικήν
1339 4071 1433 4142 οὖσαν
1458 4081 1478 4142 ά

274 4293 299 4359 f.
325 4295 388 4359 126
412 4309 454 4372 ν.·,
479 4294 514 4358 in
535 4294 653 4361 lacuna
677 4298 697 4360 4
722 4317 822 4363 vers:
849 4296 949 4360 ...οῦ
973 4292 1034 4383 γάρ
1057 4303 1149 4358 ποπῶ
1164 4347 1170 4360 .
1185 4345 1216 4361 ..
1239 4293 1299 4366 τήν
1324 4293 1486 4366 αὐτήν...
1511 4293 1609 4370 ἄλλοις
1640 4289 1741 4384 ψυχάς
1769 4284 1820 4358 διὰ

274 4410 393 4470 τῶν...
416 4401 582 4491 παριόντες
598 4403 672 4468 εἰσίν
693 4409 738 4471 οἱ.
751 4457 776 4471 ..
800 4403 968 4492 τιμωρίων.
985 4403 1104 4469 Ἕκτον
1122 4403 1289 4488 ἐπίπο[νον]
1309 4413 1373 4467 τῶν
1389 4408 1495 4466 κακῶν
1511 4403 1611 4483 τέλος,
1629 4403 1679 4467 ὅτι
1696 4401 1822 4495 ἄγοιντο

219 4535 247 4573 ει
274 4507 345 4599 παρ’
363 4513 466 4574 αὑτῶν
483 4509 565 4598 μετά
582 4509 639 4588 τάς
657 4509 857 4588 ἀσπαλάθους
871 4511 922 4576 ἐπὶ
933 4513 988 4576 τὸν
1006 4510 1179 4603 Τάρταρον,
1195 4511 1306 4586 τὸτῆς
1323 4511 1431 4586 τίσεως
1449 4501 1672 4600 δεσμωτήριον,
1689 4515 1822 4602 ἐναργῶς

312 4742 335 4816 ¹)
353 4741 488 4798 Primum
507 4742 651 4815 scriptum
670 4747 868 4816 ἀποπληροῦσαι,
882 4759 918 4799 ac
935 4743 1025 4818 paulo
1077 4750 1150 4816 μαῒσς
1170 4746 1319 4819 ἐξηγήσατο·
1333 4747 1461 4815 σημαίνειν
1476 4751 1534 4817 γὰρ,
1550 4749 1619 4816 φησὶ,
1632 4745 1678 4801 τήν
1698 4745 1823 4816 ἀφαίρεσιν

275 4837 345 4906 post
363 4836 502 4906 ἀγαθοειδεῒ
522 4833 636 4898 βουλήσει
651 4833 739 4890 male.
1077 4839 1137 4904 πρός
1155 4835 1201 4892 τήν
1218 4837 1319 4888 κόλασιν
1332 4832 1465 4905 ἑμποδίων·
1479 4837 1502 4886 σί
1515 4841 1563 4908 γὰρ
1578 4835 1691 4905 δέρματα
1709 4833 1824 4905 άφαερεύ·

311 4922 335 4996 ²)
352 4922 389 4978 In
407 4921 556 4995 margine:
571 4924 635 4976 λύτό
649 4927 675 4976 δὲ
690 4928 716 4977 τὸ
736 4925 889 4994 ουμποδίσαι
908 4925 1025 4996 σημαίνει
1077 4944 1153 4994 μενοι,
1173 4929 1269 4994 μᾶλλον
1289 4927 1487 4976 συναισθάνσνται
1505 4927 1554 4976 τῶν
1574 4923 1658 4984 ἔξωθεν
1677 4923 1790 4995 πληγῶν.

275 5017 303 5066 τό
324 5017 372 5066 τῶν
392 5015 487 5066 οἰκείων
501 5012 625 5088 ἐνεργειῶν
639 5013 747 5084 ἐπισχεῖν
764 5021 807 5069 καὶ
821 5017 852 5076 ὡς
866 5015 1024 5086 ε”τεροκίνητα
1112 5015 1135 5087 ⁴)
1154 5013 1239 5069 Alias
1254 5017 1400 5084 κνάμπτειν.
1413 5011 1562 5069 Emendat
1574 5029 1665 5084 supra.
1675 5029 1703 5085 p.
1717 5011 1760 5077 12,
1780 5011 1822 5082 24,

276 5105 353 5175 ἄγειν·
1077 5123 1116 5161 ex
1133 5109 1236 5161 vetere
1255 5103 1404 5161 atticismo
1416 5121 1470 5177 pro
1486 5089 1634 5177 γνάμπὲειν,
1653 5101 1699 5158 uti
1718 5107 1749 5158 et
1767 5106 1823 5154 νινε·-

312 5193 337 5267 3)
347 5193 443 5267 Supra
455 5193 506 5250 lin.
522 5195 556 5262 οὐ,
571 5195 656 5252 deest
670 5195 789 5267 signum
801 5196 963 5269 respiciens
976 5212 1025 5250 no-
1078 5215 1146 5248 πτειν
1160 5193 1251 5251 attice
1262 5212 1317 5267 pro
1329 5199 1456 5268 γνάπτιιν.
1470 5193 1629 5249 Osetemm
1640 5197 1780 5248 neutrum
1792 5187 1822 5246 in

276 5287 339 5338 tem
357 5281 388 5339 in
406 5281 557 5355 margine:
576 5288 654 5338 Τοῦτο
669 5289 752 5348 καλῶς
772 5288 783 5338 ὁ
798 5289 929 5358 φιλόσοφος
950 5287 962 5338 ῖ
982 5289 1025 5336 Tu·
1077 5283 1124 5340 his
1144 5284 1218 5342 locis
1239 5284 1386 5341 absonum
1404 5291 1460 5342 est.
