3940 6072
257 530 311 600 3'14
772 527 961 628 Dionysius
989 525 1286 612 Halicarnasseus.

257 717 412 798 πειρᾶται·
437 704 543 798 ῥυθμῷ
568 698 601 772 δέ
624 705 715 786 πάνυ,
740 709 792 772 καί
816 712 850 774 οὐ
874 709 953 774 πολὺ
979 709 1129 797 ἀπέχοντι
1153 720 1207 774 τοῦ
1231 719 1396 782 ποιητικοῦ
1421 709 1544 800 μέτρου.
1565 707 1659 775 Ὅθεν
1685 702 1723 782 δή
1750 711 1805 776 καὶ

257 819 425 892 πλείστους
451 809 589 905 ἰάμόους,
613 822 686 904 παρ’
713 820 797 901 αὐτῷ
822 842 857 883 τε
881 819 934 882 καί
958 817 1148 907 Δημοσθένει
1173 809 1276 910 ῥᾴδιον
1303 823 1409 909 εὑρεῖν.

301 923 402 988 Πάλιν
429 913 462 987 δὲ
484 923 553 1013 περί
576 933 634 1000 τῆς
658 924 730 989 ἄνευ
755 925 870 1016 μέτρου
893 919 1015 1010 λέξεως,
1040 936 1098 1002 τῆς
1122 929 1233 1012 ὁμοίως
1250 929 1338 1009 καλῷ
1354 925 1521 1014 ποιήματι,
1544 929 1644 1019 λέγων
1668 931 1684 990 ό
1709 928 1804 1003 αότός

257 1029 412 1106 Διονόσιος
437 1021 496 1094 ὧδέ
520 1055 579 1095 που
604 1029 697 1120 φησίν
722 1037 753 1096 ἐν
778 1042 823 1115 τῷ
848 1033 920 1122 Περὶ
944 1032 1110 1108 συνθέσεως
1136 1033 1308 1122 ὀνομάτων·

301 1153 346 1214 ÷
370 1139 573 1228 Δημοσθένην
598 1138 658 1231 γάρ
683 1146 713 1206 ἐν
737 1153 802 1217 τοῖς
827 1140 967 1230 μάλιστα
990 1142 1095 1230 οἴομαι
1116 1141 1175 1213 τήν
1192 1140 1362 1214 ποιητικήν
1379 1141 1579 1232 έκμέμαχθαι
1604 1142 1723 1232 φράσιν.
1748 1146 1804 1219 Τίς

257 1245 317 1338 γάρ
343 1251 401 1338 οόχ
425 1247 461 1312 άν
486 1250 707 1341 ὁμολογήσειε,
723 1261 787 1324 τοῖς
804 1251 982 1339 κρατίστοις
1000 1249 1131 1316 ἑοικέναι
1150 1252 1303 1337 ποιήμασί
1319 1275 1355 1316 τε
1372 1251 1425 1316 καί
1449 1251 1558 1341 μέλεσι
1582 1251 1652 1327 τοὺς
1676 1260 1805 1340 Δημοσ-

259 1356 395 1432 θενικοός
419 1357 542 1448 λόγους,
566 1358 620 1421 καί
645 1357 786 1446 μάλιστα
809 1357 866 1434 τάς
890 1382 926 1422 τε
949 1356 1034 1424 κατά
1050 1361 1209 1424 Φιλίππου
1226 1349 1432 1452 δημηγορίας,
1456 1358 1600 1436 καὶτοὺς
1626 1351 1805 1434 δικανικοὺς

259 1470 380 1558 ἀγῶνας
398 1464 469 1542 τοὺς
487 1457 672 1554 δημοσίουςς
690 1457 798 1531 ένθαδε
814 1465 868 1530 καί
893 1468 929 1532 τό
954 1469 1114 1556 προοίμιον
1138 1467 1175 1533 τό
1193 1467 1277 1532 κατά
1302 1465 1563 1558 Ἀριστοκράτους
1587 1466 1744 1557 παραθείς,
1770 1473 1807 1532 ἑκ

258 1576 384 1636 πολλῶν
399 1575 483 1654 αὐτῷ
497 1573 683 1636 συνεστάναι
701 1573 821 1662 μέτρων
840 1577 1072 1638 άναπαιστικῶν
1086 1599 1121 1639 τε
1138 1574 1192 1638 καί
1209 1579 1377 1666 έλεγιακῶν
1395 1566 1557 1638 δείκνυσιν.
1572 1589 1616 1649 -ζἡ
1633 1575 1692 1640 Καὶ
1708 1575 1805 1639 πάλιν

261 1687 329 1769 μετ’
348 1683 454 1771 ὀλίγου
472 1683 574 1769 φησίν·
599 1695 642 1756 ÷
665 1681 811 1770 Ἀπαχρή
831 1680 891 1771 γάρ
909 1681 967 1752 τήν
991 1682 1159 1755 πολιτικήν
1182 1676 1264 1760 λέξιν
1289 1681 1437 1773 εὔρυθμον
1463 1676 1540 1746 εἶναι
1564 1682 1616 1746 καί
1639 1685 1806 1773 ἔμμετρον,

260 1789 341 1852 οὕτω
365 1788 423 1880 γάρ
448 1788 484 1853 ἂν
508 1789 554 1860 είη
579 1787 729 1860 ποιητική
756 1790 820 1879 μὲν,
847 1793 880 1854 οὐ
905 1789 961 1877 μέν
984 1792 1107 1878 ποίημα
1131 1790 1185 1854 καί
1208 1792 1350 1880 ἐμμελὲς,
1375 1794 1408 1856 οὺ
1434 1791 1526 1880 μέλος
1551 1783 1584 1855 δέ
1600 1788 1633 1873 “),
1660 1805 1704 1865 ÷

307 1897 384 1962 ’Ἔτι
407 1922 444 1988 γε
468 1896 530 1987 μήν
555 1901 585 1963 ἐν
610 1907 654 1980 τῷ
679 1897 751 1987 Περὶ
776 1898 934 1987 μιμήσεως
959 1899 1085 1973 ὀαότός
1109 1921 1218 1986 φησιν·
1242 1912 1286 1972 -ζ-
1304 1896 1379 1962 ’Ότι
1402 1899 1531 1988 Γοργίας
1556 1897 1610 1987 μὲν
1635 1893 1693 1968 τήν
1710 1919 1807 1968 ποιη-

259 2005 351 2077 τικήν
371 2009 536 2096 ἑρμηνείαν
562 2007 749 2097 μετήνεγκεν
774 2010 815 2080 είς
839 2005 951 2096 λόγους
974 2006 1164 2080 πολιτικοὺς,
1190 2009 1245 2070 οὐκ
1269 1999 1361 2084 ἀξιῶν
1386 2007 1491 2096 ὅμοιον
1516 2008 1570 2070 τόν
1596 2008 1712 2098 ῥήτορα
1739 2018 1806 2082 τοῖς

260 2107 397 2191 ἰδιώταις
424 2109 509 2179 εἶναι.
534 2117 647 2190 Λυσίας
672 2107 705 2181 δέ
728 2117 909 2180 τούναντίον
927 2117 1061 2187 Ιεποίησε·
1078 2114 1137 2190 τήν
1155 2114 1214 2206 γάρ
1239 2113 1370 2205 φανεράν
1396 2114 1493 2178 ἅπασι
1516 2115 1570 2178 καὶ
1593 2117 1805 2204 τετριμμένην

259 2217 342 2302 λέξιν
367 2217 518 2302 ἐζήλωσε·
543 2226 676 2315 ἔγγιστα
701 2216 832 2314 νομίζων
859 2217 935 2287 εἶναι
951 2233 1005 2287 τοῦ
1022 2233 1125 2288 πεῖσαι
1141 2225 1195 2288 τόν
1215 2214 1342 2295 ἰδιώτην
1366 2223 1403 2286 τό
1424 2223 1525 2288 κοινόν
1550 2233 1607 2298 τῆς
1624 2225 1805 2310 ὀνομασίας,

259 2331 313 2396 καί
337 2331 464 2420 ἀφελές·
488 2333 605 2404 ήκιστα
629 2331 689 2422 γάρ
715 2332 750 2396 ἄν
775 2357 822 2407 τις
840 2332 920 2422 εὕροι
936 2333 990 2396 τὸν
1008 2333 1121 2396 Λυσίαν
1139 2342 1271 2421 τροπικῇ
1297 2331 1351 2395 καί
1375 2341 1568 2421 μεταρορικῇ
1585 2325 1668 2408 λέξει
1688 2353 1807 2420 κεχρη-

263 2439 364 2528 μένον,
390 2438 489 2528 σεμνά
508 2430 545 2510 δή
564 2439 616 2503 καί
632 2439 764 2530 περιττά
781 2439 834 2504 καί
852 2439 976 2530 μεγάλα
993 2438 1152 2528 φαίνεσθαι
1169 2439 1210 2503 τά
1225 2439 1400 2529 πράγματα
1419 2447 1512 2514 ποιεῖ,
1529 2449 1594 2512 τοῖς
1609 2437 1807 2514 κοινοτάτοις

262 2545 393 2636 ὀνόμασι
417 2547 576 2638 χρώμενος
600 2548 654 2611 καὶ
676 2557 844 2623 ποιητικῆς
869 2553 926 2637 οὐχ
950 2549 1124 2636 ἁπτόμενος
1148 2557 1353 2622 κατασκευῆς.
1379 2560 1423 2622 -ζ-

304 2654 381 2720 ’Έτι
404 2680 442 2746 γε
467 2655 528 2745 μήν
553 2661 569 2719 ὀ
594 2655 685 2730 αότός
710 2661 741 2720 ἑν
765 2666 810 2738 τῷ
836 2659 919 2739 αὐτῷ
945 2647 1055 2739 βιόλίῳ
1080 2656 1117 2719 τό
1138 2645 1246 2718 δοκοῦν
1271 2644 1515 2726 ἀνεπιτήδευτον
1538 2648 1624 2731 εἶναι,
1650 2656 1805 2726 ἀποίητον

261 2757 417 2851 ὀνομάζει,
442 2763 495 2828 καί
518 2759 598 2826 πολὺ
623 2761 751 2826 κάλλιον
775 2760 813 2838 ήν
831 2763 927 2838 οὕτως
946 2761 1097 2850 ὀνομάσαι
1114 2763 1150 2826 τό
1169 2753 1422 2840 άνεπιτήδευτον,
1438 2765 1520 2850 εἴπερ
1537 2772 1631 2826 τοῦτο
1655 2755 1806 2826 ἐόοόλετο

261 2863 403 2944 δηλῶσαι
426 2869 445 2942 ή
471 2876 510 2945 ὡς
535 2872 569 2933 οὐ
594 2870 770 2954 ποιητικόν,
794 2869 904 2960 ἐπάγει
927 2868 986 2960 γάρ
1004 2870 1057 2934 καί
1073 2861 1150 2934 τάδε
1165 2869 1236 2960 περί
1251 2872 1375 2935 Λυσίου·
1392 2861 1479 2934 δοκεῖ
1498 2863 1557 2962 γάρ
1583 2870 1735 2944 ἀποίητός
1757 2895 1802 2944 τις

260 2975 337 3046 εἶναι
360 2979 413 3044 καί
436 2980 657 3068 ἀτεχνίτευτος
682 2983 697 3042 ὀ
722 2988 779 3052 τῆς
802 2980 966 3068 ἑρμηνείας
991 2981 1085 3042 αὐτοῦ
1103 2979 1278 3068 χαρακτήρ·
1295 2977 1349 3042 καὶ
1364 2980 1493 3054 πολλοῖς
1510 2979 1545 3042 ἂν
1563 2977 1616 3042 καὶ
1635 2987 1698 3043 τῶν
1716 2983 1801 3067 φιλο-

259 3089 362 3178 λόγων
386 3086 543 3177 παράσχοι
559 3078 662 3165 δόξαν,
681 3088 731 3150 ότι
747 3077 991 3160 άνεπιτεδεότως
1008 3083 1062 3149 καί
1079 3090 1113 3149 οῦ
1137 3084 1221 3149 κατά
1245 3086 1371 3174 τέχνην,
1386 3084 1570 3172 αὐτομάτως
1595 3075 1628 3147 δέ
1650 3107 1725 3158 πως,
1750 3083 1803 3146 καί

259 3202 298 3273 ὡς
315 3199 419 3286 ἔτυχε,
433 3198 641 3287 συγκείσεται
655 3197 722 3261 ἔστι
740 3187 772 3259 δὲ
787 3196 903 3270 παντὸς
921 3195 1011 3285 ἔργου
1030 3197 1151 3282 μᾶλλον
1167 3204 1310 3282 τεχνικοῦ
1327 3191 1618 3280 κατεσκευασμένος
1630 3192 1804 3262 πεποίηται

257 3302 317 3396 γάρ
342 3305 437 3368 αὑτοῦ
461 3305 498 3367 τό
523 3304 686 3383 ἀποίητον,
711 3303 765 3367 καί
788 3293 914 3367 δέδεται
936 3303 974 3367 τό
997 3303 1179 3393 λεγόμενον,
1204 3301 1258 3364 καὶ
1282 3305 1312 3365 ἐν
1338 3303 1422 3384 αὐτῷ
1446 3309 1491 3383 τῷ
1508 3299 1552 3388 μή
1571 3291 1670 3364 δοκεῖν
1696 3290 1803 3373 δεινῶς

259 3408 524 3495 κατασκεύασθαι,
550 3410 587 3474 τό
612 3402 710 3476 δεινόν
734 3413 810 3500 ἔχει.

299 3751 320 3825 ¹)
339 3752 375 3808 In
393 3747 571 3822 fragmentis
598 3747 735 3820 Longino
760 3746 898 3821 ascriptis
922 3747 1004 3818 (edit.
1059 3767 1086 3821 p.
1105 3749 1159 3805 833
1178 3765 1240 3822 sqq,
1259 3749 1361 3805 Rhett
1381 3747 1496 3804 Walzii.
1516 3749 1561 3804 De
1583 3746 1684 3805 latinis
1711 3753 1805 3805 eto),

261 3841 294 3898 Ε.
313 3844 414 3914 Egger
432 3859 459 3913 p.
479 3841 525 3912 66)
545 3840 699 3910 eleganter
717 3838 922 3895 rescribuntur
940 3857 1006 3895 ver·
1059 3840 1155 3896 Multa
1172 3857 1228 3896 nos
1247 3838 1349 3895 endem
1369 3837 1406 3893 dc
1424 3856 1457 3894 re
1478 3837 1626 3910 persecuti
1649 3855 1753 3894 smnus
1772 3837 1805 3893 in

261 3949 314 3990 sus
326 3931 436 3988 heroici
449 3929 499 4002 qui
513 3928 774 4002 deprehenduntnr
791 3927 870 4001 apud
882 3928 1007 3990 Demos·
1060 3928 1175 3985 ecdicos
1186 3927 1355 3999 Vationnos,
1365 3926 1565 3982 frustraneum
1578 3944 1660 3999 spem
1672 3924 1806 3981 nntrien-

261 4020 381 4077 thenem
401 4019 449 4075 Ad
461 4019 536 4074 hacc
554 4017 588 4072 E.
606 4017 708 4089 Egger
720 4036 748 4090 p.
763 4018 815 4074 143
829 4017 939 4073 diserto
958 4033 1008 4072 no·
1059 4025 1105 4075 tes
1123 4019 1188 4075 fore
1200 4024 1235 4074 nt
1247 4017 1431 4073 melodorum
1443 4016 1677 4090 Byzantinornm
1689 4015 1804 4072 metho-

260 4109 351 4166 tavit:
365 4129 382 4163 ιι
393 4109 437 4164 De
457 4107 559 4163 metris
578 4107 610 4162 in
629 4107 762 4164 oratione
774 4107 907 4180 pedestri
920 4109 1005 4179 plura
1058 4107 1114 4165 dus
1127 4108 1258 4176 metrico,
1274 4105 1383 4164 alicubi
1395 4107 1501 4178 letone,
1514 4107 1634 4163 tandem
1645 4123 1660 4162 e
1671 4105 1804 4162 tenebris

260 4200 374 4256 dabunt
392 4198 562 4255 Demetrius
582 4198 810 4270 Alexandrinus,
831 4197 867 4254 de
886 4199 1005 4255 Elocut.
1058 4202 1233 4269 erumperet.
1252 4198 1385 4268 Excepto
1406 4193 1494 4251 unico
1519 4201 1550 4252 et
1574 4193 1659 4252 brevi
1678 4193 1794 4252 scholio

260 4287 279 4364 ξ
291 4289 341 4345 181
356 4306 416 4360 sqq.
431 4287 524 4344 Schol.
536 4286 676 4362 anonymi
687 4287 718 4344 in
730 4287 911 4361 Hermogen.
925 4295 945 4349 t.
958 4305 1005 4348 vn
1056 4287 1130 4344 nihil
1151 4287 1296 4360 expiscari
1315 4285 1448 4357 contigit.
