4022 6072
778 529 918 629 Moyses
936 527 979 610 dc
1000 530 1152 610 Graecia

192 707 390 786 explicatione
409 709 585 780 sententiae,
605 709 659 767 sed
677 709 861 767 recreatione
881 709 939 783 spi-

192 801 268 856 ritus
286 817 346 858 vox
364 817 525 873 parumper
543 797 690 870 subsistit,
709 804 744 856 ut
755 797 777 870 ¹)

227 927 386 984 Sustinetis
404 927 482 982 caim
499 927 606 999 siquis
622 927 753 996 devorat,
767 926 794 983 si
811 926 878 998 quic
897 941 942 980 co·

193 1018 271 1088 cipit,
290 1033 387 1086 usque
406 1015 477 1072 dum
497 1015 585 1072 dicit:
597 1017 631 1074 Si
643 1018 710 1089 quie
724 1015 876 1088 infaciem
889 1030 941 1071 vce
997 1071 1003 1084 ,

194 1107 298 1163 caedit.

230 1250 352 1307 Comma
369 1265 442 1307 vero
460 1250 510 1306 vel
529 1253 604 1308 tome
623 1267 715 1308 sensu
733 1248 854 1322 quidem
871 1250 944 1304 sunt

194 1339 305 1412 eadem,
325 1340 380 1396 sed
398 1357 472 1397 voce
486 1339 635 1412 differunt,
653 1340 737 1396 velut
756 1355 794 1395 ex
814 1337 942 1396 diversis

194 1426 295 1484 verbis
321 1427 459 1484 derivata
484 1427 733 1499 significantibus.
757 1428 834 1482 Nam
861 1429 943 1496 copto

193 1519 317 1592 (κόπτειν)
332 1518 396 1576 slve
409 1523 503 1577 temne
513 1520 632 1593 (τέμνειν)
645 1518 769 1575 caedere
782 1516 942 1589 Significat.

194 1610 243 1667 Sic
262 1608 355 1682 igitur
373 1609 434 1666 ista
446 1610 505 1666 duc
524 1615 631 1667 sonent
643 1609 730 1682 idem,
743 1615 778 1666 ut
789 1609 869 1682 apud
887 1625 942 1666 noe

195 1696 305 1770 divido,
324 1698 390 1755 sivo
409 1716 522 1772 separo.

430 1881 609 1939 Osrmunurr
628 1882 709 1940 XVI.

231 2063 309 2120 Item
327 2064 407 2136 quod
421 2068 490 2121 ante
503 2063 686 2122 Hieremiam
696 2065 721 2139 ²)
741 2061 849 2120 dicitur
868 2061 944 2118 «cui

195 2154 244 2210 bic
261 2153 403 2226 prologus
422 2153 597 2224 scribitur»,
617 2153 696 2210 unde
722 2153 837 2210 dicatur
861 2156 944 2224 tepea

195 2243 298 2316 (λέγειν)
312 2259 418 2316 graece
430 2241 528 2299 dicere
542 2241 659 2298 dicitur.
674 2241 878 2315 Compositum
896 2257 945 2297 ve·

194 2350 229 2390 rc
248 2351 316 2390 cnm
337 2350 396 2404 pro
415 2349 523 2405 graeca
547 2332 776 2406 praepositione,
791 2333 944 2405 prolepsin

196 2424 351 2497 (προλέγειν)
359 2423 439 2496 quod
449 2422 634 2496 praedicere3
646 2423 682 2479 de
692 2440 750 2497 quo
761 2426 842 2496 loyce
855 2420 944 2478 trahi·

195 2519 253 2584 tur,
266 2513 297 2569 id
316 2520 363 2571 est
381 2531 480 2570 sermo
498 2513 547 2571 vel
565 2514 653 2585 ratio,
674 2516 739 2571 sive
760 2512 943 2587 computatio

197 2602 342 2676 cujusque
361 2603 413 2660 rei.
431 2603 519 2661 Unde
538 2603 644 2676 graece
657 2603 767 2661 dicitur
779 2606 859 2676 lepos
874 2619 944 2674 pro

194 2694 314 2765 scriem,
328 2693 380 2766 qui
394 2711 447 2766 per
464 2694 524 2750 oris
536 2694 732 2767 prolationem
745 2694 792 2766 fit;
813 2693 878 2750 sive
897 2710 945 2750 en·

196 2783 349 2854 diatbetos,
370 2781 400 2838 id
419 2789 467 2840 eet
485 2783 537 2854 qui
554 2784 590 2839 fit
602 2799 638 2840 en
650 2785 784 2856 dictitent,
797 2782 893 2854 idest,
913 2783 944 2838 iu

198 2868 392 2942 dispositione
410 2871 527 2941 mentis,
548 2889 637 2944 quam
659 2871 777 2946 proprie
796 2871 943 2928 rationem

196 2976 347 3016 vocamus.
367 2959 475 3016 Differt
485 2965 585 3017 autem
595 2965 741 3034 prologus
754 2966 785 3017 et
803 2963 944 3035 epilogus.

196 3048 272 3104 Nam
291 3047 433 3120 prologus
456 3055 503 3105 est
526 3049 606 3121 quod
627 3049 843 3122 praemittitur,
864 3049 945 3123 quod

200 3135 296 3194 nostri
314 3137 390 3195 bene
408 3127 624 3212 praefationem
644 3139 694 3195 rel
713 3139 945 3212 praedictionem

200 3227 298 3284 dicere
316 3235 487 3300 sueverunt,
500 3229 530 3286 in
543 3247 602 3301 quo
615 3229 747 3286 breviter
762 3230 886 3286 dicenda
898 3250 948 3287 no·

198 3323 310 3374 tantur.
323 3321 468 3392 Epilogus
480 3337 551 3377 vero
561 3319 592 3376 in
601 3338 660 3392 quo
671 3318 778 3378 diffuse
790 3321 945 3395 praedicta

198 3407 332 3464 breviter
350 3414 565 3465 memorantur:
585 3409 673 3482 quale
692 3415 740 3467 est
761 3411 946 3468 Deuterono-

197 3495 291 3552 mium
313 3497 441 3570 Moysis,
460 3499 561 3557 brevis
580 3500 822 3557 commemoratio
841 3517 945 3558 eorum

197 3588 248 3660 qui
267 3588 329 3646 late
349 3589 535 3662 sparsimque
554 3589 667 3647 tradita
685 3591 813 3648 fuerant.

422 3771 602 3830 Cerrrmnn
620 3771 719 3832 XVII.

233 3951 310 4009 Item
330 3952 410 4026 quod
435 3951 466 4009 in
491 3953 616 4027 prologo
639 3954 749 4012 dicitur
772 3955 911 4013 Ezechiel
923 3955 946 4030 ³)

1686 533 1738 603 131

992 709 1174 784 proprietate
1184 709 1306 782 linguae
1317 708 1479 768 descendet
1487 709 1586 767 nescio
1595 709 1627 784 ⁵).
1641 711 1741 767 Etiam

993 819 1052 857 nou
1070 801 1101 858 in
1119 801 1195 858 libro
1213 800 1328 873 quovis,
1346 800 1449 858 necin
1468 803 1588 873 loquela
1606 801 1742 874 quelibet

994 908 1042 946 me
1060 891 1172 963 legisse
1191 891 1241 948 vel
1264 890 1386 948 audisse
1409 890 1586 964 quandoque
1609 891 1739 964 memini,

994 983 1044 1039 rel
1064 981 1173 1054 quibus
1191 981 1222 1038 in
1242 1000 1300 1038 usu
1317 981 1418 1052 fuerit,
1436 980 1496 1038 uisi
1516 982 1595 1038 forte
1614 985 1741 1040 scaettas

995 1070 1213 1143 increpationes
1233 1089 1339 1128 senum
1357 1069 1485 1127 velimus
1498 1069 1678 1142 intelligere.
1691 1071 1741 1128 Se·

995 1181 1050 1220 nes
1071 1162 1148 1220 enim
1168 1168 1198 1218 et
1217 1161 1420 1218 iracundiores
1433 1168 1505 1219 eunt
1517 1167 1548 1219 et
1560 1160 1744 1218 maledictio·

997 1251 1084 1308 nibus
1103 1251 1148 1308 uti
1167 1252 1267 1308 solent
1283 1251 1466 1323 frequenter.

1211 1430 1392 1488 Osrrruauu
1414 1431 1529 1488 XVIII.

1033 1607 1179 1681 Quodque
1198 1606 1308 1666 dicitur
1327 1608 1358 1666 iu
1369 1609 1492 1684 prologo
1505 1609 1615 1666 Daniel
1624 1611 1646 1684 6)
1662 1613 1743 1684 peri·

996 1717 1096 1773 copon.
1115 1701 1171 1757 boc
1191 1705 1239 1757 est
1257 1703 1341 1772 copto
1361 1718 1468 1773 graece
1486 1701 1611 1758 verbum
1634 1707 1694 1775 ost,
1712 1701 1745 1758 id

997 1799 1045 1849 est
1058 1790 1144 1863 cedo;
1155 1795 1224 1864 peri
1234 1809 1305 1848 vero
1318 1792 1498 1866 praepositio
1512 1798 1560 1850 est
1573 1793 1745 1866 significans

996 1897 1051 1938 con
1069 1881 1118 1937 vel
1136 1883 1221 1952 ictor,
1240 1880 1409 1955 diciturque
1420 1884 1590 1954 perinent03
1609 1881 1679 1938 hinc
1693 1900 1746 1954 pc·

995 1974 1095 2042 ricope
1112 1969 1143 2026 id
1161 1976 1208 2028 est
1231 1970 1385 2027 connectio
1408 1969 1488 2028 inter
1512 1971 1693 2028 sententiam
1712 1978 1744 2029 et

997 2060 1184 2130 seutentiam,
1199 2067 1234 2117 ut
1246 2061 1384 2134 singulae
1401 2063 1538 2133 pericope
1551 2061 1672 2135 singula
1685 2060 1747 2118 sint

986 2151 1139 2226 capitula.

1230 2334 1410 2393 Onrmunun
1428 2335 1514 2393 XIX.

1032 2513 1110 2570 Item
1130 2515 1225 2586 cripte
1244 2513 1324 2587 qnod
1342 2513 1488 2587 sequitur,
1505 2515 1563 2571 boc
1575 2519 1623 2572 est
1641 2516 1746 2587 crypta

998 2601 1048 2657 vel
1066 2603 1170 2676 erpho,
1191 2601 1373 2658 abscondere
1395 2619 1504 2674 graece
1527 2601 1650 2672 dicitur;
1676 2601 1746 2660 inde

998 2695 1115 2764 criptura
1132 2692 1164 2748 id
1183 2698 1239 2760 est,
1256 2691 1475 2764 absconditum,
1489 2697 1520 2750 et
1532 2695 1632 2765 cripta
1650 2691 1681 2748 id
1700 2698 1748 2750 est

997 2779 1182 2850 abscondita,
1196 2787 1404 2855 camerataque
1419 2780 1525 2839 domus
1537 2781 1593 2839 eub
1606 2787 1697 2838 terra.

1241 2960 1422 3018 cnnronnn
1440 2959 1513 3036 XX,

1034 3140 1119 3207 Quod
1131 3158 1202 3198 vero
1214 3141 1350 3216 sequitur
1362 3161 1379 3194 e
1387 3143 1603 3215 ctyrnclcpice»
1615 3141 1673 3198 hoo
1685 3145 1748 3199 est:

999 3234 1117 3302 etymon
1129 3247 1237 3302 graece
1250 3228 1360 3286 dicitur
1373 3229 1537 3303 penultima
1548 3229 1665 3303 syllaba
1677 3229 1749 3286 ecri-

998 3327 1051 3394 pta
1069 3337 1122 3394 per
1141 3318 1325 3377 ubifurcum.
1338 3320 1395 3376 Est
1408 3338 1480 3393 ergo
1494 3324 1610 3396 etymon
1626 3337 1749 3393 verum3

999 3411 1079 3482 topos
1099 3425 1179 3480 vero,
1200 3407 1280 3466 sicut
1299 3409 1412 3466 dictum
1432 3415 1485 3480 est,
1506 3425 1604 3465 sermo
1630 3407 1749 3480 dicitur,

998 3499 1078 3555 Hinc
1089 3503 1266 3576 etymoquos
1275 3500 1466 3572 veriloquum
1480 3517 1552 3556 vere
1571 3497 1681 3556 dicitur
1691 3502 1750 3576 ety-

998 3593 1135 3663 moicpic,
1155 3589 1372 3663 veriloquium:
1391 3609 1459 3647 cum
1478 3589 1549 3663 quid
1571 3589 1750 3663 exprimitur

999 3696 1053 3752 per
1071 3680 1222 3753 propriam
1234 3679 1523 3755 interpretationem,
1536 3685 1571 3738 ut
1583 3678 1664 3752 quod
1677 3679 1750 3737 dicit

999 3767 1145 3827 Horatius
1153 3769 1191 3842 ²):

1206 3862 1296 3933 Optat
1314 3862 1468 3934 Ephippic
1486 3863 1547 3919 doe.

193 4044 385 4115 phagoltdori
394 4041 600 4118 (corporaliaper),
609 4046 727 4117 piapen
738 4044 854 4119 (οοιγοῖν)
864 4062 947 4116 grae·
1037 4040 1068 4098 Si
1086 4040 1186 4098 nescis
1205 4041 1277 4115 quid
1291 4043 1444 4116 Ephippia
1457 4048 1553 4112 senet,
1569 4041 1752 4116 etymologia

198 4149 230 4188 ce
243 4133 396 4190 comedere
410 4132 527 4206 dicitur,
539 4135 646 4191 loidori
656 4133 798 4209 (λοιδορεῖν)
808 4152 880 4192 vero
889 4152 949 4190 ma·
1001 4133 1146 4205 quaesita,
1167 4133 1271 4191 atatim
1283 4151 1402 4191 nosces:
1416 4136 1464 4206 cpi
1476 4151 1584 4206 graeca
1602 4133 1753 4208 praeposi-

196 4223 332 4280 ledicare.
351 4223 428 4280 Hinc
449 4231 498 4281 ast
518 4223 589 4296 quia
601 4223 633 4282 in
646 4225 803 4297 evangelio
822 4224 948 4281 dicitur:
1001 4221 1044 4278 tio
1058 4227 1119 4295 est;
1131 4225 1237 4296 bippcc
1254 4239 1328 4281 ¹vero
1347 4239 1401 4296 per
1413 4221 1626 4295 aspirationem
1644 4228 1676 4279 et
1692 4221 1752 4278 duo

197 4312 442 4370 ‹Maledixerunt
452 4331 525 4386 ergo
536 4313 562 4370 ei
573 4315 618 4388 ⁴)»
627 4331 735 4386 graece
747 4314 870 4372 dicitur:
882 4315 949 4372 eloi·
997 4328 1030 4383 p,
1038 4330 1070 4384 p,
1083 4311 1194 4370 dicitur
1203 4330 1307 4387 equus,
1318 4312 1437 4386 abjecta
1449 4328 1522 4385 ergo
1532 4314 1543 4370 t
1552 4313 1589 4370 de
1599 4313 1657 4370 line
1668 4328 1753 4385 prae·

197 4405 323 4462 dorisco
337 4406 509 4478 (ἐλοιδόροοοιν)
521 4426 546 4463 a.
565 4408 801 4478 Pbapcloidorue
815 4406 949 4479 (captai-
1002 4401 1159 4477 positionis
1182 4405 1244 4476 cpi,
1260 4402 1425 4476 junctoque
1451 4407 1623 4458 remanente
1639 4419 1663 4474 p
1683 4418 1752 4456 cum

199 4495 279 4563 δορος)
300 4509 373 4565 ergo
398 4492 507 4550 dicitur
525 4494 685 4552 comedens
707 4493 949 4552 maledictionem
1003 4491 1182 4566 aspiratione
1200 4491 1354 4564 sequentis
1367 4491 1512 4562 dictionis,
1525 4491 1557 4547 id
1570 4497 1617 4548 est
1635 4491 1699 4560 ippi
1718 4487 1754 4543 lit

201 4580 266 4638 eive
277 4579 499 4654 detractionem,
510 4581 606 4652 idest,
617 4583 667 4656 qui
678 4582 885 4641 maledictione
898 4586 949 4642 vel
1003 4585 1170 4655 ephippion,
1184 4582 1271 4656 quasi
1282 4585 1448 4655 epbr‘ppton,
1462 4581 1494 4638 id
1507 4587 1554 4638 est
1571 4581 1655 4650 sella,
1675 4595 1752 4652 qnae

201 4669 386 4728 detractione
405 4672 539 4744 pascitur
551 4690 586 4729 ac
600 4672 773 4746 delectatur,
790 4673 869 4731 sicut
888 4691 951 4732 cae·
1002 4673 1170 4744 cpbippion,
1178 4670 1264 4729 idest
1270 4689 1360 4744 super
1367 4689 1477 4744 equum
1487 4669 1658 4743 imponitur.
1666 4665 1753 4734 Quod

199 4759 259 4817 teri
277 4760 481 4834 corporalibus
504 4763 587 4819 cibis.
606 4761 692 4830 Quod
714 4769 815 4820 autem
838 4762 950 4820 ibidem
1004 4779 1076 4834 ergo
1096 4761 1206 4819 dicitur
1224 4765 1373 4835 ephippia,
1384 4761 1416 4819 id
1435 4769 1483 4820 ert
1495 4762 1572 4819 sella
1590 4759 1682 4816 etiam
1699 4775 1753 4832 per

200 4850 372 4924 exponitur:
398 4853 584 4910 «comedens
610 4856 737 4912 coactior
746 4874 776 4927 a,
800 4854 837 4911 de
863 4853 950 4928 cujus
1004 4871 1021 4911 o
1035 4859 1065 4910 et
1078 4855 1096 4910 i.
1109 4856 1250 4928 Etoimce,
1264 4853 1295 4911 id
1308 4858 1355 4912 est
1367 4860 1492 4927 paratus
1504 4853 1554 4911 vel
1570 4857 1700 4926 praesto,
1716 4849 1753 4906 de

240 5083 262 5158 ¹)
281 5099 306 5142 11
325 5085 390 5143 Cor.
410 5101 450 5158 xr,
469 5085 513 5141 20.

239 5173 264 5246 Ι)
284 5173 365 5229 Hier.
386 5174 459 5248 Opp.
479 5179 500 5230 t.
519 5191 560 5248 rx,
580 5175 635 5232 col.
654 5173 716 5231 847.

238 5263 262 5336 ³)
280 5263 363 5319 Hier.
383 5264 455 5338 Opp.
475 5271 558 5339 t.1x,
578 5266 632 5323 col.
652 5267 714 5323 940.

237 5354 261 5426 ⁴)
281 5353 368 5410 Joan.
387 5369 427 5425 rx,
446 5353 491 5410 24.

1042 5085 1065 5160 ⁵)
1085 5087 1166 5161 Lege
1185 5105 1308 5161 roccos,
1327 5089 1406 5146 unde
1425 5087 1486 5145 ruit
1505 5085 1598 5143 Mesia
1617 5082 1754 5142 eruditio.

1005 5174 1098 5233 Nulla
1117 5177 1227 5234 codicis
1245 5177 1378 5236 venetas
1396 5175 1502 5234 retulit
1518 5176 1653 5234 aaudiat.

1041 5269 1064 5339 ὓ)
1084 5267 1157 5340 Opp.
1176 5273 1197 5324 t.
1217 5283 1258 5340 11,
1278 5269 1333 5324 col.
1354 5269 1433 5324 1291.

1043 5357 1066 5429 i)
1085 5357 1189 5414 Horat.
1209 5358 1282 5430 Epp.
1304 5373 1363 5430 xrv,
1383 5357 1427 5415 43.
