4022 6072
837 521 1049 614 iapsolmos.
1680 527 1715 590 ῖῖ

168 695 199 758 ἐν
223 703 263 780 τῇ
289 694 495 784 λαμπρότητι
518 704 576 771 τῆς
592 699 723 788 λογικῆς
748 695 802 759 καὶ
824 719 917 759 πνευ-
970 697 1032 762 diei
1055 702 1192 763 mentem
1211 704 1244 762 ct
1261 699 1409 782 spiritum
1434 699 1626 766 illustrantis
1643 721 1718 767 con·

170 801 835 894 ματικῆςημέραςγενομένη,εἱσακοόοντα
852 804 917 892 ἔχει
971 806 1095 886 stituta,
1120 804 1223 871 Deum
1255 808 1352 873 habet
1376 808 1444 873 voci
1468 831 1544 874 suae
1573 809 1717 874 auditum

169 921 227 986 τῆς
251 919 354 999 φωνῆς
378 911 433 974 τόν
453 911 544 976 Θεόν·
563 913 608 982 ε’ἴη
629 903 663 976 δὲ
687 910 722 976 ἀν
746 913 839 1000 προία
863 909 917 974 καὶ
971 914 1186 996 praebentem.
1212 915 1343 980 Utinam
1367 938 1461 981 manc
1477 917 1519 981 sit
1535 920 1567 982 et
1590 920 1717 1001 tempus

170 1022 258 1095 ὁτῆς
270 1027 326 1080 τοῦ
344 1024 492 1107 Σωτῆρος
509 1008 678 1108 ἐπιδημίας
695 1019 817 1108 καιρόςί
835 1023 917 1082 Τότε
971 1021 1004 1085 in
1028 1043 1092 1105 quo
1116 1021 1264 1087 Salvator
1287 1021 1416 1087 visitat!
1437 1022 1527 1090 Tunc
1544 1023 1627 1087 euim
1651 1044 1718 1087 om·

170 1123 230 1214 γάρ
254 1117 363 1191 δεκταί
386 1125 534 1216 γεγόνασι
558 1130 591 1189 αἱ
613 1125 740 1191 πάντων
766 1125 866 1214 εόχοιί.
971 1128 1057 1193 nium
1084 1149 1192 1211 preces
1216 1133 1363 1212 acceptae
1387 1134 1472 1194 sunt.

169 1473 200 1517 v.
224 1453 255 1516 4.
280 1449 324 1514 Τό
348 1450 430 1538 πρωῒ
451 1449 698 1539 παραστήσομαί
722 1471 770 1512 σοι
794 1446 847 1511 καί
864 1445 1033 1536 ἐπόψομαι,
1050 1447 1099 1513 ὅτι
1116 1446 1187 1536 οὐχί
1210 1445 1288 1523 Θεός
1312 1446 1401 1512 θέλον
1426 1448 1557 1537 ἀνομίαν
1583 1445 1618 1511 σθ
1642 1457 1670 1511 εἰ
1683 1443 1718 1530 ¹).

285 1557 387 1625 Mauo
411 1560 521 1632 astato
545 1559 605 1624 libi
628 1565 656 1624 ct
679 1559 798 1639 videto,
823 1559 975 1642 μιιοιιίαιιι
997 1577 1063 1623 aon
1086 1578 1119 1623 es
1143 1557 1233 1623 Deus
1255 1558 1364 1624 uolens
1387 1559 1598 1641 iniquitatem.

214 1772 292 1837 Τίνα
315 1763 349 1836 δέ
364 1781 426 1835 τῶν
445 1771 642 1862 ἀντιγράφων
660 1773 726 1835 οὐκ·
743 1767 851 1859 ἐπόψει
868 1794 917 1859 με,
1018 1770 1181 1849 Quaedam
1199 1768 1394 1853 exemplaria
1409 1791 1472 1834 non
1489 1769 1611 1836 habent
1631 1766 1718 1838 uide·

170 1879 238 1942 ἀλλ’
266 1874 422 1967 ἐπόψομαι
446 1880 521 1967 ἔχει·
546 1878 710 1946 τουτέστιν
735 1878 803 1943 ἐπεὶ
827 1869 855 1940 δ’
880 1877 917 1942 ἀν
972 1880 1022 1945 aas
1044 1899 1103 1958 ιιια,
1122 1877 1176 1942 aed
1192 1877 1317 1942 rridcbo:
1341 1874 1490 1942 videlicet
1506 1876 1633 1960 quando
1657 1875 1718 1940 tibi

170 1987 218 2050 σοὶ
241 1997 287 2069 τῷ
310 1993 381 2068 Θιῷ
404 1996 572 2076 παραστῶ,
597 1986 651 2049 καὶ
675 1989 756 2072 adep
783 1995 822 2071 τῇ
848 1984 918 2074 περί
972 1985 1040 2052 1)σο
1056 1985 1179 2065 astabo,
1197 1987 1230 2048 ct
1245 2004 1346 2068 propa
1362 1983 1508 2049 accedam
1525 1984 1558 2048 in
1576 1987 1633 2049 tua
1645 2005 1720 2049 con-

171 2104 224 2158 σοῦ
249 2092 360 2183 θεωρίᾳ
384 2084 435 2158 dul
459 2103 514 2158 τοῦ
535 2103 586 2158 νοῦ
610 2093 817 2184 προσεγγίσω,
842 2091 918 2158 τότε
972 2093 1192 2178 templatim,
1222 2096 1297 2158 tunc
1321 2113 1479 2157 assumam
1505 2093 1662 2158 efficacem
1686 2097 1719 2157 te

171 2201 230 2272 τλν
248 2200 424 2272 ἐποπτικὴν
441 2200 596 2290 ἐνέργειαν
615 2192 667 2265 dul
685 2210 740 2265 τοῦ
758 2199 842 2265 κατά
858 2199 917 2271 τὴν
972 2201 1123 2270 cernendi
1147 2201 1212 2265 vim
1235 2200 1267 2264 iu
1292 2199 1381 2265 radio
1404 2203 1479 2265 tuae
1503 2197 1664 2279 scientiae,
1689 2203 1721 2264 et

169 2318 282 2399 γνῶσιν
299 2318 458 2397 ρωτισμοῦ
477 2305 690 2396 ἀναλήψομαι,
707 2308 762 2372 καί
784 2309 917 2372 ἀπὸτοῦ
972 2316 1085 2395 raptus
1109 2334 1128 2376 a
1150 2308 1388 2394 pulchritudine
1404 2312 1461 2374 tua
1483 2308 1516 2373 in
1528 2308 1652 2374 cunctis
1668 2327 1720 2372 re·
1773 2338 1775 2344 υ

169 2423 199 2483 ἐν
223 2427 300 2481 ποῖοι
317 2428 382 2492 τοῖς
399 2421 521 2504 ὁρατοῖς
538 2414 674 2492 κάλλους
690 2415 742 2480 ἐπί
759 2416 796 2481 τό
820 2417 917 2492 ὄντως
973 2417 1032 2482 bus
1055 2415 1244 2499 conspicuis,
1269 2435 1507 2499 properansque
1536 2413 1575 2480 ad
1598 2413 1719 2479 bonum

169 2525 267 2590 καλὸν
292 2523 346 2588 καὶ
370 2523 519 2614 ἐράσμιον
535 2512 734 2612 ἀναδραμὼν,
759 2517 793 2586 ab
816 2527 836 2595 η
863 2519 918 2586 θέα
972 2547 1083 2591 verum
1111 2527 1144 2589 et
1175 2522 1328 2607 optabile,
1353 2523 1442 2606 cujus
1472 2525 1603 2609 aspectu
1633 2523 1720 2589 solae

170 2632 278 2722 μόναις
301 2641 371 2707 ταῖς
396 2630 546 2719 καθαραῖς
570 2627 683 2720 ψυχαῖς
715 2629 917 2720 ἐμφαίνεσθαι
972 2631 1096 2696 animae
1119 2630 1254 2694 mundae
1277 2629 1444 2695 laetificari
1476 2634 1620 2714 possunt,
1643 2631 1720 2695 con?

165 2740 312 2830 πέφυκεν·
330 2739 499 2812 ἐποπτικός
512 2737 655 2827 γενέσθαι
668 2729 846 2828 δυνήσομαι
862 2738 917 2802 καί
972 2737 1146 2823 templator
1170 2737 1240 2802 fieri
1262 2735 1375 2802 valebo
1398 2758 1435 2803 ac
1454 2736 1571 2823 dignus
1594 2737 1650 2821 qui
1671 2737 1722 2801 in·

167 2839 251 2924 ἀξιος
277 2856 332 2910 τοῦ
362 2844 568 2910 κατοπτεύειν
600 2843 642 2909 τά
672 2855 730 2921 τῆς
763 2843 913 2922 ἀληθείας
970 2849 1064 2911 tuear
1086 2844 1232 2911 veritatis
1256 2844 1448 2928 spectacula,
1467 2844 1635 2929 divinaque
1657 2849 1715 2910 tua

168 2951 325 3042 θεάματα,
349 2951 402 3016 καί
419 2950 486 3017 θεῖα
503 2951 556 3016 καί
572 2950 648 3042 ἀγιά
665 2975 719 3016 σου
745 2952 915 3041 μυστήρια,
971 2958 1004 3019 et
1026 2975 1117 3019 sacra
1139 2950 1302 3037 mysteria,
1333 2973 1415 3035 quaa
1444 2950 1652 3037 diligentibus
1682 2956 1715 3018 te

170 3058 191 3122 ἀ
213 3061 391 3149 ἡτοίμασας
414 3069 480 3134 τοῖς
497 3061 644 3149 ἀγαπῶσι
660 3078 702 3124 σε·
721 3058 740 3131 d
759 3056 916 3147 ἐπόψομαι
968 3061 1178 3147 praeparasti.
1191 3059 1253 3125 Vel
1277 3060 1390 3125 videbo
1413 3081 1495 3143 quae
1518 3060 1604 3126 dicta
1627 3063 1714 3127 sunt.

167 3165 209 3232 τά
233 3166 443 3258 ῥηθησόμενα.
463 3173 557 3246 Ποῖα;
578 3166 653 3234 Ὀτι
670 3166 742 3258 οὐχί
765 3167 842 3244 Θεὸς
867 3166 917 3232 θέ·
970 3169 1158 3246 Quaenam?
1184 3169 1342 3250 Quoniam
1364 3189 1429 3235 non
1452 3189 1486 3236 es
1504 3168 1597 3235 Deus
1612 3169 1720 3238 uolens

169 3277 233 3339 λων
257 3277 388 3362 ἀνομίαν
414 3273 449 3338 σὺ
475 3269 509 3339 εἷ.
793 3308 794 3312 ’
969 3279 1186 3372 iniquitatem.

800 3594 1003 3664 PSALMUS
1027 3594 1086 3662 VI.

532 3838 563 3882 v.
590 3816 621 3879 1.
644 3811 747 3902 Κύριε,
773 3810 815 3900 μὴ
841 3820 887 3894 τῷ
913 3809 999 3901 θυμῷ
1024 3833 1077 3875 σου
1102 3802 1231 3900 ἐλέγξῃς
1257 3831 1313 3897 μες
1328 3807 1353 3893 ²)

590 3920 739 4003 Domine,
762 3922 799 3988 ιἰι
822 3923 875 3988 ira
898 3927 955 3988 too
976 3941 1017 3986 ue
1040 3939 1088 3986 me
1111 3921 1300 4002 corripias?

209 4133 290 4226 Ὅρα
307 4127 341 4201 δὲ
356 4137 406 4200 ότι
422 4138 456 4199 οὐ
473 4135 527 4200 τόν
550 4137 681 4225 ἔλεγχον
702 4145 915 4224 παραιτεῖται,
1012 4134 1094 4201 Vide
1111 4134 1195 4220 quod
1212 4156 1277 4199 non
1293 4135 1450 4201 detrectat
1471 4133 1717 4217 correptionem,

170 4242 254 4309 ἀλλά
276 4245 332 4308 τόν
357 4243 440 4332 μετά
457 4243 565 4333 θυμοῦ·
582 4235 653 4309 οὐδὲ
676 4242 735 4316 τὴν
760 4235 915 4321 παιδείαν,
969 4246 1023 4312 sed
1046 4245 1137 4311 illam
1159 4244 1193 4309 in
1216 4243 1265 4310 ira
1280 4244 1405 4323 datam3
1421 4265 1486 4307 non
1502 4241 1714 4326 disciplinam,

170 4350 253 4416 ἀλλά
276 4350 337 4421 τὴν
362 4357 431 4440 μετ’
456 4354 562 4442 ὀργῆς·
586 4349 774 4426 πανσόνετος
798 4341 833 4415 δέ
861 4349 916 4414 καί
966 4352 1022 4418 sod
1052 4351 1142 4418 illam
1169 4351 1204 4416 in
1233 4351 1359 4426 furore;
1384 4349 1567 4433 persapiens
1599 4351 1648 4414 est
1679 4367 1717 4414 ac

169 4459 360 4551 ἀγιοπρεπὴς
384 4464 404 4533 η
425 4461 557 4536 αἴτησις·
575 4463 657 4525 αἰτεῖ
673 4457 732 4550 γάρ
757 4457 817 4532 τὴν
841 4460 916 4523 παί-
968 4464 1079 4526 sancto
1102 4459 1200 4544 digna
1223 4457 1346 4543 petitio.
1367 4455 1516 4521 Postulat
1539 4456 1624 4520 anim
1647 4475 1718 4520 cor·

169 4557 284 4643 θευσιν,
309 4571 349 4642 ὡς
366 4567 500 4656 ὑγιεινόν
518 4567 714 4656 ἐπικούρημα
731 4563 784 4630 καί
808 4589 916 4638 σωτη-
968 4567 1158 4651 reptionem,
1178 4569 1215 4631 ut
1231 4585 1312 4649 quae
1329 4566 1378 4628 est
1394 4562 1522 4628 salubre
1541 4561 1716 4628 subsidium

169 4674 234 4764 ρίας
259 4673 432 4763 φάρμακον.
967 4695 1004 4740 ac
1027 4673 1140 4740 salutis
1164 4669 1297 4737 medela.

202 4939 223 5014 ι)
242 4939 323 4998 Loca
341 4939 447 4999 Basilii
466 4939 575 4998 similia
593 4940 675 4998 ultro
694 4937 837 5009 excitabo,
860 4939 914 4998 sod
968 4957 1037 4996 oum
1056 4937 1115 4996 alic
1142 4933 1363 4995 commentario.
1388 4932 1489 5008 Igitur
1510 4933 1559 4988 hic
1584 4931 1622 4988 cl.
1642 4934 1718 5005 Opp.

164 5045 317 5102 prorsusa
328 5029 440 5088 nostris
453 5029 559 5100 aliena,
574 5029 692 5102 inquae
705 5023 914 5087 tantumidam
968 5034 989 5085 t.
1009 5043 1042 5098 11,
1063 5027 1119 5084 col.
1138 5025 1200 5081 384.

165 5120 273 5194 psalmi
285 5138 392 5179 versus
406 5119 563 5177 adducitur
576 5120 680 5190 obiter,
696 5119 761 5178 sina
778 5120 840 5177 ullo
860 5125 914 5176 aut
1004 5117 1027 5191 ²)
1047 5117 1090 5175 cf.
1109 5121 1131 5172 t.
1150 5131 1194 5187 ιιι,
1214 5114 1269 5170 ool.
1289 5113 1350 5169 396.
