4022 6072
876 533 1046 608 Asoetioo.
1679 545 1732 604 10⁷

188 709 320 797 Χριστοῦ
336 705 369 792 ¹),
394 707 443 771 ότι
468 707 604 782 ὑπήκοος
622 707 745 796 ἐγένετο
766 705 858 798 μέχρι
882 705 935 771 θα·
992 712 1044 773 tus
1068 712 1116 774 est
1139 709 1287 774 obediens
1311 731 1410 794 usque
1434 711 1474 777 sd
1497 715 1633 777 mortem
1650 761 1677 790 „
1702 717 1740 776 ut

187 815 294 893 νάτου,
309 818 357 879 ἵνα
374 811 436 880 οἷον
451 805 478 878 δ’
494 815 529 880 ἂν
547 813 566 903 ᾖ
585 818 729 881 Ιεπίπονον
746 817 937 907 πρόσταγμα
991 816 1196 900 quantumvis
1220 837 1317 902 greve
1332 818 1375 882 sit
1392 825 1600 904 praeceptum
1624 819 1738 886 divini·

189 935 247 1000 τῆς
281 917 455 999 θεοοεθείας
490 929 675 1002 συντελοῢν,
709 924 766 990 κάν
800 923 937 988 θανάτου
993 927 1045 988 tus
1068 924 1252 1008 impositum
1281 925 1449 1008 perficere,
1475 926 1602 992 etiamsi
1625 927 1740 992 mortis

191 1033 323 1104 ἀπειλὴν
340 1036 417 1122 ἔχει,
432 1033 639 1124 αἱρετώτερον
654 1034 813 1126 ηγήσεταί
827 1057 874 1108 τις
889 1024 940 1098 διά
992 1031 1094 1096 mines
1118 1033 1269 1114 includat,
1291 1034 1425 1118 quisque
1442 1040 1548 1100 temen
1573 1039 1738 1121 praesten-

190 1142 249 1213 τθν
275 1141 406 1213 ἐντολὴν
431 1141 618 1219 ἀποθανεῖν,
643 1143 662 1215 ἢ
689 1135 774 1230 ρόόῳ
798 1152 853 1206 τοῦ
885 1139 940 1205 θα-
993 1142 1057 1208 tius
1080 1141 1197 1208 hebeat
1219 1164 1278 1227 pro
1301 1143 1374 1228 lege
1405 1145 1486 1210 mori
1512 1145 1739 1229 potiusquam

191 1247 287 1314 νάτου
319 1260 376 1325 τῆς
400 1251 530 1325 ἐντολῆς
555 1253 731 1338 ἀμελῆσαι,
756 1253 852 1314 αὐτοῦ
884 1259 939 1314 τοῦ
993 1253 1080 1315 metu
1112 1249 1224 1314 mortis
1255 1271 1274 1315 e
1303 1249 1376 1335 lege
1403 1251 1590 1333 deflectere,
1614 1251 1738 1318 dicente

192 1359 371 1423 ἀποστόλου
397 1367 637 1449 μαρτυροῦντος,
655 1360 705 1423 ότι
725 1351 940 1448 παραόουλευ-
993 1357 1161 1443 Αροείοίο,
1185 1358 1269 1443 quod
1291 1358 1431 1425 enimam
1453 1381 1544 1426 suem
1572 1359 1738 1446 negligen-

192 1466 322 1557 σάμενος
346 1476 387 1552 τῇ
413 1464 497 1556 ψυχῇ
525 1469 631 1550 αὑτοῦ,
650 1470 699 1532 ἵνα
724 1465 936 1556 ἀναπληρώσῃ
993 1466 1066 1531 dem
1079 1465 1180 1546 duxit,
1197 1471 1234 1532 ut
1248 1467 1399 1552 impleret
1415 1469 1499 1553 quod
1515 1469 1607 1536 nobis
1622 1470 1661 1536 sd
1677 1489 1742 1534 ser-

191 1575 229 1639 τδ
246 1579 332 1663 ὑμῶν
349 1574 513 1665 ὑστέρημα
530 1587 587 1652 τῆς
604 1575 677 1665 πρός
696 1572 938 1666 λειτουργίας’).
993 1573 1142 1640 viendum
1166 1578 1357 1658 superesset.

937 1897 996 1966 IV.

240 2117 274 2176 Ei
291 2104 338 2178 δεῖ
349 2109 374 2196 ³)
392 2109 473 2200 μετά
491 2116 652 2200 αἱρετικῶν
669 2110 688 2182 ἢ
708 2109 790 2199 μετά
807 2109 964 2184 Ἑλλήνων
981 2111 1000 2182 θ,
1020 2109 1102 2200 μετά
1117 2101 1273 2176 Ἰουδαίων
1291 2109 1376 2177 κατά
1392 2113 1562 2202 συντυχίαν
1578 2112 1740 2203 εὑρεθέντα

195 2231 253 2286 ποῦ
277 2219 453 2302 συνεσθίειν,
477 2219 496 2293 ἢ
522 2215 717 2299 ἀσπάζεσθαι
734 2219 866 2298 αότοός;

239 2331 296 2398 An
319 2337 473 2413 oporteat,
498 2332 529 2396 si
551 2333 624 2413 quis
641 2351 705 2412 per
728 2350 837 2396 casum
860 2332 1011 2396 iuventus
1024 2331 1129 2413 suerit
1144 2333 1273 2412 alicubi,
1292 2332 1451 2398 comedere
1467 2352 1537 2398 oum
1560 2331 1741 2411 haereticis,

194 2439 243 2504 ool
267 2459 337 2505 oum
364 2437 511 2518 Graecis,
536 2437 584 2502 uel
607 2457 678 2502 eum
700 2435 852 2516 Judoeis,
876 2444 934 2503 out
957 2458 1009 2504 eos
1031 2438 1205 2505 solutore?

239 2651 416 2742 Ἀπόκρισις
440 2661 496 2717 τοῦ
521 2650 661 2743 μεγάλου
685 2653 857 2718 Βασιλείαν.
884 2653 945 2716 Τόν
1048 2653 1230 2736 Responsio
1246 2655 1357 2739 rnoooi
1372 2653 1510 2721 Basilii.
1528 2653 1638 2730 Quoad
1662 2653 1746 2721 sulu-

196 2760 251 2850 μὲν
269 2761 435 2848 ἀσπασμόν
452 2770 565 2825 τοῦτον
583 2751 683 2833 δῆλον
701 2760 751 2824 ὅτι
767 2761 822 2824 τὸν
844 2761 946 2824 κοινὸν

195 2874 243 2934 ἐπ’
268 2861 388 2944 οθδενθς
412 2873 428 2931 ό
454 2869 560 2958 Κύριος
586 2869 816 2959 ἀπηγόρευσεν,
842 2867 946 2932 εἰπών·

197 2973 270 3040 Ἐάν
284 2973 504 3061 sceterata)
518 2973 588 3052 τοὺς
602 2977 710 3064 φίλους
724 2978 809 3064 ὑμῶν
825 2975 947 3062 μόνους,

197 3084 229 3148 τί
252 3085 397 3173 περισσόν
427 3095 565 3162 ποιεῖτε;
591 3083 662 3173 οὐχί
690 3083 745 3148 καί
776 3089 804 3148 οί
834 3083 949 3149 ἐθνικοί

200 3201 294 3256 τοῦτο
311 3203 448 3268 ποιοῦσις
466 3193 539 3283 Περί
556 3183 590 3258 δὲ
605 3203 660 3257 τοῦ
684 3191 865 3276 συνεσθίειν,
882 3194 950 3282 ἔχο-

199 3321 256 3387 μεν
272 3302 489 3391 παραγγελίαν
506 3310 563 3364 τοῦ
581 3300 762 3364 ἀποστόλου
780 3301 832 3364 ἐπί
855 3325 948 3364 τινων

198 3403 259 3494 χρθ
284 3405 513 3496 παραιτεῖσθαι,
539 3417 634 3472 τοῦτο
658 3407 809 3483 εἰπόντος·
834 3406 950 3496 Ἔγρα-

199 3509 279 3600 ψαὸ)
292 3519 362 3602 ὑμῖν
376 3519 406 3579 ir
422 3525 461 3600 τῇ
477 3519 628 3600 ἐπιστολῇ
645 3514 688 3604 μὴ
704 3517 951 3607 συναναμίγνυσ-

199 3622 251 3687 θαι
283 3624 405 3713 πόρνοις
435 3634 491 3688 τοῦ
523 3624 643 3714 κόσμου
667 3622 850 3714 1τοι’ντου,ι’θ
884 3633 949 3698 τοῖς

199 3729 413 3811 πλεονέκταις,
438 3729 457 3804 ἢ
483 3723 623 3821 ἅρπαξιν,
648 3731 667 3803 ἢ
694 3721 948 3818 εἰδωλολάτραις,

199 3838 265 3902 ἐπεὶ
288 3841 432 3927 όρειλετε
456 3837 516 3928 ἄρα
537 3843 571 3904 ἐκ
588 3851 643 3904 τοῦ
660 3843 779 3928 κόσμου
803 3833 948 3916 ἐξελθεῖν.

203 3949 263 4009 Νῦν
281 3937 315 4009 δὲ
330 3944 477 4036 ἐγγράφω
490 3950 573 4034 ὑμῖν,
593 3945 635 4036 μὴ
655 3942 949 4034 συναναμίγνυσθαι,

203 4052 256 4118 ἐάν
276 4077 322 4129 τις
347 4045 478 4143 ἁδελφός
503 4048 731 4145 ὀνομαζόμενος
753 4053 772 4126 ἢ
790 4053 911 4143 πόρνος,
928 4051 947 4125 ἢ

203 4162 415 4249 πλεονέκτης,
439 4161 459 4234 ἣ
485 4154 729 4254 εἰδωλολάτρης,
754 4161 773 4235 ἣ
798 4153 949 4251 λοίδορος,

203 4269 381 4360 θμέθυσος,
406 4270 425 4346 ἢ
452 4264 572 4362 ἅρπαξ,
596 4281 642 4356 τῷ
666 4271 801 4356 τοιούτῳ
826 4269 869 4360 μὴ
897 4294 950 4334 συ-

204 4395 343 4464 νεσθίειν.

241 4671 262 4743 ι)
281 4667 360 4726 Phil.
379 4685 411 4738 11,
433 4665 458 4723 3.

242 4759 265 4834 ε)
285 4759 398 4817 coloss.
418 4773 438 4830 1,
458 4759 503 4815 τι.

240 4847 265 4924 ³)
283 4835 331 4904 εει
348 4847 445 4906 vaus.
466 4849 535 4905 ενοι
555 4847 605 4905 r01.
625 4849 661 4904 es
679 4855 722 4906 vr.

1003 2762 1167 2842 tutionem,
1191 2762 1299 2846 pelam
1323 2766 1372 2828 est
1388 2761 1448 2828 hoe
1468 2783 1633 2828 commune
1656 2761 1747 2828 testi-

1003 2869 1188 2934 moniume
1218 2868 1356 2935 Domino
1378 2889 1443 2934 non
1469 2868 1650 2953 prohiberi,
1674 2890 1747 2935 eum

1002 2977 1099 3043 dixit:
1120 2981 1132 3011 ⁸
1148 2975 1180 3043 Si
1197 2976 1414 3043 salutaveritis
1429 2975 1531 3042 solum
1549 2976 1667 3043 amieos
1682 2997 1749 3042 ves·

1003 3087 1080 3166 tros,
1104 3084 1182 3168 quid
1204 3083 1329 3150 abunde
1352 3083 1483 3149 facitis?
1505 3081 1622 3148 Nonne
1650 3083 1747 3150 etiem

1003 3191 1139 3277 gentiles
1155 3193 1215 3259 hoe
1230 3192 1397 3272 facienti,
1419 3192 1465 3258 De
1481 3192 1552 3258 cibo
1569 3195 1677 3257 sutem
1693 3191 1748 3256 hs·

1005 3300 1115 3366 bemus
1127 3306 1335 3386 praeceptum
1347 3301 1496 3386 Apostoli
1508 3299 1665 3366 monentis
1678 3299 1750 3384 qui·

1004 3410 1136 3476 boscum
1152 3411 1332 3476 conversari
1348 3414 1495 3495 oporteat
1510 3411 1543 3475 in
1560 3410 1609 3476 his
1622 3409 1747 3476 verbis:

1008 3514 1151 3599 “Scripsi
1164 3516 1255 3581 vobis
1267 3516 1299 3580 in
1313 3517 1464 3600 epistole:
1480 3515 1514 3582 N
1515 3539 1532 3582 e
1547 3515 1748 3583 commisces·

1004 3624 1083 3689 mini
1099 3624 1279 3690 iornioariis
1297 3625 1391 3709 hujus
1410 3625 1530 3706 mundi,
1554 3628 1611 3690 sut
1634 3622 1747 3703 everis,

1004 3734 1061 3795 eut
1071 3731 1311 3815 rapacibussut
1320 3729 1412 3797 idolis
1421 3731 1747 3814 servientibusque

1003 3841 1178 3906 debueritis
1201 3841 1287 3907 exire
1302 3841 1340 3907 de
1356 3841 1416 3908 hoe
1431 3842 1560 3906 mundo.
1579 3839 1676 3908 Nunc
1691 3861 1748 3904 uu·

1005 3953 1069 4013 tem
1093 3947 1197 4015 scribo
1218 3947 1308 4014 vobis
1324 3969 1387 4014 non
1403 3947 1609 4028 commisceri,
1633 3946 1660 4012 si
1675 3945 1746 4030 quis

1004 4055 1106 4121 irater
1121 4056 1315 4138 nominatus,
1331 4060 1379 4122 est
1395 4055 1579 4137 fornicator,
1596 4057 1653 4120 eut
1675 4074 1750 4119 eve·

1004 4185 1069 4246 rus,
1083 4168 1140 4229 eut
1151 4163 1244 4230 idolis
1259 4165 1410 4245 serviens,
1423 4168 1480 4230 eut
1496 4161 1677 4241 maledicus,
1690 4162 1748 4226 eut

1005 4270 1159 4353 ebriosus,
1184 4275 1240 4336 sut
1261 4292 1463 4356 repe1,cum
1485 4266 1667 4354 hujusmodi
1690 4287 1748 4332 nec

1004 4377 1111 4444 cibum
1133 4398 1258 4444 sumere
1276 4427 1303 4459 ,.

1042 4664 1065 4739 ⁴)
1083 4661 1191 4720 Metth.
1209 4677 1238 4734 v,
1257 4657 1302 4716 47.

1043 4754 1067 4828 ⁵)
1086 4769 1098 4810 1
1117 4753 1182 4812 (lor.
1200 4767 1229 4823 v,
1249 4751 1319 4807 9-11.
