4008 6068
856 503 1005 580 Sanetus
1022 503 1235 580 Athanasius

642 917 672 958 v.
697 895 728 960 6.
753 892 788 958 ‘0
811 893 899 958 σείων
921 892 982 963 τὴν
1006 893 1055 957 ὑπ’
1080 893 1206 982 σὐρανδν
1231 898 1267 959 ἐκ
1289 892 1449 984 θεμελίων.

701 1001 764 1085 Qui
785 1009 951 1070 commovet
973 1009 1134 1071 terrama
1156 1005 1388 1088 fundamentis.

317 1213 448 1303 Χριστός
472 1217 556 1281 ἐστιν
572 1217 588 1278 ό
606 1215 709 1290 σείσας
726 1214 784 1286 τὴν
801 1219 852 1279 ὑπ’
877 1215 1015 1306 οὐρανόν·
1115 1218 1262 1287 Christus
1284 1220 1404 1305 estqui
1424 1222 1596 1288 commovit
1610 1225 1731 1289 terram
1754 1222 1814 1288 sub

269 1324 385 1389 πολλοὶ
400 1328 436 1390 ἑκ
452 1324 561 1414 μέρους
576 1325 717 1415 γίνονται
741 1324 868 1412 σεισμοί·
892 1334 1016 1413 σεϊομος
1070 1327 1175 1406 οοοίος
1198 1326 1294 1393 molti
1309 1331 1414 1418 terreo
1430 1331 1538 1394 motus
1554 1350 1593 1394 ex
1609 1333 1702 1414 perte
1720 1329 1814 1409 finnt,

270 1431 395 1522 γέγονεν
419 1422 536 1497 ἐνθάδε·
561 1434 633 1496 ἀλλ’
651 1437 679 1497 ot
695 1435 725 1497 ἑν
745 1442 786 1517 τῇ
804 1433 938 1504 πλησίον
958 1430 1018 1496 πό·
1070 1435 1137 1501 illio
1160 1438 1265 1500 motus
1280 1434 1471 1518 comparuit,
1487 1435 1542 1502 secl
1556 1435 1679 1502 vioinae
1702 1435 1814 1502 eivita-

269 1541 318 1602 λει
342 1543 399 1603 otu
422 1539 561 1629 ἔγνωσιν·
579 1539 630 1604 set
644 1530 678 1604 δὲ
693 1549 749 1602 τοῦ
766 1545 897 1629 Χριστοῦ
914 1539 948 1603 οὐ
964 1536 1018 1627 γί-
1070 1544 1112 1610 tis
1127 1542 1251 1610 inoolne
1265 1563 1329 1608 non
1341 1563 1468 1610 novero.
1481 1543 1543 1610 Sed
1558 1545 1592 1610 in
1607 1541 1735 1610 Christo
1751 1565 1816 1610 non

271 1669 344 1736 γονε
369 1656 511 1736 μερικῶς,
536 1639 588 1712 διὰ
611 1651 742 1712 τοῦτοὸ
767 1647 856 1711 σείων
880 1644 940 1716 τὴν
964 1644 1014 1710 ὑπ’
1070 1651 1174 1718 fnotus
1205 1654 1255 1716 est
1277 1672 1317 1716 ex
1339 1653 1451 1735 pnrte;
1474 1650 1592 1719 idcirco
1622 1652 1650 1718 is
1680 1655 1729 1718 est
1759 1651 1814 1737 qni

273 1756 400 1846 οὐρανόν
425 1758 460 1820 ἐκ
484 1753 651 1844 θεμελίων·
677 1761 705 1820 ol
728 1745 762 1820 tt
785 1754 894 1819 στόλοι
918 1757 1016 1829 αὐτῆς
1073 1761 1282 1824 “commovet
1305 1765 1425 1823 terrem
1445 1757 1695 1824 nfundomsntis
1712 1805 1739 1836 ,.
1756 1757 1817 1824 Oo-

272 1862 469 1940 σαλεόοντις,
494 1853 642 1934 δηλονότι
666 1867 694 1927 ol
718 1862 891 1926 ἀπόστολοι
914 1865 944 1926 ἐν
969 1870 1016 1944 τῷ
1069 1863 1198 1930 lnmnse
1221 1865 1290 1950 ejus
1309 1885 1491 1946 concussae,
1507 1865 1655 1932 videlieet
1678 1864 1815 1950 apostoli

272 1977 369 2060 καιρῷ
391 1980 447 2034 τοῦ
471 1967 588 2045 πάθους
609 1968 820 2042 ἐσαλεόθησαν
843 1968 963 2044 Πάντες
987 1973 1018 2032 ὑ-
1069 1973 1103 2037 ἰυ
1119 1974 1263 2056 tempors
1274 1971 1431 2056 passionis
1443 1973 1594 2038 oommoti
1606 1975 1692 2038 sunt.
1712 1970 1816 2038 ‘Om-

271 2089 349 2168 μεῐς,
378 2076 464 2168 μησί,
489 2069 795 2152 σκανδαλισθήσεσθε
823 2080 853 2144 ἰν
884 2077 955 2168 ἐμοί
984 2081 1016 2142 ἑν
1069 2099 1136 2160 nee,
1159 2078 1275 2163 inquit,
1298 2077 1481 2146 sonndnlum
1514 2079 1680 2164 potiemini
1706 2079 1741 2144 in
1763 2100 1815 2145 mo

269 2195 311 2272 τῇ
337 2184 428 2250 νυκτί
449 2193 552 2271 ταῢτῃ
568 2183 602 2269 ⁵).
1069 2184 1103 2250 in
1126 2184 1186 2252 heo
1210 2189 1302 2251 noote
1320 2232 1348 2262 ,.

340 2531 368 2575 ν.
396 2510 424 2575 7.
449 2507 484 2573 ‘0
507 2506 608 2598 λέγων
632 2514 678 2589 τῷ
701 2507 792 2590 ἡλίῳ,
816 2504 871 2570 καί
893 2509 949 2571 οὐκ
973 2504 1148 2582 ἀνατέλλει,
1173 2503 1257 2571 κατά
1281 2495 1316 2570 δὲ
1339 2503 1461 2596 ἄστρων
1485 2500 1741 2598 κατασμραγίζει.

451 2617 514 2700 Qut
536 2617 598 2684 soli
620 2617 762 2701 loquitur
783 2623 813 2684 et
835 2637 900 2684 unu
923 2617 1079 2700 ensurpit,
1100 2621 1129 2684 et
1151 2623 1263 2684 contro
1284 2621 1377 2684 nstro
1399 2615 1512 2702 sipillo
1529 2620 1634 2700 pouit.

314 2829 377 2895 Καί
400 2839 495 2896 τοῦτο
518 2833 549 2895 ἐν
573 2839 619 2913 τῷ
636 2838 759 2919 σταυρῷ
775 2827 895 2920 γέγονε·
921 2825 1014 2893 Κατὰ
1111 2829 1157 2896 Et
1178 2829 1240 2897 hoe
1262 2830 1296 2896 in
1312 2851 1405 2898 ornos
1419 2830 1541 2899 fectum
1556 2835 1623 2899 ost:
1642 2835 1656 2866 ⁸
1673 2831 1716 2898 nt
1739 2853 1815 2900 oon·

270 2931 304 3006 tt
324 2940 447 3032 ἄστρων
464 2933 722 3030 κατασφραγίζει·
737 2939 862 3029 φέρεται
878 2938 929 3002 ότι
944 2945 1013 3012 ταῖς
1068 2942 1120 3005 trs
1142 2938 1245 3006 sidera
1260 2939 1404 3025 sigillum
1420 2940 1493 3026 figit
1509 2991 1536 3022 ,.
1552 2940 1705 3007 Refertur
1727 2942 1813 3026 quod

268 3047 368 3138 τρισίν
393 3049 485 3137 ὥραις
507 3051 538 3113 ὲν
562 3047 610 3125 αἷς
633 3040 773 3126 ἐξέλιπεν
796 3050 812 3110 ὁ
836 3046 934 3121 ἥλιος,
959 3047 1015 3109 oe·
1067 3069 1125 3135 per
1140 3051 1207 3114 tres
1222 3047 1326 3128 horas,
1339 3047 1372 3112 in
1387 3048 1504 3132 quibus
1519 3047 1568 3114 sol
1583 3047 1711 3130 defecit,
1723 3051 1811 3115 sstrs

268 3153 353 3243 τέμες
376 3153 533 3244 ἐφάνησαν
557 3157 589 3221 ἐν
613 3159 730 3245 οὐρανῷ
750 3159 791 3230 ὡς
814 3155 845 3218 ἐν
869 3152 968 3218 νυκτί.
1068 3155 1279 3223 oernsbsntnr
1301 3153 1335 3220 in
1357 3154 1446 3220 ooolo
1468 3156 1551 3222 sicut
1572 3155 1606 3220 in
1629 3159 1733 3222 noeto.

366 3501 396 3545 ν.
420 3481 452 3546 9.
476 3477 512 3541 Ὁ
535 3485 631 3542 ποιῶν
655 3467 805 3556 Πλειάδα,
829 3477 884 3542 καί
900 3477 1068 3567 Ἕσπερον,
1085 3475 1139 3541 καί
1162 3481 1359 3566 Ἀρκτοῦρον,
1383 3473 1437 3538 καί
1461 3481 1584 3564 Ταμεῖα
1606 3474 1715 3540 Νότου.

475 3587 539 3671 Qui
550 3589 627 3672 fecit
642 3587 816 3669 Ρίυόαάονο,
831 3595 862 3656 et
884 3588 1054 3671 Πωμεντίνου
1069 3595 1100 3656 et
1114 3588 1300 3668 Arcturum,
1317 3593 1347 3654 et
1362 3585 1473 3654 stellas
1487 3585 1615 3654 Austri.

337 3807 447 3866 Ταῦτα
478 3799 552 3892 ὑπὲρ
583 3801 638 3890 ἐμέ
667 3800 800 3868 ἐστιτὰ
824 3800 1012 3892 μαθήματα.
1134 3800 1188 3868 Με
1214 3805 1368 3886 superent
1398 3800 1581 3887 hujusmodi
1610 3801 1812 3870 documento.

269 3912 399 3974 Πολλῶν
411 3907 472 4000 γάρ
489 3909 587 3973 όντων
604 3918 668 3975 τῶν
685 3909 822 3998 ἀστέρων
840 3900 1013 3992 Πλειάδων,
1067 3907 1267 3994 Numquam
1284 3907 1386 3974 multa
1402 3907 1506 3974 sidero
1520 3909 1586 3976 sint
1601 3931 1684 3995 qnns
1707 3909 1814 3978 Pleia-

268 4021 441 4090 πλανητῶν
452 4015 506 4081 καί
519 4015 665 4082 ἀπλάνων
677 4017 941 4109 παραλεγομόνων
954 4018 1014 4082 ὑπό
1067 4017 1131 4098 des,
1155 4016 1303 4101 planetae
1326 4018 1359 4082 et
1382 4015 1559 4082 inerrantes
1592 4021 1747 4083 vocentur
1772 4017 1813 4084 eb

269 4133 333 4189 τῶν
347 4122 389 4212 μὴ
404 4114 531 4188 εἰδότων
544 4129 585 4200 ὡς
601 4125 691 4190 αὐτοὶ
701 4123 725 4208 ¹)
742 4118 916 4213 νομίζουσιν
934 4125 1015 4208 (ἔστι
1067 4125 1117 4192 his
1140 4125 1196 4211 qui
1219 4145 1256 4190 eu
1278 4145 1342 4189 non
1365 4123 1523 4205 viderunt,
1546 4125 1629 4192 siout
1650 4124 1713 4210 ipsi
1743 4124 1815 4210 opi·

270 4229 490 4322 καίἜσπερος,
504 4234 572 4296 ίστι
584 4231 638 4296 καί
654 4231 796 4310 Φαέτων,
809 4231 864 4296 καί
878 4233 1014 4308 Φαίνων,
1067 4236 1186 4298 nentur
1215 4229 1288 4317 (est
1317 4251 1413 4316 porro
1441 4229 1581 4316 Vesper,
1605 4237 1654 4298 est
1684 4253 1811 4318 quoque

270 4340 324 4405 καί
342 4331 483 4404 Στίλόων
507 4339 561 4404 καί
578 4341 759 4432 Φωσφόρος)
776 4341 809 4406 τί
826 4331 945 4414 δήποτε
962 4333 1015 4405 οὖν
1068 4340 1214 4407 Ρίυουίου
1237 4342 1269 4404 et
1291 4339 1444 4406 Phoenon
1463 4342 1496 4405 et
1513 4337 1639 4406 Stilbon
1663 4344 1695 4406 et
1718 4339 1813 4407 Luoi·

270 4440 378 4514 slot
402 4452 433 4513 ὲν
458 4447 619 4538 Πνεόματι
634 4448 844 4542 φθεγγόμενος
862 4450 922 4514 ἀπὸ
946 4473 1017 4515 τοσ·
1068 4447 1149 4532 fer),
1172 4446 1249 4532 qnid
1272 4450 1321 4512 est
1342 4446 1444 4532 igitur
1474 4446 1560 4532 quod
1588 4446 1662 4528 J0b‚
1687 4445 1811 4532 Spiritu

270 4554 369 4621 οότων
401 4553 538 4645 ἀστέρων
561 4565 625 4621 τῶν
657 4560 688 4621 ἐν
719 4565 766 4640 τῷ
798 4553 932 4621 ἀπλάνει
954 4554 1014 4629 τὴν
1069 4554 1204 4634 afflatus,
1227 4554 1313 4620 inter
1335 4557 1387 4620 tot
1410 4557 1509 4635 nstro,
1532 4576 1614 4640 quoe
1639 4555 1704 4621 fixo
1726 4559 1812 4622 sunt.

270 4654 411 4729 Πλιίαδσι
424 4662 523 4751 μόνην
536 4662 679 4752 ὠνόμασε
688 4691 696 4742 ;
712 4664 767 4729 καί
779 4664 841 4730 ἀπὸ
855 4664 1014 4730 τοσούτων
1069 4661 1230 4728 Pleiodem
1247 4660 1376 4746 proprio
1395 4659 1523 4726 nomino
1539 4660 1680 4728 dixerit?
1696 4660 1761 4727 Gur
1776 4683 1815 4728 ex

270 4773 442 4844 πλανητῶν
459 4770 638 4862 λεγομένων
652 4771 807 4862 Ἕσπερον
824 4770 917 4861 μόνον
933 4773 1017 4861 εἵρη-
1068 4773 1119 4836 tot
1133 4769 1273 4856 plnnetis
1288 4790 1367 4854 quus
1382 4768 1502 4850 dieunt,
1519 4769 1679 4836 voonvorit
1691 4767 1814 4854 Vespe-

270 4901 307 4943 κε
315 4903 323 4957 ;
348 4877 402 4942 καί
426 4876 523 4944 ἀλλον
547 4879 600 4944 ἕνα
623 4879 678 4944 τὸν
701 4871 886 4970 Ἀρκτοῦρον
910 4879 964 4944 τόν
982 4881 1013 4944 ἐν
1068 4901 1140 4944 rnm
1163 4877 1277 4958 solnm,
1301 4881 1334 4943 et
1356 4875 1443 4943 eliud
1465 4875 1570 4943 solum
1589 4875 1764 4944 Arcturum
1778 4877 1814 4943 in

268 4993 315 5068 τῷ
339 4987 471 5074 ἀρκτοῦν
489 4984 576 5060 ὄντα,
593 4985 648 5050 τδν
666 4986 833 5077 λεγόμενον
849 4984 1014 5052 tortuosos
1068 4985 1302 5073 septentrione,
1326 4984 1409 5070 quod
1431 4983 1578 5051 nonnulli
1605 4989 1721 5052 vocent
1747 4983 1814 5051 ursi

270 5090 513 5182 n'rpuroptluun3
1067 5094 1258 5162 custodem?

306 5322 331 5398 8)
348 5322 455 5381 Mettln
473 5339 555 5398 xxvi,
574 5324 617 5384 s1.
1103 5322 1126 5397 Ι)
1144 5321 1214 5380 eod.
1233 5320 1331 5418 ρόττός.
