4022 6072
251 454 305 511 114

247 619 346 688 νόμενος
360 619 450 688 εὑρεθῇ,
465 617 591 688 ἐπιτιμίαν
604 612 738 686 λαμύάνει,
753 617 785 678 ὡς
799 617 927 686 ἀμελήσας
947 619 995 666 τῶν

250 711 299 760 ἀπθ
319 707 421 767 στήθεος
433 705 463 780 ¹)

283 797 315 854 η’.
334 797 367 849 ‘0
387 798 581 866 ἀπολειπόμενος
601 799 645 855 τῆς
672 796 851 869 ἀναγνώσεως,
869 796 995 865 ἐπιτιμίαν

247 883 378 956 λαμύάνει,
399 889 431 947 ὦς
451 887 588 956 ἀμελήσας,
602 885 735 956 ίμπροσθεν
753 889 796 937 τοῦ
814 885 994 953 θυσιαστηρίου.

283 977 311 1029 θ’.
332 981 424 1038 Μηδεὶς
444 977 528 1038 ἐξείτω
548 981 591 1037 τῆς
611 975 731 1037 συνάξεως
751 979 795 1036 τής
816 976 899 1044 ἑορτῆς
919 972 996 1026 ἐπιτι-

247 1067 366 1137 λουμένης
390 1073 464 1138 χωρὶς
490 1069 539 1118 τῶν
566 1065 786 1138 προσταχθέντων,
807 1065 875 1134 οἷπερ
903 1063 995 1134 όρθρινή

249 1157 313 1210 ἐστιν
333 1155 394 1227 ῶρα.

284 1250 307 1301 ε’.
327 1249 449 1309 Μέναντες
468 1251 490 1300 οί
510 1250 621 1318 ἀδελφοὶ,
641 1248 702 1315 ὁμοῦ
716 1245 867 1316 διερχόμενοι
886 1245 931 1301 τήν
950 1263 996 1296 κα-

247 1341 362 1408 τοίκησιν,
382 1339 468 1392 ἔπειτα
487 1340 647 1392 ἀπολυθῆναι.

285 1431 326 1483 ια’.
339 1432 441 1482 Γινίσθω
455 1431 508 1484 eii
525 1429 664 1495 κατήχησις
678 1426 732 1478 καθ’
748 1422 877 1495 ἐύδομάδα
894 1429 996 1494 τρισσά-

249 1543 295 1590 κις,
316 1523 348 1582 είς
367 1525 393 1574 δὲ
413 1521 456 1577 τήν
482 1521 621 1587 κατήχησιν
648 1522 733 1588 μηδεὶς
760 1517 931 1584 ἀπολυπίσθω,
951 1517 996 1577 ἐυς

250 1613 405 1665 ἀπολυθῶσιν
424 1612 447 1662 σί
466 1609 577 1679 ἀδελφοί·
596 1608 687 1659 τούτων
702 1607 763 1658 άλων
784 1607 795 1656 δ
815 1607 925 1675 ἀμελῶν,
945 1603 998 1656 ἐπι-

248 1703 334 1771 τιμίαν
352 1696 478 1770 λαμόάνοι
491 1698 556 1768 ύπὶρ
576 1698 657 1750 αὐτῶν
668 1695 698 1768 ¹).

287 1792 327 1856 ιβ’.
346 1793 438 1852 Μηδεὶς
457 1795 532 1861 χωρὶς
546 1792 589 1849 τής
607 1791 718 1859 κεφαλῆς
736 1787 829 1860 καλέσῃ
849 1789 904 1847 τούς
925 1788 996 1838 ἀδελ-

250 1885 308 1954 φούς
328 1883 360 1940 είς
380 1880 425 1936 τήν
445 1878 550 1940 σύναξιν·
571 1881 614 1937 τῆς
635 1879 660 1928 δέ
675 1876 795 1938 συνάξεως
816 1874 995 1944 ἀπολουμένης,

249 1975 271 2026 οὶ
292 1975 395 2043 ἀδελφοὶ
413 1967 607 2041 ἐκπορευόμενοι,
628 1969 781 2038 μελιτήσατε
794 1967 838 2028 ἕως
857 1970 900 2019 τοῦ
920 1966 996 2018 τόπου

249 2067 294 2123 τής
314 2062 396 2122 ἑστίας
407 2061 437 2133 ¹).

286 2156 330 2224 ιγ’.
349 2155 442 2211 Μηδεὶς
461 2151 506 2208 τήν
525 2149 636 2220 κεφαλήν
656 2147 842 2220 κεκαλυμμένος
860 2147 922 2201 ἐστω
942 2149 996 2218 πίρὶ

250 2243 295 2300 τήν
316 2241 421 2312 μελέτην
430 2239 462 2313 ¹).

287 2331 324 2384 ιδ’.
345 2330 446 2384 Ἐσθίων
465 2333 491 2382 δέ
510 2329 535 2382 ού
556 2330 590 2398 μή
606 2328 713 2399 ἐκτείνῃς
735 2329 777 2384 τήν
796 2329 868 2398 χεῖρά
887 2347 930 2379 σου
951 2330 996 2398 πρὸ

252 2421 300 2472 τῶν
319 2420 434 2490 μειζόνων
449 2439 499 2485 σου,
514 2419 569 2472 οὔτε
582 2414 730 2490 περιύλίψῃς
744 2420 799 2478 τοὺς
819 2419 939 2488 ἀδελφούς
959 2418 997 2469 ἐσ-

251 2511 356 2571 θέοντας.

289 2601 325 2654 ιδ’.
340 2602 464 2662 Ἕκαστος
477 2603 502 2652 δὶ
517 2601 528 2652 ό
542 2602 631 2670 μείζων
645 2601 764 2662 ἷκδιδάξει
776 2602 830 2658 τοὺς
844 2596 866 2650 ίν
883 2602 913 2669 τῇ
926 2598 996 2667 μονή,

251 2693 305 2751 πῶς
325 2693 364 2742 διί
379 2687 491 2750 ἐπιεικῶς
511 2688 568 2760 μετ’
587 2687 726 2758 ἐπιστήμης
747 2689 839 2741 ἐσθίειν.

288 2779 323 2832 ιε’.
343 2782 371 2831 Ei
390 2780 416 2831 δι’
435 2800 470 2840 τις
483 2779 611 2851 προπίτως
626 2780 756 2850 φερόμενος
772 2779 887 2850 ἐγέλασεν
906 2775 922 2832 ή
942 2774 999 2828 ἐλά-

250 2876 321 2937 λησε,
341 2870 466 2940 ἐπιτιμίαν
485 2865 567 2936 λάόοι,
587 2870 611 2922 ἐν
625 2871 659 2938 τῶ
674 2869 741 2938 αύτῷ
760 2869 830 2939 τόπῳ
850 2869 935 2933 ἑστὼς,
955 2866 997 2925 ἐως

252 2963 347 3031 ἀνάστφ
368 2980 403 3020 τις
423 2962 471 3012 τῶν
491 2961 616 3013 ἐσθιόντων
636 2962 758 3031 ἀδελφῶν.

289 3049 325 3110 ις’.
347 3053 377 3100 '0
397 3050 526 3119 ὑστερίζων
540 3052 582 3110 τής
597 3049 668 3116 εύχής
683 3052 725 3102 τοῦ
739 3053 836 3122 φαγεῖν,
851 3052 907 3101 ἀνευ
926 3065 999 3116 προσ-

251 3142 371 3199 τακτικής
382 3142 500 3205 κατοχῆς,
512 3138 601 3206 ὁμοίως
612 3140 758 3208 μετανοήσει
769 3139 791 3191 ἐν
802 3140 837 3206 τῶ
848 3137 916 3206 αύτῷ
927 3137 997 3206 τόπῳ

251 3231 294 3281 τού
309 3232 407 3300 φαγεῖν,
421 3225 437 3284 i)
451 3229 492 3280 ἐπὶ
506 3231 546 3279 τθν
560 3223 625 3278 οέκον
638 3231 752 3288 νηστικὶς
766 3225 912 3296 ἐπιστρέψει
921 3227 952 3298 ¹¹).

288 3317 325 3378 ιζ’.
344 3317 421 3387 Χρεία
440 3337 475 3377 τις
489 3317 530 3369 ἐάν
545 3335 581 3367 σοι
595 3316 698 3388 γίνηται
711 3317 751 3369 ἐπὶ
770 3320 813 3376 τῆς
824 3315 956 3386 τραπέζης,
971 3315 997 3367 ού

252 3408 287 3478 μή
307 3409 429 3479 λαλήοῃς,
450 3410 517 3459 ἀλλά
536 3407 648 3478 κρούσῃς.

290 3497 330 3553 ιη’.
350 3495 437 3558 Ἐξιὼν
451 3499 476 3548 δέ
490 3499 534 3556 τής
547 3499 677 3558 ἑστιάσεως
691 3497 718 3549 ού
732 3497 767 3568 μή
782 3497 956 3570 πολυλογήσφς
976 3498 998 3549 ἐν

253 3591 284 3658 τῇ
304 3589 379 3659 ῥύμῃ,
398 3587 442 3647 ἐως
462 3583 489 3639 οὗ
510 3591 604 3660 φθάσῃς
624 3589 656 3648 είς
677 3589 718 3640 τὶν
738 3584 811 3642 οέκον.

289 3678 325 3730 ιδ’.
345 3679 436 3738 Μηδεὶς
456 3677 554 3730 ἐσθιέτω
568 3681 642 3750 γάρος
656 3674 671 3733 ii
686 3681 731 3748 πιῇ
744 3674 815 3750 οένον,
830 3681 849 3731 εἰ
870 3680 904 3750 μή
926 3680 998 3751 μόνον

253 3768 275 3818 ei
295 3768 447 3826 ἀσθενοῦντες
458 3764 489 3838 ⁶).

288 3856 319 3908 κ’.
332 3857 365 3906 ‘0
380 3852 540 3926 παραόαίνων
553 3861 597 3917 τὰς
611 3857 755 3927 οἰκοδόμους
768 3856 870 3924 ταύτας,
883 3859 942 3928 ὑπέρ
956 3857 999 3908 αύ-

252 3947 300 3998 τῶν
319 3947 444 4015 ἐπιτιμίαν
463 3941 577 4017 λάύοιί).

287 4033 335 4086 κα’.
355 4033 413 4087 Ἐάν
434 4055 467 4096 τις
487 4039 609 4105 προσελθῇ
628 4039 660 4106 τῇ
678 4035 779 4110 θύρφέ),
796 4039 872 4089 θελὼν
892 4037 999 4089 ύποτακ·

251 4127 318 4184 τικὶς
332 4120 401 4190 εέναι,
415 4129 470 4194 περὶ
484 4124 571 4176 τούτου
585 4125 719 4194 μηνύσουσι
732 4127 829 4196 πρῶτον
843 4128 875 4194 τῇ
890 4127 997 4196 κεφαλῇ,

251 4211 305 4268 ιέτα
324 4213 512 4284 παραδώσουσιν
532 4213 599 4282 αύτῷ
622 4215 666 4272 τήν
686 4215 832 4285 προσευχήν,
853 4219 895 4267 καὶ
914 4217 999 4266 διδάσ-

252 4325 334 4358 κουσιν
348 4305 421 4358 αύτδν
434 4307 527 4373 καλῶς,
541 4311 586 4358 καὶ
599 4305 710 4376 ψαλμοὺς
723 4306 797 4358 αύτόν
808 4311 914 4376 μελετᾷι
928 4325 999 4363 ποιη-

290 4535 312 4608 ¹)
330 4535 414 4592 Haeo
433 4541 464 4592 et
476 4537 562 4610 plura
575 4535 642 4608 elie,
655 4536 783 4593 obscure
800 4540 831 4593 ei
850 4542 999 4610 corrupte,

253 4625 390 4681 consulto
408 4623 549 4681 videntur
567 4625 604 4680 eb
623 4624 712 4682 editis
731 4631 887 4699 expuncta.

289 4714 313 4787 ²)
323 4713 367 4770 Of.
379 4713 462 4772 Hier.
475 4730 537 4784 nl,
551 4713 602 4771 ubi
614 4719 752 4785 κατήχησις
767 4722 814 4774 est
826 4719 998 4790 disputatio.

290 4803 314 4878 ³)
333 4803 376 4862 01⁴.
397 4804 479 4862 Hier.
497 4820 603 4862 αιτιοι.

288 4895 312 4968 ⁴)
331 4893 380 4950 Ae
398 4891 473 4950 haee
493 4898 524 4950 et
543 4895 699 4966 sequentia
722 4896 759 4952 ef.
782 4895 848 4954 edd.
866 4915 947 4956 num.
966 4915 999 4970 11,

253 4997 297 5054 ιιι,
317 4997 383 5054 vm,
402 4999 443 5040 1x.
462 4982 585 5041 Hieron.
604 4999 699 5044 xxxn.

288 5073 578 5147 5)()δοιὶ(1.κ,ιιθὶ
600 5075 680 5133 mele
706 5079 718 5129 ὁ
744 5083 835 5151 στερῶν
852 5082 997 5151 τήςρύχῆς.

254 5163 298 5221 cf.
316 5164 399 5222 Hier.
728 5180 732 5189 ·

289 5254 312 5329 ⁰)
332 5255 411 5312 Fert.
431 5254 513 5314 Hier.
533 5271 608 5318 xiv:
635 5259 742 5318 Vinum
768 5263 821 5319 συθ
847 5255 999 5335 liquamen

864 443 986 517 Sancti
1003 441 1186 518 Ρυοέεοηοίί

1050 635 1139 671 σουοιν.
1159 616 1252 686 μενίτω
1271 619 1297 668 δέ
1315 619 1375 687 πρθς
1395 621 1426 688 τῇ
1445 618 1505 688 θύρορ
1524 617 1610 690 ὀλίγας
1623 618 1716 689 ήμίρας
1730 621 1795 670 δοκε-

1051 707 1196 775 μαζόμενος·
1216 705 1250 774 μή
1272 709 1339 772 τάχα
1359 709 1399 758 διά
1419 708 1531 774 ταραχήν
1551 710 1614 775 τίνα,
1633 711 1662 764 ήν
1681 709 1793 763 ἐποίησεν

1050 792 1142 854 ήίσως
1162 796 1208 846 ύπὸ
1228 792 1338 854 ἐξουσίαν
1358 793 1460 861 ἐστὶν,ή
1481 797 1500 848 εί
1520 797 1622 856 δυνατός
1642 797 1714 862 ἐστιν,
1732 799 1795 847 ἀπο·

1051 883 1170 945 τάξασθαι
1182 889 1234 944 τοῖς
1248 887 1335 937 ἐαυτοῦ
1349 891 1458 956 πατράσι
1472 893 1538 939 κατά
1547 891 1637 958 σάρκα,
1648 886 1693 939 κάν
1709 889 1795 956 εύρῶσι

1048 974 1118 1024 τόνδε
1133 977 1172 1026 τὸν
1186 976 1310 1042 ἀνθρωπον
1324 976 1420 1043 ἐτοιμδν
1433 973 1456 1026 ἐν
1470 983 1545 1028 παντὶ
1559 980 1699 1048 πράγματι·
1710 975 1795 1027 ἔπειτα

1051 1067 1134 1116 τοῦτον
1153 1065 1282 1125 διδάξωσιν
1297 1071 1341 1125 τὰς
1354 1069 1402 1118 τῶν
1417 1069 1532 1138 ἀδελφῶν
1545 1068 1684 1136 ἐπιστήμας
1704 1069 1795 1126 πάσας·

1051 1155 1098 1206 εἴτε
1117 1159 1161 1216 τῆς
1181 1160 1293 1228 μεγάλης
1314 1157 1443 1224 συνάξιως,
1466 1160 1513 1211 εἶτε
1533 1163 1576 1218 τῆς
1596 1156 1734 1224 ἑστιάσεως,
1756 1159 1795 1209 ἵνα

1051 1246 1152 1300 εὶσελθοι
1163 1250 1245 1317 ἀρτιος
1257 1245 1280 1299 ἐν
1296 1253 1371 1301 παντὶ
1382 1251 1477 1321 ἀγαθῶ·
1487 1255 1553 1318 μετά
1563 1252 1644 1300 ταῦτα
1657 1249 1796 1301 ἐκδύσουσιν

1051 1336 1123 1389 αύτδν
1136 1342 1169 1388 τά
1182 1344 1292 1408 κοσμικὰ
1312 1341 1411 1407 ἱμάτια,
1424 1339 1546 1392 ἐνδύσουσι
1560 1343 1585 1392 δὶ
1598 1340 1671 1392 αὐτὸν
1684 1343 1712 1391 τδ
1726 1341 1796 1407 ἀρμα

1050 1433 1077 1480 τὶ
1092 1429 1267 1480 ἀποτακτικόν·
1282 1431 1297 1480 ἃ
1311 1433 1336 1481 δέ
1356 1431 1491 1483 ἀποδύεται
1512 1434 1600 1499 ἱμάτια
1619 1429 1634 1486 i.
1654 1435 1716 1482 ἀλλο
1735 1427 1795 1490 είδος

1050 1516 1163 1587 εἰσφέρει,
1183 1518 1256 1570 δώσει
1275 1518 1341 1569 αύτά
1360 1521 1392 1578 είς
1412 1519 1456 1574 τήν
1476 1519 1586 1580 ἐξουσίαν
1607 1523 1649 1578 τής
1669 1519 1795 1579 κοινωνίας

1050 1608 1096 1659 ύπὸ
1117 1608 1159 1663 τήν
1178 1608 1282 1680 γνώμην
1302 1612 1344 1661 τοῦ
1363 1613 1455 1681 πατρός
1476 1613 1520 1669 τῆς
1541 1613 1625 1678 μονάς.

1086 1695 1135 1760 κβ’.
1154 1695 1213 1748 Ἐάν
1232 1717 1268 1757 τις
1288 1697 1415 1768 προσέλθοι
1428 1701 1487 1769 πρὶς
1503 1699 1546 1754 τήν
1566 1699 1637 1768 θύραν
1657 1698 1711 1763 ἐξω,
1732 1697 1796 1749 ὥστε

1050 1785 1227 1854 ἐπισκόύασθαί
1248 1805 1302 1838 τινα
1322 1788 1369 1838 τῶν
1389 1790 1503 1858 ἀδελφῶν
1521 1787 1589 1856 αὐτῷ
1608 1785 1763 1858 διαφέροντα,
1784 1787 1796 1838 ό

1049 1880 1153 1947 θυρωρός
1173 1883 1228 1948 περὶ
1255 1877 1342 1930 τούτου
1366 1879 1468 1948 μηνύσοι
1494 1882 1657 1950 miqui·
1677 1879 1688 1930 ό
1708 1880 1733 1929 δέ
1753 1878 1797 1946 ἐμ-

1049 1969 1137 2038 πίμψῃ
1157 1970 1230 2022 αύτδν
1250 1968 1303 2038 μεθ’
1323 1965 1349 2022 ού
1368 1967 1408 2022 ἐὰν
1428 1969 1542 2034 βούλιται
1555 1974 1614 2042 πρὸς
1634 1973 1661 2022 τδ
1681 1973 1794 2021 ἀπαντᾶν

1050 2063 1110 2128 πρδς
1130 2063 1183 2120 ταῖς
1202 2060 1293 2129 θύραις.

1085 2149 1134 2220 κγ’.
1153 2147 1212 2200 Ἐάν
1232 2148 1365 2220 γίνηταιί)
1386 2151 1486 2220 ἀδελφῷ
1506 2149 1551 2211 ἐξω
1565 2153 1608 2210 τής
1622 2153 1698 2220 μονῆς
1718 2153 1796 2222 ἀναγ-

1048 2241 1165 2300 κάζεσθαι
1184 2235 1336 2308 μεταλαύεῒν
1356 2242 1438 2310 άρτον,
1458 2240 1485 2291 ού
1504 2241 1539 2310 μή
1560 2241 1626 2310 ἐσθίῃ
1650 2241 1673 2291 ἐν
1692 2243 1727 2308 τῷ
1747 2259 1795 2290 πα-

1049 2332 1136 2400 τερικῶ
1157 2331 1226 2401 οίιιφ,
1247 2334 1313 2382 ἀλλά
1332 2329 1462 2400 μάλλονή
1487 2333 1510 2383 ἐν
1536 2332 1645 2400 κυριακῷ
1671 2327 1729 2386 ήέν
1750 2349 1797 2381 τινι

1051 2422 1209 2490 μοναστηρίῳ
1230 2424 1272 2479 τής
1292 2420 1367 2478 αύτής
1386 2422 1500 2480 πίστεως·
1519 2419 1577 2471 Ἐάν
1596 2423 1622 2472 δὶ
1642 2423 1798 2489 παρασκευά-

1051 2531 1124 2562 σωσιν
1143 2511 1224 2571 αύτοῒς
1239 2515 1337 2582 φαγεῖν,
1351 2511 1377 2562 ού
1391 2512 1426 2580 μή
1440 2511 1577 2583 γεύσωνται
1591 2511 1722 2580 ἐψελμίνου
1741 2511 1797 2582 γεύ-

1052 2621 1139 2670 ματος,
1159 2603 1213 2655 ούτι
1226 2605 1302 2674 γάρος
1316 2603 1370 2654 ούτε
1383 2599 1445 2654 οένον
1459 2605 1555 2667 πίωσιν,
1570 2602 1623 2653 ούδὶ
1642 2605 1705 2654 ἀλλο
1724 2623 1747 2654 τι
1765 2598 1798 2654 ei·

1053 2695 1102 2756 δσς,
1113 2691 1139 2743 οὐ
1153 2691 1188 2761 μή
1204 2693 1304 2763 φαγῶσι
1315 2697 1383 2760 παρὰ
1395 2695 1437 2744 τὸν
1451 2692 1590 2764 ἐγκείμενον
1602 2691 1686 2751 αὐτοῖς
1699 2693 1798 2745 κανόνα.

1087 2780 1133 2832 κδ’.
1154 2784 1247 2840 Μηδεὶς
1261 2783 1395 2850 ἀποστολῇ
1408 2783 1515 2850 μονήρης
1530 2782 1563 2841 είς
1577 2781 1701 2852 κοσμικόν.
1717 2778 1794 2846 [Ἐὰν]

1052 2871 1233 2943 προσενέγκωοί
1247 2891 1301 2936 τινι,
1316 2870 1369 2922 ούδὶ
1384 2873 1432 2923 ἀπδ
1446 2873 1494 2923 τῶν
1509 2873 1631 2942 ἀδελφῶν,
1645 2871 1671 2924 ού
1690 2872 1725 2940 μή
1738 2871 1798 2932 εξεί-

1052 2979 1138 3014 πωσιν.

1087 3051 1132 3105 κε’.
1151 3049 1210 3101 Ἐάν
1224 3049 1348 3101 καλέσωσι
1360 3052 1414 3110 τοὺς
1428 3052 1548 3123 ἀδελφοὺς
1563 3052 1596 3111 εὶς
1609 3051 1737 3122 ἐργασίαν,
1751 3070 1798 3120 μη-

1052 3145 1102 3202 δεὶς
1120 3140 1286 3193 ύπσλειπέσθω
1306 3142 1355 3192 τῶν
1375 3143 1506 3212 ἀδελφῶν,
1527 3140 1580 3194 ούδὶ
1606 3141 1641 3211 μή
1661 3140 1796 3201 ζητήσουσί

1052 3251 1099 3283 που
1118 3230 1247 3300 μέλλουσιν
1266 3227 1385 3282 ἐκύαίνειν
1398 3230 1440 3302 ¹⁰).

1087 3319 1132 3380 κς’.
1151 3317 1210 3370 Ἐάν
1229 3320 1281 3371 ὅλοι
1301 3320 1453 3386 συνέχθωσιν,
1474 3320 1486 3370 ὁ
1509 3320 1691 3392 προηγούμενος
1716 3320 1796 3372 αὐτῶν

1052 3407 1215 3481 προάρξηται,
1235 3409 1402 3478 πορευομένων
1422 3407 1478 3460 κατ’
1499 3410 1598 3478 ἐρδενον.

1088 3499 1135 3560 κζ’.
1154 3496 1324 3559 Ἐκύαίνοντες
1344 3501 1369 3551 δέ
1392 3501 1568 3571 μελετήσωσιν,
1588 3499 1749 3572 ίργαζομίνον
1772 3501 1797 3552 δέ

1053 3594 1139 3659 μηδεὶς
1164 3591 1269 3646 λαλήσει
1288 3593 1329 3642 διά
1348 3594 1391 3651 τής
1413 3591 1482 3656 ύλης,
1503 3594 1570 3644 ἀλλὰ
1594 3592 1761 3661 μελετήσωσιν
1781 3588 1796 3646 ή

1051 3683 1223 3748 ήσυχάσωσιν·
1244 3681 1420 3750 εἰσερχομίνων
1440 3685 1465 3733 δὶ
1492 3685 1541 3733 τῶν
1565 3683 1679 3750 ἀδελφῶν
1700 3682 1733 3740 εἰς
1754 3681 1797 3736 τήν

1052 3771 1136 3841 μονήν,
1157 3773 1244 3838 μηδεὶς
1264 3769 1345 3821 αὐτῶν
1365 3773 1496 3841 ύποληφθῇ
1514 3775 1590 3842 χωρὶς
1610 3775 1762 3844 προσταγής.

1087 3857 1137 3914 κη’.
1156 3861 1250 3918 Μηδεὶς
1271 3859 1296 3911 ού
1317 3860 1352 3929 μή
1372 3856 1438 3930 λάύῃ
1460 3862 1509 3912 ἀπὸ
1528 3863 1571 3912 τοῦ
1589 3861 1670 3917 κήπου
1688 3864 1797 3928 λάχανα,

959 3961 962 3967 ’
1052 3951 1122 4018 χάρὶς
1143 3951 1185 4000 τοῦ
1204 3952 1329 4019 κηπουροῦ
1341 3948 1382 4022 ¹¹)

1088 4039 1133 4093 κθ’.
1153 4042 1247 4098 Μηδεὶς
1267 4040 1294 4091 ού
1314 4041 1349 4111 μή
1375 4045 1445 4115 φαγῇ
1464 4042 1593 4114 σταφυλήν
1613 4043 1635 4094 ἐν
1655 4043 1705 4100 τοῖς
1726 4043 1798 4095 ἀδελ·

1054 4135 1115 4202 φοῖς,
1136 4130 1189 4182 ούδὶ
1209 4135 1304 4198 στάχυν
1322 4135 1363 4183 διδ
1375 4133 1419 4188 τήν
1434 4133 1565 4200 οἰκοδομήν
1585 4133 1629 4189 τῶς
1649 4131 1797 4200 ἐπιστήμης,

1052 4227 1095 4274 καὶ
1106 4225 1155 4274 ἀπὶ
1166 4223 1214 4274 τῶν
1229 4225 1331 4293 καρπῶν
1345 4220 1367 4273 ἐν
1382 4226 1431 4281 τοῖς
1445 4223 1536 4293 ἀγροις,
1549 4224 1635 4290 μηδεὶς
1650 4223 1730 4292 φάγῃ,
1742 4225 1796 4290 πρῖν

1052 4317 1114 4365 πάσι
1133 4318 1183 4375 τοῖς
1203 4317 1320 4386 ἀδελφοῖς
1339 4314 1447 4366 διδόνται
1465 4315 1562 4383 πρῶτον
1575 4311 1617 4387 ¹²).

1052 4549 1163 4622 absque
1189 4550 1251 4605 loeo
1278 4549 1496 4620 οερτοὶαιιδὶιιηι
1520 4564 1606 4605 nemo
1631 4548 1796 4621 οοηὶίηροὶ,
1882 4533 1886 4539 ’

1053 4658 1133 4696 num.
1153 4655 1241 4696 τιν’τε
1260 4641 1411 4711 liquamen
1429 4639 1465 4696 de
1480 4640 1623 4711 piscibus.

1088 4731 1111 4802 ¹)
1129 4728 1187 4784 Hie
1206 4729 1274 4784 fort.
1293 4727 1362 4784 finis
1380 4727 1470 4800 primi
1487 4728 1662 4801 regularum
1680 4726 1797 4802 eapitis.

1089 4821 1112 4893 8)
1130 4817 1212 4874 Hier.
1232 4833 1271 4890 m,
1291 4822 1323 4875 et
1341 4817 1449 4892 fusius,
1469 4819 1505 4876 cf.
1523 4833 1645 4876 cmlx.

1088 4905 1113 4978 ⁹)
1131 4905 1213 4961 Hier.
1233 4921 1293 4962 mv.

1078 4995 1113 5070 ¹⁰)
1130 4995 1212 5052 Hier.
1230 5011 1316 5054 evm.

1077 5087 1114 5160 l¹)
1133 5083 1215 5141 Hier.
1234 5100 1327 5142 mn.

1078 5175 1112 5248 ¹¹)
1129 5174 1211 5232 Hier.
1231 5187 1320 5231 mv.
