4008 6068
826 472 869 526 σοι
890 451 1073 526 Τίισεαοινο.

849 836 1008 905 Sabellum
1025 836 1059 921 ¹).

221 1053 263 1119 1κ
288 1055 430 1120 oratione
452 1052 560 1118 XXIV
584 1054 652 1120 edd.
677 1053 736 1120 eoi.
754 1055 819 1121 369
837 1053 875 1136 A,
893 1054 931 1137 Β,
947 1055 991 1122 od
1006 1057 1100 1124 verba
1125 1053 1259 1142 cyrilli.-
1284 1046 1498 1120 Ἀποδιίόσθω
1521 1056 1627 1121 τοίνυν
1654 1060 1723 1140 Θεῷ

178 1159 220 1225 τά
244 1164 311 1244 Θεῷ
335 1159 585 1251 χρεωστοιίμενα.

224 1381 334 1453 Καλῶς
350 1381 367 1440 ὁ
385 1377 482 1467 μέγας
505 1379 603 1468 ἔρησε
626 1376 788 1468 Κύριλλος,
813 1368 924 1442 ἁποδί-
1020 1380 1162 1467 Egregie
1185 1381 1266 1448 dixit
1288 1401 1424 1466 megnne
1451 1381 1603 1468 (tyrillus,
1626 1381 1725 1448 neeri·

178 1475 287 1551 δοσθαι
311 1489 380 1568 Θεῷ
403 1484 445 1552 τά
461 1491 533 1570 Θεῷ
549 1485 801 1577 χρεωστοιίμενα·
826 1477 922 1560 δῆλον
978 1489 1081 1556 bende
1104 1511 1171 1556 eeee
1195 1490 1263 1556 Deo
1287 1511 1368 1575 quee
1380 1489 1450 1556 Deo
1465 1490 1631 1556 debentur.
1647 1489 1721 1555 Ple·

177 1591 238 1682 γάρ
262 1595 312 1658 ὅτι
329 1595 366 1660 τὸ
383 1595 488 1686 ἄρχειν
505 1595 559 1659 καὶ
577 1595 751 1680 βασιλεύειν
769 1596 822 1662 καὶ
845 1603 924 1688 ήγη·
978 1619 1056 1664 num
1079 1602 1128 1663 est
1150 1597 1235 1663 enim
1258 1599 1343 1684 quod
1366 1619 1501 1684 regnare
1518 1602 1551 1664 et
1566 1598 1726 1682 imperare

177 1701 315 1789 μονεύειν
339 1713 395 1768 τοῦ
415 1695 491 1768 ἰδίου
515 1714 578 1780 νοῦ,
595 1708 668 1780 ὡςὸ
690 1703 787 1795 μέγας
811 1707 923 1795 ἔφησεν
980 1711 1013 1771 et
1034 1727 1180 1790 praeesse
1203 1704 1303 1790 ipsius
1326 1705 1441 1772 mentis
1460 1709 1519 1784 eet,
1535 1709 1572 1770 ut
1587 1726 1724 1790 megnue

177 1811 370 1890 Ἀθανάσιος.
389 1814 449 1878 Καί
466 1812 529 1902 μὴν
547 1813 601 1878 καί
617 1815 655 1879 τί
672 1814 758 1905 ἄγειν
776 1807 814 1879 δι’
829 1817 924 1881 αὑτοῦ
979 1814 1057 1879 dixit
1073 1812 1279 1880 Athanasius.
1296 1811 1344 1881 Ασ
1359 1813 1490 1898 proinde
1508 1813 1649 1898 ejusdem
1662 1817 1722 1895 eet,

176 1917 238 1994 τὴν
262 1919 364 2011 σάρκα
387 1921 441 1986 καί
465 1919 523 1998 τάς
541 1921 691 2012 σαρκικάς
708 1922 840 1999 κινήσεις
866 1921 925 1987 del·-
979 1943 1075 2008 egere
1087 1944 1146 2007 per
1160 1944 1331 1990 eeoernem
1346 1932 1380 1988 et
1395 1923 1500 1990 cernis
1513 1927 1619 1990 motus
1631 1923 1725 1990 modo

177 2037 237 2104 κῶς
262 2027 329 2117 ἅμα
344 2029 398 2093 καὶ
415 2030 661 2121 ἀναμαρτήτως,
677 2028 761 2094 κατὰ
778 2031 833 2094 τὸν
852 2028 926 2094 θαυ-
979 2031 1086 2097 divino
1102 2035 1135 2096 et
1150 2029 1270 2114 absque
1285 2033 1425 2115 petente,
1442 2030 1612 2098 secundum
1629 2030 1725 2097 theu·

179 2137 356 2227 ματουργὸν
381 2137 562 2228 Γρηγέριον,
579 2137 733 2202 ἀλλὰκαὶ
756 2148 796 2223 τῇ
823 2138 925 2228 σαρκὶ,
979 2141 1166 2224 meturgum
1189 2135 1392 2221 Gregorium
1413 2136 1489 2222 quin
1512 2139 1545 2202 et
1561 2137 1659 2218 perui,
1676 2137 1727 2202 in·

178 2245 271 2332 ρησί,
296 2243 338 2309 τά
370 2250 451 2332 αὐτῇ
484 2246 653 2336 πρέποντα.
685 2246 798 2337 Πρέπει
826 2237 860 2312 δὲ
881 2256 922 2332 τῇ
979 2247 1066 2332 quit,
1090 2268 1127 2312 ee
1159 2267 1239 2332 quee
1268 2245 1317 2311 illi
1346 2246 1542 2312 conveniunt
1571 2245 1721 2332 dirigere.

179 2351 270 2444 σαρκί
292 2363 347 2418 τοῦ
365 2353 476 2444 Λόγου,
494 2353 595 2434 καθὼς
612 2360 628 2420 ὁ
645 2355 745 2446 μέγας
768 2355 925 2445 ἠρμήνευ-
981 2354 1138 2422 Convenit
1159 2354 1247 2421 cerni
1270 2359 1377 2421 eutem
1401 2377 1420 2420 e
1442 2353 1552 2420 Verbo
1580 2375 1727 2438 eeeurnp-

178 2487 230 2530 σεν
255 2463 467 2540 Εὐστάθιος,ὁ
488 2465 652 2556 γενόμενος
676 2465 841 2540 ἐπίσκοπος
864 2469 926 2528 Κυ-
980 2469 1043 2546 tae,
1067 2464 1151 2530 sieut
1172 2462 1403 2548 interpretetus
1426 2466 1476 2529 eet
1498 2483 1635 2547 megnne
1658 2461 1724 2528 En·

180 2580 269 2660 ρυκοῦ
283 2569 319 2657 ²),
343 2571 381 2636 τὸ
405 2571 537 2663 ἄγεσθαι
560 2573 613 2638 καί
637 2575 667 2638 ὲν
692 2572 786 2637 πασίν
804 2569 847 2648 οἷς
870 2571 926 2636 πέ-
979 2572 1128 2653 είοίίιίοε,
1140 2571 1246 2646 iaetus
1257 2569 1362 2658 Oyriei
1374 2571 1552 2656 epiecopus,
1563 2570 1727 2656 congruit,

178 2700 256 2767 ρυκε
279 2677 430 2744 κινεῖσθαι
446 2688 492 2763 τῷ
511 2679 669 2766 πνεύματι
684 2679 739 2744 καί
757 2690 797 2763 τῇ
825 2680 923 2764 βουλῇ
978 2679 1094 2764 inquit,
1118 2701 1189 2745 eem
1212 2679 1308 2763 dirigi
1330 2679 1365 2744 in
1394 2677 1542 2745 omnibus
1573 2698 1654 2762 quae
1676 2675 1726 2742 illi

177 2785 231 2849 καί
246 2795 287 2869 τῇ
306 2775 437 2874 δυνάμει
454 2788 508 2852 καί
525 2780 649 2871 ἐξουσίᾳ
665 2797 722 2863 τῆς
741 2777 819 2862 ἰδίας
834 2789 926 2850 ὑποσ-
979 2791 1167 2872 competunt
1189 2787 1304 2872 epiritn
1327 2790 1360 2852 et
1379 2785 1545 2853 voluntate
1562 2789 1596 2852 et
1618 2787 1727 2870 potee-

177 2889 306 2968 τάσεως,
330 2891 453 2966 ταύτην
479 2883 513 2958 δὲ
537 2898 632 2958 εἰπεῖν
657 2903 712 2958 τοῦ
736 2893 850 2985 Λόγου,
870 2893 925 2957 καί
979 2899 1048 2962 tete
1064 2895 1255 2981 etpotentie
1269 2895 1419 2982 propriee
1434 2892 1726 2980 personae,eVer·

179 2990 276 3087 μηδὲν
300 2991 333 3078 ἐξ
365 3001 477 3077 οἰκείας
501 3006 600 3092 ὁρμῆς
631 3001 684 3066 καί
714 3000 785 3066 καθ’
807 3000 925 3076 ἑαυτὴν
979 3005 1031 3086 bo,
1048 3004 1185 3072 utidem
1201 3004 1335 3086 dicetur,
1353 3026 1390 3071 eo
1407 3002 1576 3070 nihileam
1595 3025 1635 3070 ex
1650 3025 1725 3088 pro-

177 3109 328 3198 ένεργεῐν,
352 3109 402 3173 ὅτι
426 3099 507 3195 μηδὲ
529 3111 684 3199 ὑφέστηκε
713 3107 784 3174 καθ’
808 3107 924 3180 ἑαυτὴν
979 3112 1050 3197 prio
1066 3116 1156 3178 motu
1172 3115 1205 3178 et
1221 3133 1279 3178 suo
1291 3112 1364 3197 jore
1380 3110 1517 3195 operari,
1534 3110 1610 3196 quie
1626 3131 1724 3195 penes

179 3215 257 3290 ὅλως
281 3215 318 3280 τὸ
343 3213 481 3280 σύνολον·
978 3221 1081 3307 ipeem
1096 3219 1178 3286 nihil
1193 3241 1230 3286 ex
1246 3219 1393 3288 omnibus
1409 3219 1538 3286 omnino
1561 3219 1673 3287 enbeet
1682 3213 1721 3303 ⁸).

652 3537 797 3625 Oprellue
819 3538 856 3606 in
878 3540 982 3607 codiee
1004 3560 1062 3608 ms.
1086 3538 1260 3608 Januensi.

222 3754 346 3842 Operee
369 3755 510 3840 pretium
532 3754 612 3821 mihi
634 3755 738 3822 visum
762 3759 811 3822 eet
833 3754 949 3838 faeere,
973 3755 1150 3823 describere
1172 3753 1326 3839 quidquid
1340 3753 1381 3821 ed
1401 3751 1558 3840 cyrillum
1581 3755 1725 3840 pertinet

181 3863 214 3930 in
236 3863 297 3930 hoe
320 3862 483 3928 volumine
506 3863 647 3947 optimee
670 3867 777 3946 notee,
801 3859 937 3928 nimium
961 3863 1083 3950 ignoto,
1103 3863 1262 3930 enemine
1276 3884 1372 3948 quem
1385 3861 1482 3932 eciem
1505 3861 1634 3946 eolleto,
1657 3863 1725 3931 eive

179 3970 283 4056 quoad
307 3969 474 4057 cyrillum,
497 3970 564 4036 sive
588 3971 693 4055 quoed
716 3971 888 4057 praecipue
910 3993 992 4056 quee
1015 3971 1049 4037 in
1073 3971 1185 4038 eodem
1207 3974 1389 4038 tractentur
1412 3975 1613 4058 ergnmenle.

223 4184 292 4252 Fol.
319 4187 359 4252 79
383 4208 412 4254 ν.
438 4184 472 4248 Ἡ
494 4182 666 4250 πονοθεῒσα
692 4177 798 4269 βίῧλος
822 4191 868 4269 τῷ
891 4186 923 4249 έν
940 4185 1039 4274 ἁγίοις
1056 4183 1187 4275 μεγάλῳ
1204 4185 1347 4275 ΚυριἋλῳ
1363 4182 1455 4269 πάπᾳ
1479 4175 1723 4275 Ἀλεξανδρείας,

179 4285 215 4366 ἧς
239 4291 277 4356 τὸ
300 4289 455 4381 ένώνυμον
480 4297 518 4358 Ol
542 4290 701 4383 θησαυροί.

181 4509 326 4577 Godfol.
353 4512 393 4576 79
417 4511 477 4578 ool.
504 4509 572 4592 1·4,
591 4509 761 4598 Πρέλογος.
784 4513 850 4574 ote
873 4507 925 4575 rel
981 4508 1104 4578 Polrol.
1128 4529 1216 4575 mv
1237 4509 1297 4578 ool.
1321 4511 1412 4576 9·14.

313 4641 445 4710 μικρους.

136 4907 145 4928 ⁸
213 4885 238 4958 ⁸)
255 4885 302 4941 Ex
326 4882 387 4941 eod
407 4883 458 4942 fol.
483 4883 535 4939 197
561 4882 591 4940 in
616 4883 759 4957 mergine.
782 4883 925 4956 Insperse
978 4896 1044 4954 pne,
1057 4880 1245 4953 neqneinter
1257 4881 1370 4956 Ooryei,
1383 4882 1432 4940 vel
1446 4879 1547 4955 Oyeioi
1562 4878 1724 4955 episcopos,

178 4973 293 5030 suntin
305 4974 385 5030 hune
397 4973 681 5031 eodieemnonnnlle
694 4970 925 5032 deotissimiviri
978 4971 1069 5028 immo
1086 4988 1183 5044 neque
1200 4970 1298 5045 ipsine
1317 4970 1404 5029 eedee
1421 4971 1509 5029 ullibi
1526 4969 1683 5044 reperitur.

178 5061 298 5132 eeholie,
312 5079 402 5136 quem
414 5062 549 5136 enepieor
562 5077 629 5120 esee
641 5061 802 5120 Leontium
814 5063 925 5136 Byzan·
1016 5061 1039 5135 ¹)
1057 5060 1173 5119 Ultimo
1194 5067 1281 5119 ceute
1305 5061 1442 5136 legende,
1460 5078 1499 5119 ne
1523 5060 1727 5136 Apollinarem

177 5149 281 5222 tinum,
302 5167 340 5208 ex
352 5167 411 5222 qno
423 5151 511 5224 plnre
523 5151 554 5208 in
567 5152 671 5209 eodem
689 5150 840 5210 volumine
858 5169 926 5208 eon·
979 5149 1105 5222 eepient,
1121 5149 1281 5206 dnmmodo
1294 5151 1375 5206 cerni
1389 5150 1509 5224 quidem
1522 5149 1588 5220 soli,
1602 5167 1663 5207 non
1680 5167 1727 5209 ve·

178 5239 319 5311 timentur,
339 5239 391 5314 qui
408 5257 464 5299 neo
482 5259 600 5316 semper
617 5241 677 5298 fuit
694 5241 887 5298 orthodoxus.
978 5255 1030 5296 ree
1049 5244 1081 5295 et
1097 5239 1202 5312 plenee
1221 5237 1335 5297 Christi
1355 5239 1537 5300 humeniteti
1555 5241 1726 5299 tribuentur

214 5328 236 5402 ³)
255 5326 436 5385 Enetethine
460 5327 512 5385 ille
533 5344 669 5400 magnus,
689 5327 787 5402 (lyrici
813 5327 924 5400 episeo-
979 5347 1016 5386 ee
1033 5347 1110 5403 qnee
1130 5333 1235 5394 συνῷως
1256 5330 1405 5390 dicuntur.

322 5451 419 5510 Aren.
437 5469 465 5526 v,
484 5452 535 5509 fol.
553 5453 623 5510 nr*.
