3978 6070
227 427 263 482 63
548 416 688 509 Duplex
706 415 948 492 vereielloreee
967 425 997 493 et
1010 417 1233 511 planetarum
1252 416 1450 493 declaratio.

230 591 253 656 f.
273 592 346 672 147,
364 591 477 657 eadem
493 590 628 657 lacuna:
647 643 674 658 ..
690 644 697 659 .
711 594 800 680 ἀρκεῖ
822 592 876 656 καὶ
891 645 897 660 .
913 645 920 660 .
936 647 943 661 .
967 586 1120 658 έπιόολῶν
1144 593 1214 684 περὶ
1237 604 1315 669 τῆς.
1331 642 1337 656 .
1352 646 1357 656 .
1371 592 1423 668 τός
1446 594 1573 681 ούρανοῦ
1596 582 1730 680 διαιρεῖ.
1748 645 1777 660 ,.

494 820 538 882 -ζ-
562 807 634 893 [Τὸν
656 806 711 895 μέν
729 802 780 872 οὖν
794 807 818 893 ¹)
834 808 958 897 πρῶτόν
974 812 1020 895 τε]
1039 810 1091 873 καί
1107 803 1256 888 ἐξωτάτω
1274 800 1444 898 σφόνδυλον
1469 823 1513 884 -ζ-

494 930 538 990 ÷
559 915 765 982 πλατύτατον
790 918 845 980 τόν
863 927 917 983 τοῦ
933 922 1057 1008 χείλους
1075 920 1189 984 κύκλον
1207 922 1301 1010 ἔχειν·
1322 921 1387 1004 [τόν
1413 909 1446 984 δέ
1470 933 1514 993 -’,-

494 1038 538 1099 ÷
562 1036 616 1088 τοῦ
640 1025 732 1090 ἕκτου
758 1017 915 1115 δεύτερον,
936 1029 1041 1116 τρίτον
1067 1018 1101 1092 δὲ
1119 1028 1173 1092 τόν
1198 1038 1254 1092 τοῦ
1278 1027 1444 1116 τετάρτου,
1468 1041 1513 1101 -ζ-

495 1148 541 1208 ÷
563 1135 716 1222 τέταρτον
735 1125 768 1199 δὲ
785 1136 839 1200 τόν
863 1145 919 1199 τοῦ
941 1127 1069 1224 όγδόου,
1086 1139 1230 1225 πέμπτον
1256 1128 1289 1200 δέ
1312 1137 1366 1200 τὀν
1391 1145 1446 1200 τοῦ
1469 1151 1514 1211 ÷

496 1255 542 1317 ÷
564 1225 718 1332 ἑβδόμου,
742 1244 832 1308 ἐκτον
858 1233 891 1308 δὲ
914 1245 968 1310 τόν
993 1254 1048 1308 τοῦ
1071 1247 1235 1328 πέμπτου,
1260 1235 1393 1333 ἕβδομον
1416 1235 1450 1308 δὲ
1472 1256 1516 1319 -ζ-

499 1366 542 1428 -ζ-
566 1351 621 1414 τὀν
646 1362 701 1416 τοῦ
726 1353 858 1439 τρίτου],
884 1341 997 1440 ὄγδοον
1022 1342 1055 1416 δὲ
1079 1353 1133 1416 τόν
1158 1361 1213 1416 τοῦ
1238 1343 1394 1440 δευτέρου.
1418 1364 1463 1426 -ζ-

274 1571 328 1644 Τίς
344 1567 397 1660 μὲν
411 1573 452 1645 εἰς
470 1569 628 1644 ἀλλήλους
644 1570 729 1653 [τῶν]
747 1560 925 1656 σφονδύλων
939 1566 1062 1644 ένθεσις,
1076 1569 1199 1658 εἴρηται
1216 1559 1267 1632 διά
1284 1577 1346 1632 τῶν
1365 1565 1545 1658 ἔμπροσθεν·
1558 1570 1589 1632 ἐν
1604 1556 1636 1632 δέ
1650 1566 1782 1643 τούτοις,

231 1677 284 1744 ότι
309 1677 363 1766 μὲν
388 1675 430 1742 τά
456 1675 536 1761 βάθη
565 1675 715 1760 βούλεται
737 1685 800 1739 τῶν
825 1685 960 1765 σφαιρῶν
977 1667 1279 1766 ἐπεκδιηγήσασθαι,
1299 1668 1407 1748 δῆλον·
1431 1678 1468 1741 τό
1492 1675 1552 1768 γάρ
1575 1676 1781 1740 πλατύτατον

179 1809 204 1846 10
230 1781 307 1851 εἷναί
331 1809 403 1849 τινα
427 1793 481 1848 τοῦ
498 1785 621 1873 χείλους
638 1782 764 1866 κύκλον,
781 1783 835 1847 καί
851 1783 954 1872 ἕτερον
971 1781 1070 1858 ἧττον
1087 1786 1222 1866 πλατύν,
1240 1786 1294 1849 καὶ
1319 1788 1414 1850 ἀλλον
1436 1785 1568 1852 τούτων.
1587 1784 1660 1848 Ἔτι
1683 1779 1781 1858 ἧττον

231 1885 317 1959 οὐδὲν
342 1892 421 1957 ἀλλο
445 1895 644 1983 παρίστησιν,
669 1892 688 1964 ἢ
714 1903 778 1969 πῶς
802 1895 927 1982 ἔχουσιν
953 1893 1066 1978 βάθους
1091 1899 1120 1958 οἱ
1143 1885 1322 1982 σφόνδυλοι·
1339 1894 1461 1970 πλάτος
1481 1893 1541 1985 γάρ
1567 1897 1669 1957 αὐτῶν
1693 1895 1786 1956 καλεῖ

231 2005 268 2068 τό
295 2001 399 2088 βάθος,
423 2007 463 2077 ὡς
479 1999 510 2064 ἐν
528 1994 672 2066 ἐπίπεδον
690 2012 777 2086 νοῶν,
796 1993 847 2066 διά
864 2001 921 2078 τάς
939 2001 1103 2092 ἀποτομὰς
1121 1998 1299 2093 ὁριζόμενον
1318 1994 1387 2067 δυσί
1403 2002 1539 2078 κύκλοις,
1564 2011 1609 2084 τῷ
1633 2025 1669 2066 τε
1692 2001 1781 2075 ἐκτός

233 2111 367 2176 ἑκάστου
382 2102 552 2200 σφονδύλου
566 2109 678 2194 καὶτῷ
695 2111 793 2195 ἐντός,
806 2111 860 2174 καί
871 2110 946 2176 ὅλον
960 2111 997 2176 τό
1016 2112 1109 2200 μέσον
1127 2115 1242 2201 ἀμφοῖν
1257 2111 1370 2176 κύκλον
1384 2121 1438 2175 τοῦ
1455 2109 1595 2186 πλάτους
1613 2104 1783 2197 ὀνομάζων.

234 2259 275 2268 -—
293 2218 391 2289 Διττθ
419 2210 446 2281 δ’
473 2219 556 2284 ἐστίν
574 2225 593 2292 ἡ
612 2217 715 2308 γραφὴ
735 2229 792 2293 τῆς
809 2229 912 2282 ταῦτα
928 2218 970 2282 τά
988 2217 1068 2302 βάθη
1097 2209 1290 2300 διοριζούσης
1314 2211 1434 2295 λέξεως·
1452 2217 1542 2290 καὶὴ
1570 2217 1624 2306 μὲν
1649 2217 1785 2305 προτέρα

181 2345 206 2383 1⁵
233 2327 287 2390 καί
311 2325 502 2416 ἀρχαιοτέρα
526 2336 591 2401 τοῖς
616 2323 779 2414 μεγέθεσιν
804 2323 971 2390 ἀκολουθεῖ
991 2335 1054 2390 τῶν
1079 2326 1139 2391 καθ
1170 2326 1309 2398 ἑκάστην
1327 2337 1458 2416 σφαῖραν
1481 2327 1630 2416 ἀστέρων,
1647 2335 1705 2401 τῆς
1731 2325 1785 2414 μὲν

236 2428 361 2522 μείζονα
384 2433 589 2524 περιεχούσης
621 2427 726 2522 μεῖζον
750 2434 788 2498 τό
814 2432 907 2517 βάθος
930 2436 1082 2524 λέγουσα·
1106 2446 1164 2510 τῆς
1189 2426 1223 2499 δὲ
1246 2434 1410 2516 ἐλάσσονα,
1435 2437 1586 2498 ἔλασσον·
1611 2429 1673 2498 οἷον
1703 2430 1786 2521 μετά

234 2544 288 2608 τὀν
314 2537 462 2620 ἐξωτάτω
486 2535 667 2631 σφόνδυλον,
692 2541 727 2618 ὅς
751 2547 835 2608 ἐστιν
860 2547 875 2605 ό
903 2553 957 2618 τῆς
983 2547 1141 2618 ἀπλανοῦς
1164 2545 1329 2632 περιέχων,
1346 2553 1495 2607 τοσοῦτον
1519 2541 1638 2616 πλῆθος
1663 2541 1785 2631 ἄστρων

235 2651 492 2742 κατεσπαρμένον
516 2649 679 2716 κατάπάν
697 2653 846 2716 αὐτοῦτὸ
865 2649 958 2734 βάθος
976 2644 1017 2714 ὧν
1035 2650 1167 2744 ἕκαστον
1187 2641 1401 2714 ἀποδείκνυσιν
1423 2653 1439 2713 ό
1456 2649 1559 2739 λόγος,
1578 2641 1703 2736 μείζονα
1727 2657 1785 2722 τῆς

234 2771 304 2851 γῆς,
328 2765 368 2834 ὡς
393 2764 427 2824 ού
451 2759 636 2848 φαινόμενον
662 2761 723 2824 ἀπό
747 2770 805 2834 τῆς
829 2770 888 2848 γῆς
913 2755 975 2824 οἷον
993 2769 1135 2847 σημεῖον,
1152 2761 1223 2822 ἀλλ’
1241 2763 1272 2823 ἐν
1298 2762 1560 2835 ταῖςάνατολαῖς
1584 2757 1638 2821 καὶ
1662 2748 1784 2822 δόσεσιν

182 2901 209 2937 ιο
236 2865 321 2933 κατά
346 2867 421 2959 μέρη
450 2860 577 2934 δύεσθαι
600 2868 654 2932 καὶ
679 2868 865 2933 ἀνατέλλειν

237 3087 261 3150 f.
289 3086 349 3150 147
375 3107 416 3164 v.‚
441 3085 475 3150 in
498 3085 615 3151 lacuna
639 3087 659 3150 3
684 3108 786 3160 νεῖμε
810 3095 930 3148 ...τοῦ
954 3075 1110 3162 ζωδιακοῦ
1135 3080 1195 3147 θεω
1210 3134 1215 3145 .
1230 3133 1256 3146 ..
1282 3081 1365 3171 μετά
1389 3091 1503 3146 τοῦτον
1535 3072 1561 3144 δ’
1587 3076 1639 3148 οὖν
1663 3081 1787 3149 τόν...

238 3193 363 3263 ἀπλανῆ
389 3189 503 3254 κύκλον
527 3191 734 3256 πλατύτατον
752 3191 832 3256 ὄντα
849 3183 900 3256 διά
917 3216 952 3256 τε
970 3190 1010 3254 τά
1029 3189 1146 3282 μεγέθη
1166 3191 1220 3255 καί
1240 3189 1282 3256 τά
1306 3189 1411 3264 πλήθη
1437 3201 1501 3255 τῶν
1526 3189 1695 3280 ἀστρωνά),
1719 3183 1788 3254 οόδέ

238 3301 384 3362 ἐστιν...
409 3299 588 3385 ἐπιφανείας
612 3298 724 3383 ὄντων,
748 3305 787 3374 ὡς
811 3302 895 3364 ἐστιν
920 3290 1016 3372 δῆλον
1034 3299 1208 3376 καὶτοῦτο,
1232 3299 1285 3364 καί
1309 3304 1344 3363 ἐκ
1367 3309 1430 3362 τῶν
1456 3291 1573 3363 διπλῶν
1599 3299 1788 3387 φαινομένων

239 3404 375 3493 ἀστέρων
400 3404 459 3474 τὴν
484 3415 539 3469 τοῦ
563 3409 695 3479 ἡλιακοῦ
721 3397 892 3495 σφονδύλου
917 3418 979 3472 τῶν
1004 3411 1121 3472 λοιπῶν
1146 3401 1279 3498 ἕβδομον
1303 3407 1392 3490 ὄντα,
1416 3416 1462 3490 τῷ
1486 3407 1600 3472 πλάτει
1625 3397 1789 3495 διαφέρειν·

186 3542 212 3579 ιε
240 3505 348 3584 ἐπειδὴ
375 3512 427 3577 καί
451 3517 466 3576 ό
491 3514 578 3588 ἥλιος
603 3523 665 3578 τῶν
682 3515 894 3604 πλανωμένων
911 3518 1056 3606 φαίνεται
1073 3509 1197 3606 μείζων·
1214 3516 1325 3580 ἔπειτα
1349 3524 1404 3578 τοῦ
1430 3519 1629 3590 σεληνιακοῦ,
1655 3513 1709 3578 καί
1732 3511 1791 3604 γάρ

241 3619 320 3693 αὐτὴ
346 3621 420 3711 πρός
446 3620 588 3694 αἴσθησιν
613 3631 676 3686 τῶν
696 3621 791 3688 πέντε
808 3619 932 3712 μείζων,
951 3627 1057 3690 καίτοι
1073 3626 1166 3714 τόνγε
1183 3633 1240 3699 τῆς
1259 3613 1426 3712 ἀφροδίτης
1443 3621 1523 3698 τινές
1548 3616 1676 3711 μείζονα
1700 3622 1791 3710 φασίν

242 3724 318 3794 εἷναι
341 3739 399 3804 τῆς
417 3740 485 3820 γῆς,
502 3734 542 3806 ὠς
560 3730 722 3821 ἱστόρησεν
740 3731 910 3820 Κάρποςθ),
927 3733 1048 3798 καὶέπὶ
1065 3733 1168 3816 τούτῳ
1186 3733 1239 3796 τὀν
1257 3742 1315 3804 τῆς
1331 3721 1512 3821 ἀφροδίτης,
1531 3725 1642 3818 μείζων
1662 3728 1721 3820 γάρ
1739 3730 1792 3794 καί

243 3837 322 3908 αύτθ.
338 3834 363 3924 ⁴)
386 3847 449 3901 τῶν
474 3841 591 3904 λοιπῶν
617 3841 770 3928 φαίνεται·
794 3840 847 3904 καί
863 3842 914 3906 ἐπί
931 3841 1033 3924 τούτῳ
1059 3842 1114 3905 τόν
1131 3851 1186 3906 τοῦ
1205 3844 1336 3930 ἀρεϊαοῦ,
1353 3838 1407 3902 καί
1426 3837 1486 3929 γάρ
1509 3840 1564 3903 τόν
1590 3838 1664 3927 ἀρεα
1688 3838 1792 3926 φασὶν,

240 3952 271 4011 ἐν
296 3957 360 4020 τοῖς
384 3948 547 4038 περιγείοις
570 3947 661 4031 ὄντα,
687 3942 815 4036 μείζονα
839 3959 894 4014 τοῦ
920 3941 983 4026 διός
1008 3949 1146 4040 ὁρᾶσθαι·
1168 3947 1222 4012 καί
1241 3945 1291 4012 ἐπί
1315 3946 1417 4029 τούτῳ
1441 3946 1496 4011 τόν
1521 3957 1575 4010 τοῦ
1600 3936 1677 4011 διίου
1702 3969 1793 4036 σφον-

187 4083 215 4118 eo
243 4046 336 4118 δόλου
361 4053 416 4120 καί
438 4049 508 4132 ἑξῆς
526 4057 581 4120 τόν
598 4067 654 4120 τοῦ
672 4060 803 4146 κρονίου,
820 4059 875 4124 καί
890 4062 1074 4124 τελευταῖον
1091 4053 1168 4123 εἶναι
1186 4057 1239 4120 τόν
1257 4065 1312 4119 τοῦ
1329 4058 1487 4143 έρμαϊκοῦ,
1503 4054 1556 4118 καί
1580 4057 1685 4130 άπλῶς
1710 4051 1794 4117 κατά

243 4163 285 4228 τά
299 4163 414 4256 μεγέθη
431 4174 494 4228 τῶν
509 4168 645 4256 ἀστέρων
659 4166 713 4231 καί
729 4167 784 4232 τόν
801 4163 972 4256 σφόνδυλον
989 4169 1071 4256 ἔχειν
1088 4167 1125 4232 τό
1139 4165 1270 4240 πλάτος.
1285 4163 1375 4226 -Ἡ
1389 4153 1422 4227 δέ
1439 4153 1570 4252 δευτέρα
1583 4163 1637 4226 καί
1650 4162 1794 4252 νεωτέρα,

243 4283 401 4361 κρατοῦσα
419 4265 452 4338 δέ
468 4276 499 4338 ἐν
515 4285 581 4350 τοῖς
598 4274 871 4364 κεκωλισμένοιςῧ)
898 4275 1108 4365 ἀντιγράφοις,
1130 4273 1212 4363 μετά
1235 4273 1290 4337 τόν
1310 4266 1459 4351 ἐξωτάτω
1484 4263 1655 4362 σφόνδυλον
1682 4272 1795 4358 (κοινόν

243 4379 302 4470 γάρ
317 4380 504 4470 ἀμφοτέραις
518 4392 628 4446 τοῦτον
644 4374 696 4446 διά
708 4382 767 4453 τὴν
780 4382 1008 4472 προειρημένην
1024 4383 1140 4469 αἰτίαν)
1157 4379 1215 4453 τόν
1230 4378 1384 4470 ὑπεροχὴν
1397 4378 1511 4445 τούτου
1528 4379 1654 4456 πάντως
1669 4382 1796 4469 ἔχοντος

242 4489 316 4576 πρός
340 4487 461 4565 πάντας
484 4489 556 4565 τούς
581 4491 667 4565 ἐντός
691 4484 767 4555 εἶναι
785 4482 927 4579 δεύτερον
944 4489 1028 4554 κατά
1045 4491 1082 4554 τ“ο
1098 4489 1230 4566 πλάτος,
1247 4491 1302 4554 τόν
1324 4499 1378 4554 τοῦ
1396 4489 1498 4553 ἕκτου·
1516 4498 1627 4553 τοῦτον
1653 4479 1686 4553 δὲ
1709 4482 1795 4564 εἶναι,

191 4635 217 4672 ³5
244 4597 298 4661 τόν
322 4606 380 4670 τῆς
406 4589 586 4687 ἀφροδίτης·
612 4599 666 4662 καί
691 4601 795 4688 τρίτον
820 4601 874 4663 τόν
901 4609 955 4663 τοῦ
981 4598 1145 4688 τετάρτου,
1169 4609 1282 4663 τοῦτον
1306 4590 1340 4662 δέ
1364 4591 1441 4663 εἶναι
1457 4597 1511 4660 τόν
1536 4607 1591 4662 τοῦ
1617 4595 1721 4686 ἀρεως·
1745 4596 1798 4659 καὶ

245 4704 399 4794 τέταρτον
425 4705 480 4770 τόν

284 4898 305 4974 ¹)
325 4897 463 4972 Reipubl.
477 4917 504 4972 x,
518 4917 545 4972 ρ.
559 4899 622 4955 313.
635 4900 709 4956 Post
722 4901 784 4969 ἔχειν
803 4901 838 4958 fit
851 4901 997 4959 transitus
1050 4904 1113 4974 222,
1133 4921 1162 4958 ιι.
1182 4902 1206 4956 3.

248 4989 292 5048 ίώι
313 4990 405 5060 ὄγδοον·
1085 4996 1108 5066 ⁴)
1127 4993 1152 5047 E
1171 4991 1292 5064 regione
1311 4990 1342 5046 in
1360 4990 1510 5063 margine:
1530 4998 1573 5044 και
1593 4995 1607 5048 ί
1629 4993 1719 5048 σελήνη
1741 4991 1800 5064 φαί-

283 5079 307 5151 ²)
329 5079 449 5150 Ἀστέρων
469 5085 500 5134 et
514 5082 618 5151 ἄστρων,
638 5078 687 5135 hic
705 5086 737 5137 Θθ
756 5081 835 5153 alibi,
855 5087 997 5138 consueto
1049 5104 1117 5137 νιται
1137 5087 1196 5135 πετὲ
1215 5087 1258 5135 τού
1277 5085 1347 5138 ἀλίσυ
1368 5085 1467 5152 μείζων,
1486 5085 1518 5143 ὡς
1538 5084 1561 5135 ἐν
1582 5086 1612 5153 τῇ
1631 5081 1743 5144 συντάξει
1763 5083 1801 5133 δι’·

249 5168 420 5226 discrimine
440 5169 621 5228 scribuntur.
1051 5181 1154 5228 οιικται.

285 5257 309 5331 ³)
328 5258 403 5316 Inde
423 5259 559 5316 notulam
578 5259 693 5332 aceepit
712 5261 811 5320 Maius
824 5261 854 5319 in
873 5266 945 5336 Rep.
964 5277 997 5333 11,
1087 5263 1110 5334 5)
1129 5260 1177 5318 Sic
1197 5261 1259 5318 cod.
1278 5262 1348 5336 lego
1368 5265 1567 5335 κικιιισμέ-ιιις.
