4022 6072
264 535 302 590 aa
879 505 1025 594 Sanctus
1043 518 1197 592 Basilius

264 711 319 766 τοῦ
333 705 349 764 ὁ
362 698 439 775 θεῖος
457 689 565 764 Δαυίδ.
580 695 641 761 Καί
657 696 775 760 καπνύν
794 694 848 783 μὲν
866 687 1010 782 ὀνομάζει

263 811 301 875 τὸ
318 811 480 899 προοίμιον
498 816 555 882 τῆς
573 809 675 896 ὀργῆς·
693 815 751 894 πῦρ
776 795 810 868 δέ
833 803 892 874 τήν
917 825 1009 891 φανε-

266 919 318 1012 ρὰν
342 913 448 1007 ἔξαψιν
473 916 527 983 καὶ
551 914 611 986 τήν
636 913 741 1004 ἀκμήν
766 924 824 988 της
848 914 1009 987 κινήσεως·

264 1026 419 1116 ἄνθρακας
445 1016 543 1090 δὲτὰ
567 1025 739 1087 τελευταῖα
758 1029 816 1096 τῆς
842 1029 1009 1110 μαστϊγος·

266 1135 366 1222 ὥσπερ
385 1131 444 1222 γὰρ
470 1132 587 1206 καπνὸς
611 1139 799 1220 προηγεῖται
814 1127 917 1216 πυρὸς,
937 1130 1011 1189 ανα-

264 1242 429 1328 καιομένου
455 1231 488 1306 δέ
506 1238 600 1326 πυρός
624 1239 678 1302 καί
701 1231 830 1315 ξυλικὴν
848 1227 1010 1299 δαπανῶν-

264 1373 317 1424 τος
333 1350 423 1426 ύλην,
441 1347 595 1438 ἄνθρακας
612 1344 751 1437 γίνεσθαι
771 1337 942 1431 συμβαίνει,
961 1343 1011 1406 ού-

264 1482 311 1520 τω
335 1456 388 1520 καί
411 1462 430 1528 ή
457 1467 512 1520 τοῦ
538 1461 616 1519 Θεοῦ
646 1451 721 1544 ὀργή
748 1445 867 1542 ἤρξατο
892 1449 947 1551 μὲν
971 1454 1010 1524 ὡς

265 1555 316 1629 διὰ
341 1573 470 1629 καπνοῦ·
494 1556 610 1640 ηὔξησε
636 1553 669 1626 δέ
692 1567 731 1636 ὼς
750 1570 819 1650 πῦρ,
844 1558 897 1622 καί
922 1557 1010 1631 τέλος

265 1669 490 1761 ἀπηνθράκωσε
507 1670 578 1747 τοὺς
602 1669 729 1759 ἐχθρούς
754 1678 808 1732 τοῦ
834 1658 939 1730 Δαυίδ.
967 1669 1013 1728 Ei·

264 1779 363 1854 κύτως
381 1769 414 1844 δέ
430 1777 546 1855 καπνὸς
571 1778 625 1842 καί
648 1778 783 1866 τιμωρία
807 1777 946 1864 λέγεται,
971 1779 1011 1850 ὡς

264 1879 405 1977 δακρύων
429 1887 635 1974 ἐμποιητική,
660 1885 771 1948 Ξέλκει
795 1881 855 1974 γάρ
876 1891 940 1956 πῶς
964 1881 1012 1946 ἀεί

263 2006 327 2062 τῶν
356 1995 507 2086 ὀμμάτων
536 1996 573 2059 τὸ
598 1987 731 2084 δάκρυον
761 1997 776 2055 ὁ
806 1992 933 2065 καπνὸς,
958 1992 1013 2075 ἐμ·

263 2104 387 2168 πίπτων
418 2113 484 2177 τοῖς
517 2101 700 2191 ὀφθαλμοῖς.
731 2096 946 2188 Ὀργισθέντος
979 2091 1012 2161 δέ

264 2219 318 2274 τοῦ
344 2200 534 2300 δημιουργοῦ
566 2209 619 2272 καὶ
643 2205 728 2272 κατίι
762 2197 928 2292 δαιμονίων
959 2195 1010 2267 διὰ

264 2313 324 2386 τήν
340 2325 396 2380 τοῦ
412 2315 598 2405 πλάσματος
616 2313 784 2390 ἀπώλειαν,
801 2312 1010 2403 προηγήσατο

264 2433 322 2498 τῆς
353 2415 538 2500 ἐκδικήσεως
562 2427 578 2486 ὁ
602 2421 779 2498 καπνός·ή
814 2421 925 2508 μετρία
954 2427 1010 2482 τοῦ

264 2532 516 2622 τυραννήσαντος
541 2531 655 2620 ἐποχή·
679 2527 876 2604 ἠκολούθησε
901 2519 934 2592 δὲ
958 2527 1010 2589 καί

264 2649 322 2729 πῦρ
336 2645 354 2712 ἡ
369 2637 530 2714 παντελής
543 2639 667 2714 πάντως
680 2648 734 2702 τοῦ
747 2637 898 2725 πολεμίου
912 2631 1010 2724 φθοραί

264 2745 421 2838 γινομένη.
447 2743 527 2810 Ἀπὸ
551 2742 718 2834 προσώπου
742 2753 797 2808 τοῦ
822 2747 910 2818 Θεοῦ,
936 2765 1010 2806 του-

264 2853 352 2917 τέστι
376 2852 438 2918 ἀπὸ
463 2859 606 2944 Χριστοῦ,
624 2855 655 2930 ὅς
673 2857 740 2918 ἐστι
757 2862 812 2916 τοῦ
838 2857 915 2915 Θεοῦ
938 2850 1011 2939 πρύ-

264 2985 366 3027 σωπον
391 2963 444 3026 καί
468 2961 634 3052 χαρακτήρ
661 2972 719 3037 τῆς
751 2959 852 3025 αὐτοῦΙ
870 2957 1008 3022 ὑποστά-

264 3092 356 3146 σεως·
380 3069 675 3157 ἐνανθρωπήσκντος
704 3068 764 3160 γὰρ
797 3078 864 3152 τοῦι
881 3091 1010 3158 μονογε-

264 3187 348 3253 νοῦς,
374 3176 495 3266 ἀνήρθη
524 3180 571 3241 ἐπ’
602 3180 696 3242 αὑτοῦ
719 3188 778 3267 πῦρ
803 3180 897 3266 ὸργῆς
925 3174 1009 3238 κατα

264 3295 326 3350 τῶν
352 3277 529 3374 δαιμονίων,
548 3287 630 3350 ὥστε
646 3279 769 3374 κρίζειν
788 3284 877 3348 αὐτοί·
896 3276 1009 3358 Ἦλθες

264 3385 324 3475 ᾦδε
341 3394 399 3482 πρὸ
416 3404 522 3482 καιροῦ
549 3395 716 3475 βασανίσαι
733 3397 815 3479 ήμῦις
831 3393 860 3475 ¹).
881 3391 941 3453 Καὶ
959 3390 1010 3454 ἐπὶ

263 3508 325 3564 τῶν
340 3489 495 3563 Ἰουδαίων
514 3489 547 3562 δέ
564 3491 755 3588 προανεδόθη
774 3500 875 3587 ὥσπερ
893 3499 1008 3574 καπνὸς

262 3612 281 3678 d
307 3606 392 3696 παρὰ
415 3617 470 3671 τοῦ
503 3613 635 3697 Χριστοῦ
669 3611 717 3672 ἐπ’
743 3606 855 3681 αύτούς
881 3607 1005 3678 ἀπειλή.

258 3714 396 3802 Ἔφασκε
412 3713 590 3804 γοίρ·”οταν
608 3704 698 3785 ἴδητε
716 3713 930 3802 κυκλουμένην
949 3712 1007 3783 τήν

265 3821 467 3910 Ἰερουσαλήμ
485 3823 543 3885 ὑπ”ο
561 3812 793 3910 στρατοπέδων,
809 3820 885 3884 τότε
910 3822 1008 3908 ἐρεῖτε

262 3939 328 4004 τοῖς
342 3930 432 4019 ὄρεσι·
447 3927 616 4016 Καλύψατε
628 3935 722 4018 ήμᾶς,
734 3929 787 3992 καί
798 3937 862 4002 τοῖς
877 3931 1007 4010 βουνοῖς,

262 4049 388 4103 πεσεῖτε
404 4039 445 4126 ἐρ’
466 4043 549 4124 ήμᾶς
560 4036 596 4121 ²).
608 4032 686 4100 Εἶτα
698 4033 935 4108 ἐπηκολούθησε
954 4036 1007 4100 καί

265 4143 326 4229 [ὡς]
346 4151 404 4231 πῦρ
426 4147 444 4214 ή
464 4142 551 4232 ὀργή.
579 4141 639 4204 Καὶ
662 4151 811 4205 τοσοῦτον
836 4143 877 4205 ἐπ’
903 4144 1007 4215 αὐτοῖς

263 4242 425 4326 ἐξεκαύθη,
451 4249 533 4312 ὥστε
554 4248 607 4312 καὶ
626 4246 780 4337 ἄνθρακας
797 4245 908 4322 αὐτοὺς
932 4249 1008 4310 ἀπο-

262 4358 399 4442 τελέσαι,
427 4357 570 4422 τουτέστι
594 4348 774 4430 δαπανῆσαι
793 4357 846 4420 καὶ
870 4347 1007 4444 διαφθεῖ-

264 4488 323 4552 ραι.
342 4455 421 4528 Οἶδα
437 4464 490 4528 καί
505 4474 563 4553 πῦρ
580 4465 677 4528 καλὸν
694 4464 765 4552 ὅπερ
783 4458 1026 4552 ἧλθελριστός1

264 4575 380 4654 βαλεῖν,
391 4570 442 4636 ἐπί
452 4571 511 4643 τήν
524 4581 585 4661 γῆν
596 4569 632 4655 ⁸).
647 4577 746 4635 Τοῦτο
759 4581 817 4660 πῦρ
829 4569 1007 4644 ἐπαινετοὺς

263 4677 416 4768 ἄνθρακας
442 4683 598 4756 ἀποτελεῖ,
617 4669 667 4744 διαί
684 4677 744 4769 γὰρ
761 4689 819 4754 τῆς
837 4689 892 4744 τοῦ
917 4681 1006 4769 ἁγίου

217 4821 220 4826 -
263 4785 444 4875 Πνεύματος
461 4785 667 4875 θερμότητος,
685 4794 731 4869 τῷ
748 4786 903 4874 πνεύματι
925 4780 1007 4864 ζέον-

263 4919 314 4970 τες
345 4897 571 4983 ἀπορκίνονταί
594 4919 680 4969 τινες.
707 4894 908 4984 Ἀνήφθησαν
933 4905 1007 4986 γοῦν

301 5145 323 5218 ¹)
342 5143 450 5200 Matth.
470 5160 535 5218 vrri,
554 5147 598 5203 29.

300 5235 323 5307 ²)
343 5235 414 5291 Luc.
435 5251 520 5304 xxm,
541 5236 584 5290 50.

1064 695 1209 774 initium;
1235 695 1343 781 ignem
1367 719 1456 778 vero,
1480 696 1623 763 eamdem
1645 720 1809 765 accensam

1065 805 1195 890 ejusque
1220 809 1325 870 motus
1355 806 1528 890 impetum
1553 812 1623 883 tum
1646 809 1808 888 carbones,

1065 919 1318 980 consummatum
1335 916 1538 999 supplicium.
1551 915 1641 984 Sicut
1657 917 1741 982 enim
1758 917 1810 983 fu·

1064 1043 1134 1086 mus
1152 1021 1192 1086 ab
1204 1021 1280 1106 igue
1296 1023 1447 1107 erumpit,
1460 1028 1710 1109 consumptoque
1723 1025 1809 1109 igne,

1065 1135 1097 1194 et
1110 1131 1178 1214 jam
1196 1131 1379 1196 comedente
1396 1131 1521 1217 liguum
1543 1133 1713 1213 residuum,
1730 1134 1810 1200 acci·

1065 1235 1112 1300 dit
1123 1237 1191 1301 fieri
1205 1237 1370 1314 carbones;
1385 1238 1431 1303 ita
1444 1239 1490 1303 ira
1503 1261 1630 1324 quoque
1648 1238 1706 1304 Dei
1723 1261 1810 1304 exor-

1065 1366 1100 1408 sa
1122 1343 1212 1427 quasi
1235 1344 1267 1408 in
1289 1343 1387 1425 fumo,
1409 1345 1508 1411 crevit
1531 1351 1569 1409 ut
1592 1346 1688 1430 ignis,
1712 1351 1809 1429 atque

1064 1451 1179 1518 ultimo
1202 1451 1346 1518 inimicos
1364 1452 1492 1518 Davidis
1510 1454 1543 1518 in
1559 1454 1710 1519 carbones
1734 1475 1809 1520 con·

1065 1560 1172 1624 vertit.
1197 1559 1266 1626 Nec
1290 1560 1373 1626 male
1404 1563 1528 1644 punitio
1551 1563 1667 1630 dicitur
1690 1564 1807 1646 fumus,

1065 1669 1174 1750 utqui
1198 1669 1308 1734 fletum
1325 1671 1453 1736 excitat.
1478 1671 1596 1756 Aliquo
1612 1673 1697 1738 enirn
1716 1673 1809 1740 modo

1065 1776 1172 1842 fumus
1195 1799 1320 1861 semper
1335 1779 1376 1842 ab
1399 1777 1499 1844 oculis
1514 1780 1671 1865 lacrymas
1695 1787 1810 1848 extun-

1066 1883 1131 1964 dit,
1155 1883 1281 1968 quaudo
1308 1885 1417 1951 ineos
1448 1886 1569 1952 incidit.
1599 1886 1704 1964 Quum
1734 1911 1810 1956 vero

1066 1995 1190 2056 creator
1207 1993 1326 2057 exarsit
1341 1993 1491 2060 adversus
1508 1992 1675 2060 daemones
1691 1975 1732 2061 ob
1748 1997 1812 2062 rui·

1065 2121 1137 2163 nam
1151 2098 1330 2180 creationis,
1340 2100 1514 2184 incipiebat
1522 2101 1680 2167 vindictae
1692 2100 1809 2182 fumus,

1065 2206 1132 2270 sive
1155 2211 1339 2272 mensurata
1361 2207 1538 2291 tyrannidis
1562 2209 1702 2288 invasi0;
1727 2231 1810 2294 pone

1067 2316 1176 2378 autem
1198 2313 1283 2398 ignis
1298 2319 1451 2398 sequutus
1466 2318 1524 2410 est,
1537 2315 1602 2380 sive
1619 2314 1712 2399 plene
1728 2337 1809 2382 con-

1065 2424 1224 2486 summata
1251 2421 1390 2487 hostium
1422 2423 1606 2488 internecio.
1634 2423 1693 2488 “A
1717 2424 1808 2490 vultu

1066 2527 1124 2593 Dei
1143 2529 1214 2610 „id
1230 2535 1279 2595 est
1301 2528 1470 2611 aChristo,
1487 2513 1620 2615 quiDei
1635 2530 1743 2598 vultus
1759 2537 1809 2598 est

1064 2629 1276 2703 et'character
1288 2638 1356 2722 ejus
1369 2639 1588 2723 hypostaseos.
1602 2639 1708 2717 Quum
1724 2642 1808 2706 enim

1064 2745 1158 2809 homo
1176 2745 1279 2810 lactus
1295 2750 1344 2810 est
1360 2745 1563 2831 brigenium,
1580 2749 1620 2813 ab
1637 2771 1675 2814 eo
1697 2771 1808 2815 accen-

1064 2873 1117 2916 sus
1130 2855 1179 2916 est
1194 2853 1279 2936 ignis
1291 2853 1356 2919 irae
1369 2855 1519 2920 adversus
1536 2855 1716 2946 daemones,
1731 2857 1809 2921 odeo

1064 2960 1101 3021 ut
1124 2958 1429 3036 clamarentr‘Hue
1444 2961 1561 3026 venisti
1584 2966 1809 3046 autetempns

1063 3064 1103 3128 ad
1119 3086 1176 3130 uos
1192 3065 1385 3149 torquendos
1402 3117 1427 3145 ,.
1452 3065 1558 3132 Etiam
1582 3068 1734 3134 adversus
1750 3069 1773 3134 J
1774 3092 1810 3134 u-

1064 3171 1158 3237 dacos
1180 3173 1353 3256 praemissa
1372 3177 1421 3238 est
1445 3173 1533 3239 velut
1556 3174 1663 3241 furnus
1682 3175 1806 3241 «Christi

1063 3280 1095 3344 in
1112 3301 1165 3344 cos
1182 3281 1395 3346 comminatio.
1413 3281 1530 3348 Aiebat
1547 3283 1648 3348 enim:
1669 3287 1681 3316 “
1699 3283 1809 3360 Quan-

1064 3389 1104 3454 do
1123 3389 1265 3455 videritia
1289 3389 1530 3456 circumclusam
1545 3391 1750 3458 Hierusalem
1766 3393 1806 3458 ab

1063 3495 1269 3577 exercitibus,
1296 3499 1374 3562 tunc
1401 3497 1513 3562 dicetis
1536 3499 1712 3564 montibus:
1737 3499 1808 3564 Ab·

1062 3603 1202 3668 scondite
1215 3625 1282 3684 nos,
1295 3608 1327 3668 et
1339 3603 1484 3685 collibuS,
1495 3606 1597 3671 cadite
1609 3629 1706 3691 super
1717 3629 1807 3686 noa„

1062 3709 1269 3775 Postmodum
1289 3713 1458 3778 subsecuta
1474 3717 1522 3778 est
1538 3713 1586 3778 ira
1602 3718 1638 3778 ut
1660 3714 1755 3798 ignis,
1773 3717 1807 3779 et

1062 3839 1100 3882 eo
1124 3841 1223 3903 usque
1244 3819 1278 3884 in
1294 3820 1339 3885 eis
1354 3820 1482 3900 exarsit,
1499 3820 1598 3887 donec
1614 3843 1668 3886 eos
1683 3823 1716 3887 in
1734 3844 1808 3888 car·

1063 3925 1160 3990 bones
1184 3926 1363 4006 conficeret,
1386 3926 1482 3991 idest
1505 3927 1671 3994 devoraret
1689 3935 1721 3994 et
1745 3930 1811 3995 dis·
1854 3936 1857 3944 '

1062 4033 1192 4116 siparet.
1205 4033 1248 4098 Et
1264 4033 1324 4098 hoc
1339 4034 1440 4114 rideo,
1457 4035 1542 4118 quod
1558 4035 1703 4102 Christus
1719 4039 1807 4104 venit

1063 4139 1181 4204 bonum
1193 4139 1302 4224 iguem
1316 4140 1444 4205 mittere
1456 4140 1489 4205 in
1505 4147 1634 4206 terram.
1651 4143 1739 4228 Ignis
1750 4145 1809 4209 ille

1061 4248 1238 4315 laudabiles
1261 4249 1386 4333 perficit
1403 4248 1573 4330 carbones;
1590 4274 1664 4317 nam
1685 4275 1742 4336 per
1757 4275 1820 4318 co·v

1061 4356 1161 4422 loram
1191 4358 1291 4424 saneti
1322 4357 1478 4442 Spiritus,
1503 4359 1618 4442 spiritu
1649 4358 1808 4424 ferventes

1063 4466 1209 4531 nonnulli
1222 4467 1471 4551 conspiciuntur.
1483 4468 1558 4533 Ideo
1572 4467 1673 4553 igitur
1686 4468 1807 4534 accensi

1062 4579 1137 4638 sunt
1160 4574 1323 4656 carbones,
1339 4575 1486 4642 videlicet
1502 4575 1649 4660 apostoli,
1668 4597 1703 4640 er
1719 4575 1809 4640 unio·

1061 4705 1102 4747 ne
1119 4705 1189 4748 cnm
1207 4681 1262 4747 illo
1274 4683 1475 4762 inflammati,
1489 4687 1522 4748 et
1538 4683 1620 4749 sicut
1637 4682 1807 4749 luminaria

1061 4791 1094 4854 iu
1107 4789 1225 4854 mundo
1238 4789 1440 4870 collucentes,
1454 4795 1486 4856 et
1499 4791 1536 4856 de
1547 4791 1612 4855 illis
1626 4791 1745 4857 dictum
1759 4795 1807 4856 est

1062 4899 1101 4964 ad
1127 4896 1338 4964 Hierusalem:
1371 4898 1509 4964 “Habes
1533 4899 1616 4983 ignis
1640 4899 1820 4979 carbones,

1101 5145 1125 5218 ³)
1144 5143 1214 5201 Luc.
1233 5159 1288 5211 ιιι,
1308 5141 1352 5198 49.
