4006 6074
541 531 597 608 De
614 540 707 610 motu
725 557 916 628 corporum.
938 575 984 589 -
1006 533 1156 610 Animae
1173 537 1211 611 ιἰι
1230 537 1411 613 viridario.
1716 549 1754 608 σε

176 725 179 730 ·
202 702 257 768 καί
281 701 438 770 ἐντίθεται
460 715 529 782 ταῖς
554 709 680 782 οἰκείαις
704 717 891 797 περιφοραῖς·
906 705 1007 772 πάλαι
1022 705 1081 799 γάρ
1099 715 1189 798 ήμεῖς
1207 710 1260 774 καί
1283 719 1374 798 σῶμα
1395 701 1446 778 διά
1470 711 1617 802 σώματος
1640 731 1753 810 χωρεῖν

204 805 436 903 άπεδείκνυμεν,
461 814 515 878 καί
538 817 573 878 ού
595 813 702 879 πάντα
727 814 862 905 σώματα
884 826 980 881 τοῦτο
996 815 1140 906 πάσχειν,
1159 815 1242 881 ἀλλά
1257 816 1299 882 τά
1315 819 1397 882 άϋλα
1421 809 1472 883 διά
1496 829 1558 885 τῶν
1582 822 1708 904 ἐνύλων,
1732 827 1752 900 ἦ

203 921 245 985 τά
270 921 351 986 άύλα
375 913 484 988 διῖέναι
508 913 560 988 διά
584 933 646 988 τῶν
664 925 777 1002 ἀύλων,
795 924 878 1015 λέγω
896 914 929 990 δὲ
944 925 1022 998 ὕλην
1039 924 1099 998 τὴν
1117 925 1257 1014 ἐσχάτην
1276 926 1330 989 καί
1352 937 1418 1004 τοῖς
1442 928 1588 1018 ἐσχάτοις
1613 931 1753 1021 σώμασιν

203 1030 422 1120 ὑποκειμένην·
440 1025 517 1096 εἶναι
536 1019 569 1096 δέ
583 1056 658 1113 τινα
673 1031 728 1095 καί
744 1031 825 1121 μέσα
840 1041 903 1097 τῶν
921 1031 1034 1098 ἑνύλων
1051 1033 1105 1096 καὶ
1122 1036 1235 1110 άύλων,
1253 1033 1273 1098 ά
1290 1024 1327 1106 δή
1346 1034 1400 1099 καί
1420 1035 1501 1101 αύτά
1517 1039 1591 1129 πρὸς
1615 1039 1755 1128 ἄλληλα,

204 1138 241 1202 τ“ο
265 1148 328 1202 τῶν
352 1139 466 1204 ἐνύλων
490 1139 635 1226 ὑπομένει
658 1139 766 1224 πάθος,
784 1151 896 1230 χωρεῖν
914 1143 948 1204 οὺ
966 1131 1124 1229 δυνάμενα
1148 1132 1186 1205 δι’
1211 1141 1360 1214 ἀλλήλων
1386 1133 1577 1233 ἀδιαιρέτως·
1600 1139 1647 1212 διὸ
1673 1140 1756 1237 μηδὲ

203 1245 241 1309 τό
264 1246 397 1318 ήλιακὸν
422 1256 494 1336 φῶς,
512 1257 603 1335 σῶμα
619 1245 664 1330 όν,
683 1239 734 1312 διά
757 1258 812 1312 τοῦ
837 1249 1002 1322 σεληναίου
1021 1249 1166 1336 σώματος
1187 1260 1309 1339 χωρεῖν·
1332 1261 1389 1316 τοῦ
1414 1249 1469 1339 μέν
1493 1251 1554 1343 γάρ
1578 1244 1673 1327 δηλοῖ
1693 1256 1754 1329 τήν

203 1352 277 1443 πρὸς
294 1351 336 1416 τά
352 1354 445 1418 ἔνυλα
462 1353 643 1444 συγγένειαν
660 1360 680 1427 ή
699 1352 809 1430 κλάσις
822 1350 857 1439 ¹),
873 1365 929 1418 τοῦ
948 1345 1015 1426 δέή
1035 1354 1118 1420 σκιά·
1134 1365 1219 1445 ποιεῖ
1232 1354 1291 1447 γάρ
1314 1356 1402 1430 καὶὴ
1422 1358 1536 1431 σελήνη
1556 1359 1656 1425 σκιάν·
1676 1352 1757 1452 μηδὲ

203 1461 241 1524 τό
265 1471 377 1550 σχῆμα
402 1462 438 1526 τὸ
462 1462 612 1552 ήμέτερον
638 1453 689 1526 διά
712 1471 776 1526 τῶν
793 1462 907 1527 ἐνύλων
925 1462 1026 1555 ὄγκων
1044 1464 1151 1552 (μέσον
1169 1463 1229 1554 γάρ
1249 1469 1332 1530 ἐστιν
1357 1465 1411 1530 καί
1434 1477 1529 1532 τοῦτο
1552 1478 1615 1533 τῶν
1640 1471 1754 1536 ἐνύλων

204 1569 258 1633 καὶ
282 1571 408 1656 ἀύλων),
433 1560 485 1634 διά
510 1560 543 1636 δὲ
566 1580 622 1634 τοῦ
647 1571 787 1660 οὐρανίου
820 1569 964 1659 σώματος
990 1570 1162 1636 καὶτοῦτο
1186 1573 1240 1636 καί
1262 1573 1301 1637 τό
1329 1574 1461 1647 ήλιακθν
1492 1585 1554 1665 φῶς
1579 1567 1756 1668 ἀδιαιρέτου

205 1675 350 1765 μένοντος
374 1677 424 1743 ὑπ’
450 1681 544 1744 αύτοιῖ
569 1687 690 1767 φοιτᾶν·
714 1687 801 1742 πᾶσα
818 1677 878 1769 γάρ
896 1669 1038 1768 διαίρεσις
1062 1678 1159 1756 πάθος
1178 1680 1246 1745 ἐστί
1269 1691 1327 1756 τῆς
1351 1692 1406 1747 τοῦ
1431 1673 1646 1774 διαιρουμένου
1671 1711 1757 1753 συνε-

203 1785 291 1872 χείας
315 1785 494 1876 φθαρτικόν·
518 1784 602 1850 ἀλλά
626 1796 730 1851 ταῦτα
754 1784 809 1874 μὲν
835 1777 886 1853 διά
901 1786 1054 1854 πλειόνων
1071 1791 1102 1852 ἐν
1119 1787 1225 1865 ἄλλοις
1243 1781 1375 1868 ἠξίωται
1398 1782 1620 1884 διαρθρώσεως.
1638 1832 1680 1846 -·
1700 1797 1755 1874 Τίς

205 1883 239 1958 δὲ
262 1897 278 1956 ὁ
302 1894 444 1984 χιλιέτης
469 1892 597 1986 ἀριθμὸς

204 2113 227 2178 f.
255 2114 295 2180 12
320 2136 362 2196 ν,
388 2114 500 2180 eadem
523 2113 658 2180 lacuna:
684 2110 962 2203 ...παρέλθωμεν

471 2341 516 2405 -ζ-
539 2329 601 2392 Καὶ
625 2321 822 2405 ἀσπάζεσθαί
843 2351 881 2392 τε
905 2326 1063 2409 ἀλλήλας,
1088 2327 1158 2390 ὅσαι
1181 2324 1344 2418 γνώριμαι,
1369 2326 1423 2392 καί
1445 2341 1490 2405 -ζ-

470 2449 516 2512 ÷
538 2434 746 2501 πυνθάνεσθαι
768 2435 826 2511 τάς
842 2458 879 2500 τε
895 2439 931 2500 ἐκ
947 2444 1005 2511 τῆς
1021 2444 1080 2524 γῆς
1097 2433 1233 2511 ήκούσας
1254 2433 1340 2524 παρά
1356 2445 1420 2499 τῶν
1443 2449 1489 2511 -ζ-

471 2558 515 2620 -ζ-
537 2544 649 2634 ἐτέρων
669 2542 711 2609 τά
734 2547 809 2627 ἐκεῖ,
834 2540 967 2618 καὶτὰς
992 2546 1027 2607 ἐκ
1051 2552 1105 2607 τοῦ
1130 2547 1257 2634 ούρανοῦ
1281 2541 1323 2608 τά
1346 2549 1420 2634 παρ’
1445 2559 1490 2621 ÷

469 2665 515 2728 ÷
538 2654 678 2730 ἐκείναις,
694 2645 883 2744 [διηγεῖσθαι
896 2642 930 2716 δὲ
947 2653 1115 2736 ἀλλήλαις,
1131 2649 1188 2727 τάς
1209 2651 1264 2740 μὲν
1278 2641 1424 2740 ὁδορομέ·
1445 2666 1490 2728 ÷

470 2773 515 2836 -ζ-
538 2785 591 2837 νας
607 2785 643 2826 τε
660 2761 712 2825 καί
725 2759 903 2843 κλαιούσας,
917 2759 1233 2850 ἀναμιμνησκομένας
1246 2761 1304 2825 ὅσα
1316 2783 1352 2824 τε
1368 2759 1423 2824 καί
1445 2774 1490 2837 -ζ-

469 2882 514 2945 -ζ-
537 2865 587 2934 οἶα
610 2867 738 2934 πάθοιεν
755 2869 808 2932 καί
822 2859 917 2934 ἴδοιεν
935 2873 966 2933 ἐν
983 2879 1023 2941 τῆ
1042 2869 1101 2932 ύπο
1118 2878 1177 2959 γῆς
1200 2871 1307 2959 πορείᾳ
1333 2864 1422 2956 (εἶναι
1445 2883 1490 2946 ÷

470 2990 515 3052 ÷
538 2966 571 3042 δέ
583 2973 642 3048 τήν
653 2977 779 3067 πορείαν
789 2977 941 3066 χιλιέτη),
955 2975 1011 3052 τάς
1026 2968 1053 3040 δ’
1066 2971 1105 3040 αὖ
1118 2981 1153 3042 ἐκ
1165 2989 1221 3042 τοῦ
1234 2981 1361 3068 ούρανοῦ
1375 2982 1422 3044 εύ-
1443 2992 1488 3055 -ζ-

470 3098 516 3160 -ζ-
537 3083 668 3162 παθείιις
678 3076 865 3175 διηγεῖσθαι]
877 3083 1009 3161 καίθέας
1021 3084 1204 3174 ἀμηχάνους
1214 3087 1252 3151 τὸ
1262 3084 1422 3171 κάλλος’).
1443 3100 1491 3163 --ζ-

248 3299 283 3365 Ἡ
307 3299 361 3390 μὲν
384 3305 426 3376 είς
449 3300 504 3365 τὀν
529 3305 670 3389 λειμῶνα
694 3291 818 3377 σύνοδος
842 3310 906 3366 τῶν
930 3297 1037 3390 ψυχῶν
1060 3301 1133 3365 τίνα
1156 3292 1284 3380 ἔνδειξιν
1301 3301 1385 3392 ἔχει;
1406 3294 1583 3394 διῃρήμεθα
1605 3303 1756 3394 πρότερον

128 3395 136 3415 ’
204 3409 258 3472 καί
273 3409 323 3473 ότι
341 3412 356 3472 ὁ
374 3408 467 3486 αὐτός
484 3411 568 3474 ἐστιν
582 3409 696 3496 λειμὼν
714 3409 767 3474 καί
784 3399 940 3473 δικαστῶν
958 3409 1063 3485 τόπος·
1081 3411 1153 3473 ἀλλ’
1171 3415 1210 3485 ὡς
1228 3409 1283 3498 μὲν
1299 3410 1337 3473 τὸ
1356 3413 1408 3499 ἀφ’
1426 3403 1460 3474 οὗ
1478 3415 1511 3475 αἱ
1525 3400 1629 3474 δισσαί
1652 3403 1757 3487 λήξεις

205 3511 378 3606 σχίζονται,
396 3507 576 3592 δικαστικός
600 3517 704 3594 τόπος·
722 3523 761 3594 ὡς
778 3508 865 3582 δὲτὸ
884 3521 925 3593 είς
943 3516 958 3580 θ
977 3516 1170 3582 συννεύουσιν
1187 3515 1290 3606 ἄμφω,
1307 3514 1435 3604 λειμών·
1452 3514 1521 3581 ὅθεν
1537 3513 1596 3604 πρό
1614 3515 1669 3604 μὲν
1693 3526 1757 3580 τῶν

204 3617 334 3708 λήξεων,
359 3631 399 3702 ὡς
423 3630 464 3701 εἰς
489 3615 670 3690 δικαστικόν
695 3625 791 3698 ήεσαν
814 3625 923 3708 τόπον,
939 3625 999 3716 πρὸ
1017 3615 1050 3689 δέ
1070 3633 1129 3701 τῆς
1152 3625 1300 3717 γενέσεως
1326 3621 1409 3712 μετά
1432 3621 1489 3698 τάς
1511 3615 1628 3707 λήξεις,
1651 3627 1691 3698 ὡς
1715 3627 1756 3699 είς

204 3735 343 3823 λειμῶνα
365 3733 420 3797 τόν
441 3733 545 3796 αὐτόν·
563 3737 578 3796 ὁ
595 3731 656 3823 γάρ
674 3731 765 3822 αἵθηρ
789 3733 843 3797 καί
867 3732 948 3822 ἀρχή
974 3730 1121 3822 γενέσεώς
1145 3735 1240 3815 ἐστιν,
1264 3731 1317 3796 καὶ
1342 3729 1435 3820 μέσον
1459 3734 1587 3820 ούρανοῦ
1610 3730 1665 3794 καὶ
1687 3741 1757 3820 γῆς,

204 3843 258 3905 καί
281 3853 321 3928 τῇ
344 3841 399 3930 μὲν
416 3841 511 3916 τόπος
529 3833 720 3924 δικαστικός,
736 3852 776 3927 τῇ
796 3833 829 3908 δὲ
845 3841 959 3931 λειμὼν
977 3833 1184 3929 ὀνομάζεσθαι
1199 3841 1334 3928 πρέπων.
1352 3838 1440 3904 Μετὰ
1456 3830 1490 3902 δὲ
1505 3836 1565 3910 τὴν
1582 3843 1623 3913 εἰς
1639 3839 1757 3904 ταυτὸν
1796 3923 1804 3938 .

205 3945 268 4014 οἷον
292 3961 421 4039 σημεῖον
446 3960 509 4014 τῶν
526 3947 632 4040 ψυχῶν
657 3950 719 4015 ἀπό
739 3960 802 4014 τῶν
819 3940 1014 4040 διῃρημένων
1031 3941 1153 4027 λήξεων
1170 3938 1308 4027 σύνοδον,
1333 3947 1441 4012 ἕπεται
1466 3945 1588 4036 θεωρεῖν
1611 3957 1676 4022 πῶς
1701 3946 1756 4035 μὲν

204 4052 386 4150 γνωρίζουσί
408 4082 490 4134 τινες
515 4059 669 4134 ἀλλήλας,
692 4069 757 4135 πῶς
782 4048 815 4123 δὲ
839 4051 1044 4140 ἀσπάζονται,
1069 4066 1133 4132 πῶς
1158 4047 1192 4122 δὲ
1214 4047 1426 4147 διαλέγονται,
1451 4055 1506 4120 καί
1527 4066 1592 4132 πῶς
1612 4047 1758 4147 διαλεγο-

206 4169 303 4255 μένων
329 4166 484 4250 άιιούουσι,
502 4167 555 4232 καί
573 4157 784 4256 διηγουμένων
802 4165 898 4231 άλλαι
914 4165 1029 4241 ἄλλων,
1046 4164 1100 4228 καί
1116 4165 1188 4228 τίνα
1205 4163 1261 4252 μέν
1278 4169 1310 4228 αἱ
1327 4163 1468 4228 κάτωθεν
1487 4155 1671 4252 διηγοῦνται
1687 4172 1756 4238 ταῖς

205 4273 320 4341 άνωθεν
345 4275 530 4368 άφιγμέναι,
554 4275 694 4350 καὶπῶς
719 4277 833 4340 ἐκεῖναι
857 4264 982 4339 δέονται
1005 4282 1061 4337 τοῦ
1085 4271 1195 4361 μαθεῖν
1219 4271 1277 4336 άτε
1301 4275 1357 4336 ούκ
1384 4263 1513 4355 εἰδυῖαι,
1537 4270 1677 4347 καὶπῶς
1702 4271 1757 4334 ούκ

204 4385 315 4462 ίσασιν,
339 4385 411 4448 τίνα
435 4374 469 4448 δὲ
493 4388 525 4447 αί
549 4381 663 4449 ἀνωθεν
688 4383 741 4448 καί
763 4393 828 4460 πῶς
853 4383 1030 4473 μέμνηνται
1046 4391 1109 4446 τῶν
1126 4385 1157 4446 ἐν
1176 4383 1294 4470 οὐρανῷ
1319 4378 1494 4469 θεαμάτων,
1511 4379 1565 4444 καί
1589 4381 1616 4444 εἰ
1639 4376 1759 4467 θαυμά-

203 4486 306 4571 ζουσιν
331 4497 444 4575 ἐκεῖνα,
467 4501 532 4569 πῶς
557 4495 612 4558 οὐκ
637 4491 879 4583 ἀναστρέφουσιν
896 4489 942 4557 ἐπ’
962 4489 1052 4555 αύτά·
1068 4489 1122 4555 καί
1141 4492 1168 4554 εἰ
1190 4485 1264 4579 πρός
1288 4488 1347 4562 τήν
1371 4488 1496 4579 πορείαν
1520 4489 1648 4577 ἔκαμον,
1674 4485 1756 4575 ὅμως

205 4594 479 4693 ἀναλαμύάνουσιν
495 4603 519 4692 ³)

150 4839 176 4878 σι
204 4819 228 4885 f.
249 4822 299 4900 13,
317 4822 335 4885 7
353 4843 437 4886 vers,
453 4819 553 4886 laceri
569 4825 603 4886 ei
618 4819 762 4886 obscuri:
780 4817 858 4881 αὐτὸ
875 4815 960 4905 μὲν...
977 4824 1047 4891 ταῖς
1065 4811 1178 4902 ψυχαῖς
1195 4811 1379 4885 ἀλλήλαις...
1400 4820 1513 4901 γνῶσιν
1533 4807 1681 4880 ἀλλήλων
1698 4799 1757 4886 ἔξω

204 4935 267 4990 τῶν
285 4928 449 5017 ὀστρεΐνων
466 4925 634 5014 σωμάτων,
648 4917 735 4991 οὐδὲν
748 4919 835 5014 οἶμαι
852 4922 1033 5013 θαυμαστὸν
1048 4915 1136 4990 εἶναι,
1150 4919 1212 4984 Καί
1224 4917 1284 5010 γάρ
1302 4917 1430 4995 ἄτοπον,
1444 4915 1502 4994 τάς
1520 4915 1575 5008 μὲν
1590 4914 1758 4997 αἰσθήσεις,

242 5192 264 5266 ¹)
283 5191 341 5248 Hie
359 5197 391 5248 οῖ
409 5208 500 5265 supra
517 5191 595 5248 latet
610 5191 788 5264 corruptela.
1006 5189 1043 5245 ab
1056 5186 1141 5244 initio
1153 5203 1251 5259 usque
1269 5184 1309 5242 ad
1328 5185 1440 5254 ἐκείναις,
1458 5183 1511 5240 ubi
1529 5183 1642 5256 legitur
1663 5182 1755 5256 [μέχρι]

239 5282 263 5356 ²)
276 5281 414 5355 Reipubl.
426 5299 455 5352 x,
464 5298 492 5354 p.
504 5281 568 5353 310,
581 5281 600 5337 1.
614 5281 698 5338 ‘29-32
709 5289 740 5339 θύ
752 5301 780 5356 p.
792 5281 885 5348 311,1.
897 5281 951 5336 1-4.
1007 5285 1049 5333 τοῦ
1068 5285 1112 5332 καί
1130 5278 1193 5339 θέας.
1600 5295 1605 5306 ’

204 5371 304 5429 Locus
323 5371 430 5427 incidit
441 5369 620 5428 inlacunam
633 5371 787 5446 sequentis
799 5370 849 5427 fol.
870 5372 904 5427 12
922 5389 951 5428 v.
1042 5371 1066 5445 ³)
1085 5367 1219 5425 Primum
1238 5363 1467 5438 ὰναλαμόάνιυσαι.

346 5499 443 5557 Αυκο.
463 5513 491 5567 v,
511 5498 536 5552 3.
