4022 6072
292 511 345 568 158
901 501 1049 577 tanaus
1067 501 1232 576 Hilarius

362 676 383 732 1.
402 675 427 730 3.
447 673 552 732 simus.
1166 677 1186 732 1.
1205 677 1248 733 10.
1267 695 1321 751 per
1345 676 1490 734 virtutem
1516 677 1666 737 castitatis
1691 679 1760 752 (ena.
1785 697 1839 753 per

364 768 383 822 l.
403 769 429 822 5.
448 765 479 822 in
499 782 566 838 quo.
1201 771 1350 824 turturem
1369 767 1494 824 castitas
1519 768 1669 842 Vellere).

364 856 383 911 l.
401 857 427 910 7.
450 854 548 911 dicere
566 871 625 910 nou
644 869 809 912 cessamus.
1164 856 1184 912 l.
1205 857 1247 912 13.
1266 856 1449 930 perspicacia
1466 856 1604 914 intuitus.

366 949 386 1004 l.
406 949 432 1005 8.
452 965 508 1005 om.
527 945 622 1003 novis·
1094 947 1247 1018 Epilopue.
1259 976 1295 989 -
1308 945 1369 1002 Col.
1384 947 1399 1000 l
1412 945 1432 1000 l.
1446 946 1471 1002 1.
1484 947 1579 1003 multa
1590 945 1668 1019 legis
1679 945 1837 1004 disserens.

364 1041 384 1096 l.
402 1041 429 1095 9.
447 1037 556 1111 quiete.
1165 1035 1185 1090 l.
1203 1035 1229 1089 2.
1249 1034 1326 1090 bane
1345 1035 1601 1092 sorbitiunculam.

362 1130 382 1186 1.
404 1128 445 1199 10,
458 1129 499 1183 11.
510 1124 854 1200 gretiampersecutione
865 1126 1039 1185 substentes
1165 1124 1185 1180 1.
1203 1125 1228 1178 3.
1248 1125 1425 1198 peregrinus
1439 1125 1496 1182 sibi
1508 1127 1597 1200 (corr.
1616 1128 1745 1184 Valtare.
1759 1124 1838 1199 civi).

397 1219 429 1274 in
447 1223 556 1273 oct-eva
573 1214 771 1272 beatitudinis
790 1221 955 1274 numerate.
1165 1216 1184 1271 l.
1204 1215 1230 1272 8.
1250 1224 1282 1272 et
1299 1234 1319 1272 a
1336 1221 1376 1272 te.

362 1310 382 1366 1.
402 1309 445 1365 13.
463 1306 529 1364 fieri
547 1326 607 1364 non
626 1312 674 1365 est
692 1306 823 1379 dubium,
841 1308 920 1379 quia.
1165 1305 1184 1362 1.
1204 1307 1230 1361 9.
1249 1323 1342 1378 quum
1360 1305 1391 1362 in
1411 1305 1576 1378 superficie.

363 1401 384 1457 1.
405 1399 448 1455 18.
467 1398 610 1456 scientiae
629 1396 815 1454 illuminatus
835 1403 890 1454 est.
1094 1393 1192 1452 eote
1211 1395 1229 1452 1.
1249 1397 1275 1451 2.
1295 1413 1350 1454 orn.
1370 1395 1476 1453 idest.

292 1491 354 1549 Col.
373 1492 391 1545 2
410 1491 430 1547 l.
450 1490 474 1546 1.
494 1507 552 1547 ora.
571 1489 608 1546 de
628 1487 790 1545 sacrificiis.
1166 1485 1186 1542 l.
1205 1487 1230 1540 4.
1251 1504 1328 1558 ques
1348 1485 1375 1542 si
1393 1503 1471 1559 spes.

362 1580 382 1636 l.
402 1578 428 1635 Β.
448 1577 628 1636 continent...
647 1576 842 1651 spiritualiter
861 1576 969 1635 offerri.
1164 1575 1184 1632 l.
1204 1576 1229 1647 6,
1249 1576 1274 1633 7.
1284 1575 1364 1648 quod
1373 1575 1404 1632 in
1417 1575 1508 1648 huJus
1522 1575 1664 1649 temporis
1677 1574 1771 1633 otium
1781 1574 1845 1632 exi·

363 1669 383 1724 1.
403 1667 428 1723 7.
447 1667 481 1723 in
500 1666 623 1724 sublimi
640 1665 782 1740 pascitur.
1201 1666 1249 1739 git
1267 1669 1389 1724 materis
1407 1684 1463 1724 om.
1489 1667 1612 1739 fnestra
1636 1668 1765 1725 Vcttcrs.
1785 1683 1841 1726 em·

363 1758 383 1813 1.
402 1757 429 1814 8.
448 1757 572 1814 arietem
592 1762 693 1813 autem
710 1755 939 1830 praedicationis
959 1757 1041 1828 (rat
1202 1758 1282 1831 quod
1300 1755 1431 1831 majoris.

400 1849 475 1904 tare.
493 1847 612 1904 inserit.
631 1845 821 1921 fecunditas).

879 1998 1251 2008 ...—-———---——

528 2232 1005 2372 sauctus
1067 2237 1600 2370 assensus

840 2499 1293 2575 PICTAVIENSIS.

1056 2940 1082 3006 Ι.

733 3153 846 3220 Oratio
869 3153 914 3220 ad
937 3153 1141 3224 individuam
1166 3155 1359 3224 Trinitatem
1372 3153 1408 3239 ¹).

607 3369 703 3435 Trina
726 3369 823 3452 Deus,
847 3369 1045 3456 simplexque
1069 3371 1164 3450 Deus,
1188 3370 1252 3436 tria
1275 3370 1406 3437 numina
1429 3371 1532 3437 solum

649 3478 790 3559 Numen¹
814 3483 847 3544 et
869 3479 902 3544 in
925 3479 993 3546 sole
1015 3479 1223 3564 simplicitate
1246 3485 1372 3566 patene,

607 3585 730 3652 Cuncta
752 3590 876 3672 potens,
893 3591 930 3654 tu
946 3594 1061 3656 cuncte
1075 3611 1162 3656 creas
1186 3592 1282 3673 etque
1306 3589 1412 3655 omnia
1433 3589 1530 3669 solus,

652 3693 716 3761 Pro
739 3717 846 3761 rerum
869 3696 958 3761 varia
980 3697 1161 3763 conditione
1184 3718 1302 3778 moves,

607 3801 744 3886 Respice
767 3824 826 3868 nos
849 3802 997 3886 humiles,
1020 3802 1151 3870 sublimi
1173 3803 1207 3868 in
1230 3805 1302 3870 sede
1325 3809 1483 3890 repostus,

653 3909 787 3995 Respice
809 3931 867 3976 nos
891 3911 990 3978 oculis
1013 3911 1265 3979 commiserando
1288 3912 1360 3997 piis.

1050 4145 1093 4212 Il.

349 4341 469 4412 Versus
493 4345 599 4412 sancti
620 4343 751 4412 Hilarii
773 4343 929 4427 episcopi,
953 4343 1033 4411 almi
1055 4345 1265 4429 confessoris,
1289 4365 1368 4429 quos
1390 4348 1564 4428 composuit
1592 4348 1630 4414 ia
1658 4347 1845 4416 amissimus

298 4453 410 4520 dietus
432 4454 513 4535 arie,
534 4453 641 4534 fierda
664 4459 758 4536 atque
778 4453 919 4536 fideliter
936 4454 1129 4535 poenitende
1146 4459 1278 4536 peecata
1301 4475 1361 4521 sua
1374 4451 1411 4539 ²).

638 4675 710 4770 Al
733 4705 813 4772 coeli
836 4705 922 4772 clere
946 4726 1009 4772 non
1031 4728 1102 4772 eum
1125 4705 1241 4791 dignus
1264 4705 1367 4773 sidera

697 4813 818 4880 Levere
841 4835 927 4880 meos
949 4812 1092 4880 infelices
1114 4813 1232 4896 oeulos,

698 4921 796 4988 Gravi
818 4921 986 5009 degressus
1008 4926 1214 5008 peecatorum
1236 4921 1385 5006 pondere.

1010 5029 1109 5097 Peroe
1131 5030 1316 5114 redemptis.

338 5227 362 5300 ι)
379 5227 418 5282 In
436 5226 535 5284 boote
555 5225 646 5283 codici
666 5225 829 5284 Mellieens.
848 5241 926 5284 cmx.
1102 5235 1264 5287 occurrunt
1283 5228 1314 5286 in
1333 5229 1395 5286 cod
1414 5228 1614 5286 Ottoboniano
1632 5230 1684 5286 757
1703 5229 1723 5285 i.
1737 5229 1792 5285 142
1810 5247 1850 5287 ex

335 5317 358 5391 ²)
376 5317 423 5372 Ex
442 5316 505 5374 cod.
519 5315 686 5374 Mellicensi
702 5333 755 5390 xu,
775 5317 792 5372 6
810 5335 838 5392 p.
851 5318 913 5374 277.
932 5317 1047 5375 Eadem
1101 5336 1161 5392 quo
1171 5316 1267 5391 Scipio
1282 5316 1637 5377 MaffeiusinVeroneusi
1653 5317 1784 5376 editione
1796 5317 1851 5375 ini·
