4006 6074
771 473 920 551 Saucius
947 464 1166 567 Aopactinuc

937 861 996 930 IV.

283 1033 288 1044 ¹
347 1077 518 1162 Incipiunt
541 1079 684 1164 capitolo
707 1081 815 1150 coacti
835 1079 1015 1166 Aopostc‘m'
1037 1079 1074 1146 iu
1096 1079 1206 1146 orbem
1228 1077 1365 1148 Romam
1388 1079 1594 1148 truncmc‘sco.

230 1289 254 1345 I.
274 1290 305 1346 Si
324 1291 392 1364 quis
410 1297 527 1348 rectum
545 1290 575 1348 in
588 1292 726 1350 omnibus
739 1311 799 1351 non
818 1291 913 1350 credit
926 1312 945 1349 a
996 1297 1047 1349 tae
1065 1291 1242 1362 efficiuntur,
1262 1297 1294 1348 et
1310 1290 1355 1348 ita
1368 1292 1404 1349 de
1419 1291 1477 1348 hac
1495 1290 1559 1348 vita
1578 1295 1744 1362 transeunt,

195 1382 259 1436 Deo
278 1387 411 1437 creatum
429 1381 535 1450 Adam,
555 1381 607 1453 qui
625 1385 722 1456 possit
744 1400 798 1456 per
816 1382 943 1440 liberum
996 1399 1056 1437 non
1075 1397 1128 1454 per
1147 1380 1333 1438 vocationem
1359 1378 1581 1438 misericordiae
1599 1379 1670 1452 Dei,
1690 1379 1743 1437 sed

196 1468 354 1526 arbitrium
372 1468 527 1526 iubenum
539 1470 691 1543 proficere,
705 1471 805 1544 gratia
824 1473 945 1530 Creato-
996 1488 1050 1543 per
1059 1468 1243 1542 semetipsos,
1254 1469 1310 1525 hoc
1323 1475 1371 1527 est
1383 1486 1437 1542 per
1448 1468 1575 1526 liberum
1588 1467 1745 1524 arbitrium

196 1560 239 1617 rIs
257 1558 389 1633 adjutus,
409 1563 441 1615 et
458 1560 497 1616 ad
515 1561 628 1618 malum
653 1568 758 1634 sponte
778 1562 944 1634 declinare;
998 1559 1162 1618 credidisse
1188 1566 1219 1616 et
1244 1560 1283 1616 ad
1308 1559 1491 1634 baptismum
1515 1560 1636 1618 venisse
1661 1559 1744 1630 dicit,

197 1649 252 1706 sed
270 1657 379 1705 natura
390 1649 549 1722 expulsum
562 1649 634 1706 dicit
646 1667 716 1708 eum
727 1651 759 1707 in
778 1652 945 1725 prevarica
998 1651 1086 1726 qnasi
1098 1650 1179 1724 qnod
1191 1669 1249 1708 non
1262 1651 1421 1708 conveniat
1432 1651 1548 1724 gratiae
1561 1652 1745 1724 Mediatoris,

197 1738 289 1796 tionis
306 1738 422 1795 facinus
441 1738 623 1811 devolutum,
641 1739 846 1798 indubitanter
865 1761 883 1799 a
902 1761 947 1799 ca·
998 1745 1034 1796 ut
1052 1757 1103 1796 ecs
1122 1758 1197 1813 quos
1216 1755 1270 1814 par
1295 1739 1406 1797 donum
1432 1739 1653 1798 misericordiae
1672 1759 1746 1799 suae

198 1829 311 1886 tholica
328 1828 387 1885 fide
406 1829 556 1886 exorbitat
574 1829 744 1904 scripturae
765 1831 884 1890 divinae
902 1850 947 1890 re·
999 1829 1127 1900 vocavit,
1148 1835 1179 1886 et
1198 1847 1253 1886 suo
1270 1829 1389 1887 uomina
1408 1830 1599 1887 credentibus
1618 1847 1671 1903 per
1691 1829 1747 1886 mi-

198 1919 319 1991 aistens,
331 1918 458 1976 direnti:
477 1919 588 1977 «Fecit
600 1921 683 1979 Deus
695 1921 733 1978 ab
751 1921 838 1979 initio
856 1923 948 1980 homi·
999 1918 1156 1977 nisterium
1183 1919 1324 1992 baptismi
1349 1925 1474 1994 peccata
1497 1919 1631 1992 donavit,
1650 1921 1748 1994 perire

197 2027 267 2066 nem
284 2014 409 2081 rectum,
428 2009 487 2084 Ipsi
504 2016 606 2067 autem
624 2010 819 2084 quaesierunt
838 2012 949 2085 cogita·
1000 2009 1164 2084 permittat,
1176 2009 1226 2067 hic
1233 2010 1359 2084 fallitur,
1371 2017 1403 2067 et
1414 2001 1580 2069 Salomonis
1592 2011 1673 2085 regis
1684 2029 1751 2068 con·

199 2098 297 2158 tiones
315 2101 427 2158 multas
437 2117 454 2151 s
466 2099 496 2174 ¹).
1001 2101 1119 2158 futatur
1131 2099 1275 2174 exemplo,
1288 2100 1340 2173 qui
1352 2106 1423 2173 post
1433 2102 1608 2176 prophetiae
1617 2103 1748 2175 gratiam

234 2189 276 2245 11.
294 2189 543 2262 Sanismortem
555 2190 758 2265 corporisnon
773 2209 812 2250 ex
827 2210 949 2267 praeva-
1002 2188 1150 2247 contraxit
1168 2188 1320 2263 offensam,
1340 2188 1406 2246 sive
1425 2191 1505 2248 servi
1524 2191 1606 2248 illiue
1632 2191 1684 2265 qui
1706 2197 1750 2248 tn-

199 2277 358 2351 ricatione,
378 2279 433 2336 aed
451 2297 489 2337 ex
507 2278 675 2339 conditione
694 2287 820 2339 naturae
839 2282 949 2340 asserit
1001 2280 1117 2338 lentum
1136 2279 1251 2337 defodit
1268 2280 1298 2336 in
1318 2286 1437 2338 terram.

200 2367 355 2440 accidIsee,
369 2374 399 2426 et
412 2369 476 2426 sive
488 2376 652 2443 peccasset,
668 2370 733 2430 eive
751 2388 812 2429 non
831 2389 947 2446 peccas·
1037 2371 1108 2428 XII.
1128 2369 1239 2442 Siquis
1252 2387 1303 2428 eos
1316 2371 1368 2444 qui
1380 2377 1521 2445 percepta
1531 2371 1673 2448 baptismi
1686 2391 1751 2447 gra·

201 2464 249 2516 set
266 2457 379 2529 Adam,
400 2460 563 2517 moriturus
582 2468 671 2533 esset,
695 2461 745 2518 hic
769 2462 948 2536 pelegianus
1002 2461 1212 2532 tia,iternmIn
1226 2463 1356 2535 peccetis
1369 2462 1751 2539 demnabsslbusimplican·

201 2556 250 2606 eat
274 2547 481 2606 contradicens
505 2550 669 2623 prophetae
694 2550 820 2608 dicenti:
840 2552 949 2610 «Deus
1002 2557 1060 2624 tur,
1073 2547 1296 2626 antapoetatae
1309 2550 1409 2610 effecti
1421 2559 1500 2628 eunt,
1510 2554 1554 2613 sic
1566 2556 1604 2612 ab
1617 2557 1674 2613 hac
1686 2555 1751 2614 vita

202 2643 329 2697 mortam
346 2655 406 2696 non
424 2637 509 2712 iecit,
528 2639 583 2696 sed
599 2639 714 2699 invidia
739 2640 851 2700 diaboli
869 2660 949 2700 mors
1003 2642 1170 2716 discedunt,
1180 2649 1282 2700 essent
1290 2641 1417 2700 remissa
1425 2659 1479 2715 per
1489 2643 1671 2718 baptismum
1685 2661 1750 2717 pec·

201 2727 328 2785 intravit
345 2727 378 2784 in
397 2727 503 2792 orbem,
518 2734 666 2786 terrarum
675 2750 693 2786 ν
702 2731 734 2804 ¹).
1003 2738 1071 2790 cata
1083 2748 1190 2789 rursus
1201 2731 1365 2802 exsolvere,
1379 2730 1484 2806 eisque
1496 2732 1575 2789 mala
1587 2732 1752 2807 praeterita

238 2818 295 2875 III.
315 2817 347 2876 Si
364 2817 499 2891 quisper
512 2816 655 2876 offensam
668 2819 843 2892 (Ooocct'lium
856 2819 952 2876 Areu·
1005 2842 1073 2882 cnm
1097 2821 1314 2896 posterioribus
1339 2821 1494 2896 imputari,
1514 2823 1584 2897 quia
1606 2823 1751 2898 scriptum

109 2909 112 2916 ’
203 2905 951 2981 sican.11can.1³)...animcadurante...anima
1005 2918 1068 2968 aet:
1096 2930 1114 2966 a
1133 2911 1164 2967 Si
1192 2910 1270 2969 enim
1298 2910 1479 2984 refugientis
1506 2911 1754 2986 coinquinationis

204 3016 280 3073 quae
298 3007 453 3072 peccat...
472 2997 653 3057 exhibuistis
670 3017 780 3059 vos...
797 2999 950 3058 obedistis.
1003 2997 1107 3058 mundi
1125 3017 1179 3074 per
1204 3001 1386 3073 agnitionem
1412 2999 1534 3058 Domini
1559 3000 1654 3058 nostri
1672 3000 1751 3059 Iesu

239 3091 292 3147 IV.
311 3089 343 3146 Si
361 3089 428 3163 quis
450 3089 507 3147 soli
528 3089 612 3146 Adae
637 3089 680 3162 (0.
702 3091 754 3146 Ar.
773 3109 836 3148 can.
854 3091 898 3165 11)
909 3131 916 3148 .
926 3129 955 3148 ..
1005 3090 1118 3149 Christi
1135 3091 1253 3148 hisdem
1269 3109 1375 3150 rursus
1400 3090 1546 3166 implicati
1563 3097 1752 3165 superentur,

204 3198 263 3238 non
280 3187 383 3237 autem
395 3185 551 3254 peccatum
561 3220 568 3237 .
580 3221 605 3237 ..
624 3180 761 3239 homiues
778 3178 953 3255 pertransiit
1004 3181 1176 3238 factasunt
1200 3180 1261 3238 illis
1285 3180 1433 3238 deteriora
1455 3179 1606 3255 prioribus
1616 3182 1674 3254 »⁴).
1693 3179 1753 3236 Hic

204 3273 273 3344 (om.
291 3268 372 3343 mon)
1004 3269 1130 3342 ignarus
1142 3269 1268 3326 nimium
1279 3269 1403 3342 fallitur,
1416 3269 1554 3327 nesciens
1567 3267 1639 3342 quid
1651 3268 1754 3343 loqua-

241 3361 277 3416 V.
296 3358 411 3434 Siquis
430 3359 618 3417 invocatione
637 3360 680 3434 (0.
692 3361 743 3417 Ar.
756 3377 820 3418 can.
839 3359 952 3434 111)...
1006 3365 1065 3415 tur.
1084 3361 1146 3418 Nec
1163 3358 1232 3416 ideo
1251 3360 1329 3416 tales
1348 3359 1496 3416 deteriora
1513 3363 1667 3416 merentur
1685 3375 1755 3432 sup-

206 3450 383 3509 contradicit
400 3449 428 3506 ei
446 3450 498 3524 qui
517 3449 619 3507 dixit..
1006 3448 1106 3521 plicia,
1127 3449 1197 3522 quia
1210 3449 1253 3506 eis
1266 3448 1320 3506 illa
1332 3467 1408 3522 quae
1426 3467 1480 3523 per
1497 3449 1652 3507 lavacrum
1668 3464 1754 3521 rege-

241 3543 292 3599 VI.
311 3540 343 3598 Si
361 3539 428 3614 quis
445 3546 481 3598 ut
498 3559 516 3597 a
535 3545 656 3614 peccato
675 3541 718 3613 (0.
731 3542 782 3598 Ar.
794 3559 857 3598 can.
871 3541 927 3614 IV)
939 3581 955 3596 ..
1007 3537 1171 3596 narationIs
1185 3538 1309 3597 dimissa
1322 3545 1401 3612 sunt,
1414 3538 1604 3612 replicentur,
1618 3537 1672 3594 sed
1684 3537 1756 3610 quia

206 3651 265 3690 non
284 3636 386 3690 antem
403 3637 439 3688 ut
449 3631 513 3704 jam
525 3673 532 3689 .
542 3671 568 3687 ..
586 3630 618 3688 iu
629 3631 779 3688 nosfieri.
793 3630 954 3705 ..Spiritui
1007 3633 1077 3700 post
1088 3635 1260 3703 perceptam
1271 3628 1428 3686 scientiam
1441 3627 1579 3686 veritatis
1591 3627 1630 3684 ad
1642 3643 1679 3685 ea
1691 3645 1758 3703 pro-

208 3729 312 3781 sancto
331 3721 468 3779 dicenti...
487 3728 519 3779 at
537 3722 620 3780 Dens
639 3728 686 3780 est
705 3723 783 3796 qui...
1008 3715 1087 3789 lapsi
1106 3719 1177 3774 sunt
1195 3733 1272 3788 queo
1290 3715 1328 3774 ab
1348 3721 1470 3774 aeterua
1481 3714 1648 3788 perditione
1665 3713 1757 3770 mulo·

245 3813 311 3870 v11.
319 3810 350 3870 ei
360 3812 428 3886 quis
438 3812 517 3870 sicut
526 3814 844 3886 argumentum(O.Ar.
852 3811 956 3888 canV)
1008 3812 1120 3865 tantur.

271 3903 371 3977 ipsum
383 3889 572 3959 credulitatis
583 3899 733 3974 affectum,
746 3903 826 3975 quod
838 3903 868 3959 ln
888 3921 956 3960 eum
1044 3899 1131 3956 XIII.
1151 3898 1182 3955 Si
1200 3899 1268 3972 quIs
1280 3904 1372 3971 negat
1385 3896 1506 3955 diversa
1524 3913 1591 3956 esee
1610 3895 1757 3972 supplicia

208 3992 383 4051 credimus...
394 3992 426 4049 in
438 3990 516 4048 diem
528 3990 641 4048 Christi
652 3992 777 4050 Jhesu..
797 3991 871 4049 dicit
888 4009 956 4050 osas
1010 3989 1090 4063 Ignis
1109 3989 1223 4048 aeterni
1237 3989 1401 4047 secundum
1413 3988 1590 4062 qualitatem
1603 3992 1634 4046 et
1650 3987 1758 4044 merita

208 4083 385 4155 naturalem,
403 4099 508 4140 omncs
526 4081 605 4155 qui...
624 4099 690 4140 esse
710 4081 823 4140 definit
1009 4085 1210 4153 peccatorum,
1224 4077 1363 4136 inimicus
1376 4077 1525 4150 evangelii
1536 4076 1756 4152 comprobatur,

247 4173 329 4230 VIII.
348 4172 380 4231 Si
398 4171 465 4246 quis
485 4171 550 4230 eine
569 4171 668 4246 gratia
685 4173 728 4247 (0.
741 4173 792 4229 Ar.
809 4190 873 4230 cen.
893 4173 958 4244 VI).
1012 4169 1130 4227 dicente
1154 4169 1282 4228 Domino
1305 4167 1526 4244 comparatione
1544 4167 1757 4241 quorumdam:

246 4263 300 4320 IX.
319 4263 351 4320 si
369 4261 437 4334 quie
455 4279 508 4336 per
520 4267 646 4319 naturae
659 4262 701 4335 (0.
714 4264 766 4318 Ar.
779 4281 842 4319 can.
862 4263 958 4337 VII)...
1012 4262 1137 4318 «Amen
1160 4260 1227 4318 dico
1250 4251 1344 4333 uobis¹
1363 4258 1551 4317 tolerabilius
1576 4259 1635 4316 erit
1659 4264 1758 4314 terrae

211 4361 264 4412 aut
283 4354 394 4427 eligere
412 4352 470 4411 sibi
491 4354 679 4411 salutare...
698 4369 786 4426 posse
804 4353 959 4411 affirmat..
1012 4352 1207 4410 Sodomorum
1224 4351 1256 4409 in
1273 4351 1327 4408 illa
1345 4350 1393 4408 die
1412 4367 1502 4423 quam
1519 4349 1564 4406 illi
1582 4347 1758 4422 civitatisl).

212 4441 359 4499 credendo
377 4441 511 4500 virtuti..
530 4442 586 4500 Dei
607 4442 740 4500 dicentis.
1047 4443 1130 4502 XIV.
1150 4444 1181 4503 Si
1199 4445 1267 4520 quis
1286 4463 1338 4503 eos
1350 4462 1426 4517 quos
1438 4445 1522 4500 Deus
1537 4441 1656 4516 propria
1674 4455 1758 4514 pree·

246 4532 284 4588 K
304 4531 334 4590 ei
354 4532 422 4604 quis
441 4532 516 4590 allos
539 4532 744 4590 misericordia
761 4533 804 4608 (C.
823 4534 875 4590 Ar.
895 4551 958 4590 can.
1013 4532 1139 4591 edentia
1157 4539 1227 4590 aute
1246 4532 1491 4592 constitutionem
1503 4529 1607 4587 mundi
1623 4527 1758 4603 praedes·

214 4623 346 4696 VIII)...
364 4639 452 4694 posse
472 4622 690 4696 conquirere...
708 4639 798 4697 posse
811 4623 850 4679 ad
862 4639 894 4680 se
911 4639 961 4680 ve·
1013 4623 1123 4682 tinaut
1133 4623 1299 4682 conformes
1312 4623 1378 4681 fieri
1390 4621 1530 4695 imaginis
1541 4619 1610 4676 Filii
1624 4617 1679 4690 sui,
1692 4634 1760 4692 pos·

212 4712 304 4770 nire...
325 4713 422 4770 dicere
441 4713 602 4770 Dominum
619 4714 756 4772 Jhesum.
1015 4731 1047 4772 se
1066 4714 1164 4788 parire
1178 4712 1257 4782 dicit,
1271 4720 1325 4772 aut
1337 4729 1390 4771 eos
1403 4729 1478 4786 quoe
1490 4709 1611 4768 minime
1623 4708 1761 4783 praedee-

247 4805 303 4861 XI.
323 4804 353 4862 Si
370 4804 438 4878 quis
452 4821 503 4862 eos
516 4804 568 4876 qui
580 4810 650 4878 post
661 4805 790 4878 gratiam
803 4803 881 4862 sacri
893 4803 962 4880 bap·
1014 4804 1125 4862 tiuavit
1142 4804 1303 4879 participes
1322 4809 1462 4861 aetarnae
1486 4801 1581 4871 vitae,
1600 4799 1648 4858 eui
1672 4797 1759 4871 regni

213 4892 296 4952 tismi
315 4896 460 4952 scelerate
472 4894 505 4952 in
516 4895 649 4954 Ecclesia
666 4895 783 4968 mount,
797 4901 829 4952 et
847 4901 963 4970 aposta·
1015 4893 1156 4952 coelestis
1165 4893 1230 4951 fieri
1239 4911 1328 4968 posse
1338 4891 1455 4964 asserit,
1466 4906 1617 4949 enumero
1627 4887 1761 4945 fidelium

252 5127 275 5205 ¹)
293 5129 462 5199 Eccle.v11,
483 5132 527 5189 30.
1050 5130 1074 5198 ⁴)
1092 5145 1117 5187 11
1135 5131 1216 5187 Petr.
1235 5145 1268 5202 11,
1286 5127 1331 5185 20.

250 5223 277 5300 ¹)
296 5227 364 5299 Sap.
382 5241 411 5294 v,
431 5225 476 5281 24.
1051 5223 1074 5295 ὖ)
1092 5221 1199 5278 liutth.
1217 5239 1246 5294 x,
1267 5221 1310 5278 15.

250 5313 274 5387 8)
293 5315 373 5388 Aug.
392 5332 459 5389 opp.
478 5321 499 5371 t.
518 5329 540 5371 x
557 5311 612 5372 ool.
633 5313 712 5374 1076.

357 5442 454 5500 Anas.
472 5457 501 5518 v,
519 5441 570 5500 Iol.
587 5456 629 5499 xr.
