3978 6070
218 1665 244 1703 10

218 2862 246 2898 2⁰

222 3958 249 3994 ³⁰

222 4603 249 4639 ³⁵

271 487 306 543 τε
615 483 670 555 De
688 507 791 559 cursu
811 489 982 562 contrario
1000 489 1090 576 εοίίε,
1112 490 1226 582 lunae,
1240 493 1472 584 planetarum.

271 660 294 727 f.
320 659 362 724 66
386 683 428 740 τ.,
452 659 487 726 in
511 661 628 729 lacuna
653 663 672 728 5
705 686 806 730 versa
833 655 1078 737 ...διεθήσεται
1102 689 1222 729 του...
1247 664 1319 730 ὥσθ’
1345 669 1456 732 ίνα...
1483 664 1602 759 μεταξύ
1633 675 1820 740 ἐκείνων...

270 769 445 859 φερόμενον·
470 767 496 834 εί
520 760 644 834 δὲκαθ’
670 769 747 834 α’ύτό
772 771 946 861 φερόμενον·
971 777 997 837 εί
1021 771 1076 861 μὲν
1100 772 1224 857 κύκλῳ,
1247 783 1311 851 πῶς
1336 779 1392 838 ούκ
1416 775 1452 840 ἀν
1477 771 1665 868 σφαιροειδές
1690 793 1821 848 κινεῖται

270 875 376 959 κύκλῳ
400 877 483 942 κατά
504 877 610 968 φύσιν;
635 885 662 943 εί
686 871 719 945 δέ
744 880 786 968 μή
812 885 927 964 κυκλῷ,
945 891 1009 956 πῶς
1026 884 1057 945 ἐν
1074 884 1200 958 έκείνοις
1217 883 1348 959 ἐστίν,ή
1371 883 1414 973 μή
1441 877 1577 974 ὁμοειδές
1602 890 1743 966 ἐκείνοις;
1768 893 1822 955 καί

272 976 421 1058 δηλονότι
445 983 597 1075 φθαρτὸν,
620 995 682 1050 πεῖν
714 986 773 1078 γάρ
799 997 889 1075 σῶμα
913 987 1093 1076 κινούμενον
1117 988 1163 1054 ἐπ’
1190 988 1324 1068 εὐθείας,
1350 1004 1504 1082 στοιχεῖον
1529 985 1563 1059 δέ
1587 997 1664 1072 όλως
1688 995 1740 1081 όν,
1766 1001 1822 1063 ούκ

271 1083 369 1157 ἀΐδιόν
394 1097 471 1158 ἐστι·
495 1093 548 1157 καί
573 1092 635 1183 μήν
659 1093 713 1159 καί
736 1099 762 1158 εί
785 1094 922 1171 ἑκάστης
946 1106 1009 1160 τῶν
1035 1106 1169 1187 σφαιρῶν
1194 1088 1271 1162 ἴδιόν
1296 1101 1363 1163 ἐστι
1387 1101 1524 1190 κέντρον,
1548 1107 1580 1165 εί·
1600 1102 1654 1191 μέν
1683 1105 1818 1181 καὶτῆς

271 1211 326 1264 τοῦ
351 1201 437 1291 ἀέρος
462 1203 592 1290 σφαίρας
623 1202 677 1265 καί
700 1212 757 1277 τῆς
782 1213 858 1292 γῆς,
883 1202 966 1269 ἀλλά
990 1203 1031 1269 τά
1055 1205 1168 1296 κέντρα
1193 1196 1335 1298 διορίζειν
1367 1211 1423 1272 οὐκ
1450 1212 1498 1274 ἔτι
1522 1201 1655 1276 δυνατόν
1679 1211 1739 1294 τήγ
1764 1213 1820 1302 μέν

271 1311 334 1374 ἀπό
358 1320 413 1374 τοῦ
438 1309 533 1398 μέσου
558 1313 697 1387 κίνησιν,
721 1309 781 1382 τήν
808 1303 841 1377 δέ
864 1313 915 1376 ἐπί
938 1319 975 1377 τὸ
1001 1313 1111 1401 μέσον·
1135 1314 1199 1389 ἑνός
1227 1315 1286 1407 γάρ
1319 1315 1361 1406 μή
1387 1317 1475 1392 ὄντος
1499 1329 1555 1383 τοῦ
1580 1319 1693 1407 μέσον,
1717 1332 1821 1386 ταῦτα

270 1419 377 1484 πάντα
401 1420 513 1509 ἄλογοι·
530 1420 605 1510 πρός
621 1418 681 1512 γάρ
698 1418 729 1484 ἐν
746 1421 784 1485 τό
809 1421 902 1511 μέσον
921 1426 935 1485 ό
960 1423 1080 1487 τούτων
1106 1414 1271 1515 διορισμός·
1297 1430 1324 1490 εί
1348 1418 1382 1492 δέ
1405 1438 1549 1516 στοιχεῖα
1572 1428 1613 1494 τά
1636 1421 1716 1516 τῇδε
1739 1429 1823 1495 κατά

271 1529 309 1594 τό
332 1539 388 1594 τοῦ
411 1529 528 1605 παντὸς
553 1530 646 1618 μέσον
663 1531 793 1618 ὥρισται
813 1539 883 1605 ταῖς
907 1531 1073 1614 κινήσεσιν,
1097 1541 1161 1607 πῶς
1185 1531 1306 1599 τούτων
1330 1534 1385 1624 μέν
1410 1541 1442 1599 αί
1464 1535 1549 1602 κατά
1573 1537 1661 1626 φύσιν
1686 1539 1821 1614 κινήσεις

270 1639 346 1729 πρός
370 1641 467 1703 ἐκεῖνο
491 1639 654 1728 γίγνονται
677 1638 714 1703 τὸ
736 1638 845 1728 μέσον;
864 1643 896 1704 αἱ
913 1630 946 1705 δέ
969 1648 1032 1704 τῶν
1058 1650 1193 1730 σφαιρῶν
1217 1651 1280 1705 τῶν
1305 1641 1466 1733 θειοτέρων
1491 1648 1525 1708 ού
1549 1645 1619 1735 περί
1640 1649 1746 1712 ἐκεῖνο·
1770 1647 1825 1712 καί

272 1747 332 1839 γάρ
357 1752 383 1812 εί
402 1746 458 1836 μέν
483 1745 652 1837 κράτιστον
669 1747 706 1812 τό
722 1749 791 1839 περὶ
806 1747 933 1837 κέντρον
954 1747 1104 1813 κινεῖσθαι
1119 1759 1174 1813 τοῦ
1197 1751 1326 1826 παντὸς,
1350 1761 1414 1826 πῶς
1439 1757 1470 1814 αἱ
1493 1751 1631 1841 ούράνιαι
1656 1765 1781 1844 σφαῖραι
1799 1757 1821 1844 ¹)

272 1857 380 1932 ἀλλοις
403 1867 543 1947 χρῶνται
566 1855 721 1948 κέντροις;
746 1862 773 1921 εἰ
797 1849 829 1922 δέ
854 1855 897 1945 μή
923 1855 1102 1948 κράτιστον,
1126 1867 1190 1934 πῶς
1214 1864 1233 1932 ή
1266 1857 1407 1935 ἀπλανὴς
1430 1861 1500 1950 περὶ
1523 1864 1622 1926 ἐκεῖνο
1646 1863 1822 1952 στρέφεται,

273 1968 422 2056 κρείττων
447 1960 524 2030 ούσοι
547 1976 610 2031 τῶν
636 1966 731 2044 ἐντός,
756 1965 810 2030 καί
837 1965 1028 2056 περιάγουσα
1056 1966 1112 2042 τάς
1141 1966 1255 2044 ἀλλαςς
1281 1971 1307 2032 εἰ
1332 1958 1365 2032 δέ
1388 1977 1483 2032 τοῦτο
1508 1966 1563 2057 μέν
1587 1980 1645 2045 τῆς
1670 1973 1824 2047 ἀπλανοῦς

274 2075 378 2164 μέσον,
404 2074 483 2139 άλλο
507 2064 600 2139 δὲτὸ
624 2085 679 2139 τοῦ
702 2077 830 2157 παντός,
855 2084 919 2152 πῶς
944 2080 999 2140 ούκ
1023 2079 1119 2141 έκεῖνο
1138 2074 1194 2152 τάς
1219 2075 1316 2152 θέσεις
1342 2067 1466 2166 διορίζει
1490 2087 1552 2141 τῶν
1576 2077 1741 2166 σωμάτων,
1765 2079 1824 2156 τάς

273 2181 357 2248 κατά
380 2181 469 2273 φύσιν
493 2184 546 2246 καί
569 2181 626 2258 τάς
650 2183 786 2260 κινήσεις
798 2210 805 2262 ;
830 2190 869 2260 ὡς
893 2184 952 2275 γάρ
971 2185 1054 2274 μένει
1070 2183 1176 2248 πάντα
1194 2183 1277 2249 κατά
1295 2184 1393 2272 φύσιν,
1411 2185 1493 2249 οὕτω
1510 2186 1564 2249 καί
1581 2197 1716 2251 κινεῖται
1739 2187 1824 2253 κατά

273 2291 372 2382 φύσιν·
396 2293 450 2356 καί
474 2297 500 2356 εἰ
525 2292 607 2380 μένει
631 2291 701 2382 περὶ
724 2293 761 2357 τό
776 2303 830 2356 τοῦ
847 2295 963 2369 παντός
981 2293 1084 2382 μέσον,
1107 2292 1161 2357 καί
1185 2303 1319 2358 κινεῖται
1342 2293 1413 2383 περὶ
1437 2291 1514 2358 αύτό
1538 2293 1622 2360 κατά
1646 2294 1823 2385 φύσινκαὶ

274 2406 300 2466 εί
323 2411 465 2480 κινεῖται,
490 2401 544 2465 καί
567 2399 662 2488 μένει·
687 2399 740 2465 καί
764 2399 826 2490 μήν
851 2401 904 2465 καί

273 2620 296 2685 f.
315 2620 367 2699 67,
383 2619 418 2684 in
433 2619 550 2685 lacuna
567 2620 587 2684 4
606 2641 704 2686 versa
722 2616 863 2683 τότε...
887 2626 1049 2686 πᾶσιν...
1074 2619 1129 2681 ούκ
1152 2615 1250 2681 ἔοικεν
1267 2670 1274 2684 .
1291 2669 1298 2684 .
1313 2670 1321 2685 .
1335 2640 1398 2691 κοις
1417 2619 1490 2680 ἀλλ’
1507 2618 1658 2707 αὐτοφυές
1679 2618 1823 2705 [κύ]κλοι,

273 2725 397 2796 πολλὴν
423 2724 583 2817 εἰσάγουσι
606 2725 665 2796 τήν
690 2735 752 2790 τῶν
778 2750 867 2814 μ...
890 2734 953 2788 τῶν
978 2727 1106 2790 ἔννοιαν·
1124 2727 1188 2790 εἴτε
1204 2725 1264 2816 γάρ
1282 2729 1467 2802 κυκλίσκους
1492 2751 1575 2794 ν...
1599 2751 1686 2803 τινας
1711 2732 1757 2816 ἐφ’
1782 2721 1824 2792 ὧν

274 2841 302 2900 οἱ
326 2834 451 2924 ἀστέρες
476 2836 583 2916 ἔνεισι,
607 2835 801 2924 κινουμένους
826 2835 962 2899 ἐπὶτῶν
986 2832 1198 2923 ὁμοκέντρων·
1221 2832 1325 2904 πολλή
1352 2836 1467 2924 ἀλογία
1491 2833 1623 2910 κύκλους
1647 2839 1678 2900 ἐν
1707 2839 1825 2925 ούρανῷ

273 2954 372 3008 ποιεῖν
391 2943 461 3008 ἀντί
478 2943 633 3033 σωμάτων
650 2935 856 3033 δινουμένους,
870 2944 932 3007 εἴτε
950 2940 1084 3029 σώματα
1098 2941 1182 3005 ἄττα
1195 2931 1374 3030 σφαιροειδῆ
1391 2953 1460 3016 ταῖς
1475 2943 1614 3032 σφαίραις
1632 2934 1823 3032 ἐνδεδεμένα,

274 3067 315 3121 -;;-
338 3051 391 3114 καὶ
404 3049 430 3136 ²)
455 3041 493 3115 δι’
512 3054 614 3115 αὐτῶν
632 3051 796 3142 φερόμενα,
813 3051 867 3114 καί
882 3049 924 3116 τά
941 3050 1041 3139 ἄστρα
1058 3047 1109 3113 ἐπί
1124 3048 1257 3132 τούτων,
1275 3051 1322 3114 έτι
1340 3041 1575 3140 ἀδυνατώτερον
1599 3051 1655 3115 καί
1675 3056 1826 3142 πλασμα-

281 3150 481 3250 εωδέοτερον·
506 3151 593 3224 οὐδὲν
618 3158 678 3249 γάρ
702 3159 846 3224 ἀπέοικεν
870 3168 925 3224 τοῦ
956 3168 1054 3223 ποιεῖν
1079 3159 1130 3222 ἐπί
1154 3149 1192 3230 δή
1218 3183 1311 3224 τινων
1340 3158 1513 3248 ὀχημάτων
1539 3159 1722 3250 φερομένους
1753 3160 1825 3238 τούς

276 3269 418 3358 ἀστέρας,
442 3273 482 3344 ὡς
500 3266 611 3343 αύτούς
635 3271 669 3332 ού
694 3259 882 3357 δυναμένους
897 3265 1057 3350 κινεῖσθαι,
1075 3265 1203 3341 καὶτῆς
1220 3269 1266 3354 ἐφ’
1284 3265 1397 3356 ἑτέρων
1416 3266 1556 3354 όχήσεων
1574 3267 1666 3342 ὄντας
1690 3257 1827 3343 ἐπιδεεῖς·

275 3381 397 3467 γελοῖον
422 3367 460 3449 δή
486 3387 542 3441 τοῦ
566 3376 625 3449 τὴν
642 3378 764 3450 κίνησιν
781 3380 886 3466 ὁμαλῆ
906 3369 1042 3466 φυλάξαι
1058 3372 1340 3464 προθυμουμένους,
1365 3372 1483 3438 οἴεσθαι
1506 3384 1601 3439 τοῦτο
1624 3384 1734 3458 ποιεῖν,
1757 3371 1827 3440 εἶτα

275 3487 441 3575 κινούμενοι
465 3476 713 3552 διπλασιάσαιεν·
730 3487 839 3552 ἔπειτα
856 3475 908 3549 διά
924 3485 995 3548 τίνα
1014 3485 1118 3548 αἰτίαν
1135 3487 1150 3547 ό
1169 3481 1223 3572 μέν
1240 3483 1328 3557 ήλιος
1345 3481 1434 3554 καίή
1461 3483 1577 3556 σελήνη
1604 3473 1666 3548 ὦδε
1689 3482 1741 3547 ἐπί
1763 3491 1825 3547 τῶν

275 3595 449 3661 ἐπικύκλων
474 3605 642 3678 κινοῦνται,
660 3599 688 3660 οί
706 3585 740 3659 δέ
755 3593 849 3658 πέντε
864 3591 1022 3668 πλάνητες
1039 3591 1159 3682 ἑτέρως·
1176 3599 1206 3656 οἱ
1217 3591 1243 3674 ³)
1262 3589 1316 3679 μέν
1334 3589 1393 3681 γάρ
1410 3589 1470 3662 τήν
1493 3589 1556 3655 ἀνω
1579 3601 1634 3656 τοῦ
1657 3589 1825 3656 έπικύκλου

275 3704 469 3794 περιφέρειαν
494 3705 640 3779 ἐναντίως
663 3712 710 3786 τῷ
733 3701 901 3784 έπικύκλῳ,
926 3700 985 3772 τήν
1011 3689 1045 3765 δὲ
1067 3698 1155 3764 κάτω
1179 3698 1271 3789 φασίν
1296 3698 1347 3762 ἐπὶ
1370 3697 1412 3763 τά
1437 3697 1533 3764 αύτά·
1560 3704 1588 3763 οί
1611 3690 1645 3763 δὲ
1667 3697 1827 3774 πλάνητες

278 3813 442 3878 ἀνάπαλινΙ
467 3811 527 3884 τήν
552 3811 607 3901 μέν
633 3812 695 3876 άνω
720 3811 770 3876 ἐπὶ
793 3810 834 3876 τά
852 3808 944 3890 αύτά,
961 3809 1020 3881 τὴν
1037 3807 1126 3872 κάτω
1144 3799 1177 3871 δέ
1193 3807 1347 3882 ἐναντίως·
1365 3811 1393 3871 οἱ
1410 3805 1464 3893 μὲν
1483 3800 1534 3871 οὖν
1551 3806 1613 3871 ἀπὸ
1638 3815 1700 3870 τῶν
1726 3806 1828 3894 μαθη-

277 3920 397 4010 μάτων,
422 3925 539 4011 ἐροῦσιν
564 3921 645 3997 ὅπως
669 3919 710 3985 τά
735 3919 905 4009 φαινόμενα
930 3907 1147 3982 διασώσωνται
1171 3913 1320 3991 τοιαύτας
1343 3906 1515 4003 λαμόάνειν
1539 3911 1714 3989 ὑποθέσεις·
1739 3919 1767 3978 οἱ
1792 3905 1825 3979 δὲ

275 4037 316 4107 είς
340 4031 506 4121 φιλόσοφον
531 4035 654 4094 Μοῦσαν
680 4029 859 4113 βλέποντες,
883 4025 921 4090 τό
946 4015 1045 4115 μηδέν
1070 4023 1192 4112 ἀλόγως
1210 4021 1351 4112 γίνεσθαι
1374 4031 1499 4112 χρῆναι,
1524 4011 1747 4110 διαφυλάττειν
1772 4019 1827 4110 μέν

277 4135 321 4215 οἷς
345 4137 486 4227 μάλιστα
510 4127 608 4225 μηδὲν
634 4142 702 4221 εἰκῇ
730 4129 804 4224 μηδ’
829 4139 869 4210 ὡς
893 4134 1016 4221 ἔτυχεν,
1043 4129 1126 4194 ἀλλά
1149 4129 1254 4195 πάντα
1279 4129 1363 4196 κατά
1387 4130 1482 4222 λόγον

276 4359 300 4424 f.
319 4359 359 4424 67
377 4382 419 4437 τ.,
436 4357 471 4421 in
486 4355 603 4422 lacuna
628 4356 647 4420 5
672 4375 772 4419 νοτες
798 4354 956 4420 ...αὐτῶν
981 4373 1055 4438 φυ...
1078 4349 1353 4438 παρακέλευσμα...
1378 4347 1498 4409 πίστων
1521 4343 1574 4407 καί
1599 4340 1827 4407 ἁπλουστάτων

276 4463 417 4530 ὑποθέσει
439 4472 555 4552 χρῆναι
579 4459 638 4533 τήν
664 4459 850 4549 φαινομένην
876 4459 1083 4546 ἀνω[μαλίαν]
1103 4466 1167 4522 τῶν
1190 4457 1348 4544 οὐρανίων,
1369 4450 1549 4516 ἀπευθύνειν
1574 4455 1615 4525 εἰς
1639 4447 1828 4536 ὁμαλότητα

278 4574 332 4638 καί
347 4565 447 4650 τάξιν·
464 4577 492 4636 οἱ
509 4561 541 4636 δέ
558 4579 627 4646 ταῖς
646 4566 881 4641 άνελιττούσαις
898 4563 1063 4656 χρώμενοι,
1079 4569 1199 4630 πολλοῦ
1216 4555 1336 4628 δέουσιν
1353 4569 1447 4624 τοῦτο
1464 4568 1573 4639 ποιεῖν,
1585 4556 1826 4630 πολλαπλασίας

279 4677 436 4754 ὑποθέσεις
460 4688 522 4744 τῶν
555 4677 746 4768 φαινομένων
777 4667 1009 4763 λαμόάνοντες,
1034 4673 1087 4738 καί
1111 4673 1241 4762 σφαίρας
1266 4661 1527 4758 δημιουργοῦντες
1553 4663 1750 4752 ἀμυθήτους,
1775 4662 1828 4727 καί

317 4893 340 4968 ¹)
360 4895 396 4952 In
414 4892 561 4966 margine:
625 4912 663 4964 γρ.
685 4892 710 4942 σύ
738 4895 787 4951 τοῖς
808 4891 931 4946 ἀλλήλων.
951 4886 1029 4943 Tum
1082 4890 1114 4945 in
1132 4885 1266 4960 margine
1285 4903 1301 4942 e
1320 4881 1455 4954 regione:
1475 4882 1502 4932 Εἰ
1523 4884 1563 4932 δεῖ
1579 4885 1653 4952 φασίν
1676 4879 1739 4931 εύτά
1759 4881 1828 4929 ἀπλῦ

280 4987 384 5044 stabim
397 5004 414 5042 θ
426 4984 561 5058 regione:
573 4985 604 5033 Δί
619 4982 760 5052 όμόκιιτροι
774 4986 830 5050 περί
841 4985 867 5033 τό
878 4983 921 5032 τοῦ
937 4981 1029 5036 παντὸς
1084 4979 1141 5032 κατ’
1155 4979 1237 5031 ούσίαν
1252 4979 1319 5042 ὄντα,
1333 4979 1415 5031 ἀπλῆν
1431 4976 1548 5024 κινεῖσθαι
1561 4973 1663 5026 κίνησιν·
1677 4975 1719 5022 καί
1739 4969 1830 5022 ταύτην

281 5077 530 5145 κινοῦνταιῖκίντρον,
551 5074 577 5122 αί
597 5077 639 5122 καί
655 5072 727 5130 ὄντως
743 5072 802 5124 εἰσίν
823 5072 885 5122 ὅλαι·
900 5072 926 5122 αἱ
947 5073 972 5120 δέ
992 5068 1030 5120 ἐκ·
1084 5069 1220 5142 ἐγκύκλιον,
1241 5065 1367 5134 ζητητέον,
1387 5065 1440 5123 πῶς
1460 5065 1532 5114 τοῦτο
1552 5060 1679 5129 σώσομινς

282 5187 375 5237 κεντροι
395 5165 456 5235 μίρη
478 5159 547 5215 ούοαι
565 5163 609 5214 τοῦ
632 5164 734 5228 παντός,
754 5166 809 5231 πιρί
831 5165 864 5212 τὰ
882 5159 974 5211 ίαυτύν
994 5179 1031 5210 κι-
1120 5156 1143 5231 ³)
1162 5159 1187 5209 τί
1208 5159 1230 5208 οί
1250 5152 1315 5210 cod.
1335 5169 1403 5208 oum
1414 5150 1531 5226 punctis
1545 5149 1584 5206 ad
1602 5144 1832 5220 expungendum

282 5261 377 5310 νοῦνται
396 5255 493 5326 κέντρα,
515 5255 698 5326 παραπλησίως
718 5257 768 5312 τοῖς
788 5255 892 5320 ἀοτρσις.
1085 5268 1116 5300 τι.
1138 5246 1215 5302 Tum
1233 5243 1265 5299 in
1283 5241 1418 5314 margine
1437 5241 1476 5296 ad
1493 5241 1522 5295 h.
1541 5240 1572 5295 l.:
1592 5243 1639 5289 Διά
1658 5238 1680 5288 τί
1700 5238 1725 5286 ἀὲ
1745 5237 1767 5286 σί
1787 5235 1830 5302 μέν

319 5345 343 5418 ¹)
357 5344 485 5418 Legitur
497 5349 568 5418 post
579 5343 718 5402 lacunam
733 5341 768 5398 18
780 5339 874 5398 obelis
890 5343 1032 5406 notatam,
1087 5336 1215 5406 φαίνονται
1235 5335 1401 5405 ἀφαιροῦντες,
1422 5334 1444 5383 οἱ
1463 5333 1488 5382 δέ
1508 5331 1549 5394 οὖν
