3978 6070
302 515 338 574 86
597 498 668 579 oar
684 511 834 579 motuum
851 500 1062 578 intervalla?
1082 503 1175 594 Quid
1192 527 1315 580 ικακαε
1332 501 1554 578 Parcarum?

302 678 456 771 Ἀτρόπου
480 677 539 750 τήν
564 679 726 770 κρείσσονα
749 687 875 742 κινοῦσα
898 667 1049 767 περίοδον·
1074 677 1164 765 τρίτη
1185 668 1253 750 δὲή
1274 675 1447 768 Ἄτροπος,
1467 680 1614 768 ὑφειμένη
1640 687 1698 755 τῆς
1723 678 1777 769 μὲν
1801 691 1847 764 τῷ

304 799 428 878 μοναχῇ
454 799 558 870 κινεῖν,
581 797 639 863 τῆς
669 778 702 853 δὲ
724 797 770 870 τῷ
794 786 853 860 τήν
878 775 1146 874 καταδεεστέραν·
1171 797 1313 876 κρεῖττον
1343 793 1373 879 γ’
1398 782 1450 852 σόν
1478 793 1497 860 ή
1523 788 1574 852 ἐπὶ
1602 778 1687 865 δεξιά
1717 799 1775 866 τῆς
1798 793 1847 854 ἐπ’

304 895 452 987 ἀριστερά
475 905 687 988 περιαγωγῆς·
710 895 730 968 ή
755 895 797 961 τά
822 886 906 974 δεξιά
936 904 998 960 τῶν
1024 899 1191 987 ἀριστερῶν
1217 889 1434 990 δυνατωτέραν
1462 900 1527 990 ἔχει
1551 891 1659 976 τάξιν·
1683 901 1779 966 ἐκεῖνο
1804 890 1846 980 δέ,

304 1004 425 1070 τούτων
450 1003 677 1078 ἀληθεστάτων
702 1007 809 1088 οὐσῶν,
835 998 919 1083 ἀξιον
944 1002 987 1094 μή
1011 994 1236 1094 παραδραμεῖν.

264 1303 277 1340 ⁵
304 1283 328 1349 f.
353 1284 394 1348 80
418 1305 460 1360 v.‚
483 1281 517 1345 in
540 1279 657 1345 lacuna
680 1280 700 1342 2
725 1300 825 1344 νεῖαι
864 1269 1078 1368 ...Ἄτροπον
1092 1327 1099 1341 .
1114 1327 1142 1342 ..
1165 1277 1314 1366 ἑκατέρας
1332 1268 1451 1343 διαλεῖ.
1468 1329 1496 1343 ..
1520 1279 1630 1368 χρόνον
1647 1285 1686 1354 ὡς
1711 1280 1762 1345 ἐπὶ
1784 1291 1846 1344 τῶν

304 1390 465 1478 ὑμνήσεων
480 1388 517 1452 τό
530 1387 637 1476 πρός...
649 1394 712 1450 τῶν
727 1388 879 1474 Σειρήνων
898 1387 1056 1476 ἁρμονίαν,
1070 1387 1167 1461 οότως
1184 1386 1234 1450 ἐπὶ
1250 1394 1312 1450 τῶν
1330 1386 1479 1458 κινήσεων
1494 1389 1530 1452 τό
1544 1379 1713 1453 διαλείπειν
1727 1389 1847 1479 χρόνον,

304 1498 444 1564 ἀλλ’ὅτι
468 1487 615 1583 δεόμενον
632 1491 833 1568 ἐπιστάσεως.
853 1532 893 1541 -
911 1495 949 1557 Τί
966 1486 1017 1556 οὖν
1035 1485 1130 1566 δηλοῖ
1143 1493 1180 1556 τό
1199 1484 1367 1558 διαλείπειν
1384 1495 1494 1583 χρόνον
1510 1495 1529 1567 ή
1548 1497 1622 1584 πρὸς
1639 1495 1694 1585 μὲν
1710 1499 1748 1562 τό
1768 1496 1849 1562 πλά-

305 1629 370 1693 σμα
394 1614 451 1679 τῆς
475 1599 656 1692 θεομυθίας;
674 1601 722 1667 ἵνα
739 1599 828 1671 καὶὴ
849 1598 980 1689 Λάχεσις
998 1601 1055 1689 ἔχῃ
1074 1597 1179 1690 χώραν
1203 1600 1353 1690 ἑκατέραν
1377 1612 1448 1666 ταῖν
1467 1595 1621 1693 περιόδοιν
1645 1615 1749 1681 κινεῖν,
1774 1607 1850 1668 όταν

305 1715 420 1777 ἐκεῖναι
444 1701 654 1790 διαλείπωσιν,
677 1709 751 1798 πρὸς
776 1699 810 1772 δὲ
832 1707 891 1780 τήν
924 1707 1094 1786 ἀλήθειαν,
1118 1713 1158 1784 εἰς
1186 1699 1314 1786 ἔνδειξιν
1342 1719 1397 1774 τοῦ
1423 1710 1465 1799 μὴ
1491 1705 1569 1776 εἶναι
1591 1711 1648 1790 τάς
1671 1715 1723 1777 ἀπ’
1748 1715 1849 1777 αὐτῶν

250 1843 277 1880 ιο
304 1821 440 1895 κινήσεις
463 1817 695 1908 ἑτεροκινήτων·
719 1819 857 1890 ἔστησαν
873 1815 933 1907 γάρ
951 1815 987 1881 ἀν
1013 1825 1045 1880 αἱ
1067 1808 1205 1907 περίοδοι
1221 1817 1340 1882 τούτων
1359 1809 1593 1883 διαλειπουσῶν·
1617 1821 1654 1884 τό
1679 1815 1731 1885 οὖν
1756 1825 1850 1885 αὺτο-

305 1931 432 2001 κίνητον
448 1929 560 1991 αὐταῖν
577 1930 659 2016 ὁρᾷς,
676 1931 702 1990 εί
719 1917 920 2003 διαλιποόσας
939 1925 1057 2001 ταύτας
1074 1918 1231 2013 λάθωμεν.
1251 1966 1291 1975 -
1310 1931 1348 1990 Αί
1365 1918 1399 1991 δὲ
1417 1919 1455 1999 δή
1474 1939 1574 2018 χεῖρες
1599 1935 1631 1993 αἱ
1652 1939 1714 1994 τῶν
1731 1935 1849 2018 Μοιρῶν

304 2039 391 2113 τίνας
413 2058 492 2100 ποτε
516 2025 645 2107 δηλοῦσι
670 2027 833 2122 δυνάμειςῐ
857 2033 876 2106 ἢ
902 2039 940 2110 ὡς
972 2040 1003 2098 αί
1034 2035 1170 2123 κεραλαί
1200 2031 1257 2110 τάς
1288 2032 1471 2120 θειοτάτας,
1497 2036 1594 2110 οὕτως
1618 2041 1651 2098 αἱ
1672 2045 1772 2126 χεῖρες
1794 2034 1851 2109 τάς

306 2136 555 2235 δευτερουργοός·
580 2142 633 2206 καὶ
656 2148 696 2217 ὡς
720 2146 833 2207 ἐκεῖναι
848 2139 905 2218 τάς
921 2141 1128 2232 νοερωτάτας,
1145 2143 1242 2217 οὕτως
1259 2137 1351 2207 αθται
1367 2142 1423 2218 τάς
1446 2142 1626 2218 ποιητικάς.
1651 2144 1711 2207 Καί
1735 2143 1794 2235 γάρ
1819 2150 1851 2208 αἱ

308 2253 361 2341 μὲν
387 2249 522 2340 κεφαλαί
545 2248 710 2341 γεγόνασιν
729 2249 824 2339 ἀρχαί
839 2259 902 2312 τῶν
919 2243 1017 2330 ζώων,
1035 2253 1067 2312 αῖ
1083 2239 1116 2313 δὲ
1132 2260 1231 2339 χεῖρες
1249 2245 1442 2338 ἀντιλήψεως
1459 2253 1550 2316 ἕνεκα
1567 2253 1621 2316 καί
1644 2252 1774 2340 ἀμόνης,
1797 2255 1851 2316 καὶ

251 2379 278 2416 ¹⁵
305 2365 384 2438 ὅλως
400 2371 455 2427 τοῦ
473 2354 558 2451 δρᾶν·
574 2359 628 2425 καὶ
643 2351 752 2434 λάθοις
769 2359 805 2422 ἀν
822 2357 875 2421 καὶ
892 2362 926 2422 ἐκ
942 2358 1074 2439 τούτων,
1092 2359 1174 2433 ὅπως
1191 2360 1244 2420 καί
1261 2357 1405 2448 θεολόγοι
1428 2359 1533 2450 χεῖράς
1554 2385 1641 2437 τινας
1658 2365 1851 2426 ἀποκαλοῦσι

305 2469 469 2547 θεότητας,
493 2469 512 2542 ή
537 2479 597 2544 τῆς
621 2461 775 2557 ζωογόνου
793 2465 889 2541 Ῥέας,
905 2463 925 2538 ή
943 2461 1166 2549 τοῦβασιλέως
1185 2465 1299 2531 Ἡλίου·
1316 2468 1370 2531 καί
1387 2462 1425 2531 αὖ
1442 2469 1523 2543 ὅπως
1547 2467 1604 2545 τάς
1628 2471 1851 2558 ὑπερκοσμίους

306 2577 460 2653 θεότητας
484 2573 638 2640 ἀπτεσθαι
661 2572 754 2663 φασί,
779 2573 833 2637 καὶ
857 2572 899 2662 μή
925 2572 1081 2638 ἅπτεσθαι
1105 2583 1159 2638 τοῦ
1185 2577 1323 2663 οὐρανοῦ,
1346 2575 1479 2640 καὶτοῦ
1510 2577 1693 2667 Σωκράτους
1718 2577 1850 2652 ἀκοόσας

305 2690 474 2775 ὑμνοῦντος
498 2682 555 2759 τάς
581 2684 721 2773 μοιραίας
752 2693 877 2772 χεῖρας,
901 2681 955 2744 καὶ
984 2681 1133 2772 λέγοντος
1158 2681 1254 2758 αὐτάς
1278 2681 1433 2748 ἅπτεσθαι
1465 2683 1518 2746 καί
1542 2683 1583 2774 μή
1612 2683 1766 2749 ἅπτεσθαι
1788 2696 1850 2751 τῶν

304 2793 503 2882 κινουμένων,
528 2793 610 2856 οὕτω
634 2782 668 2856 δὲ
692 2789 752 2880 ἀρα
776 2781 934 2877 δυνάμεων
960 2789 1035 2854 εἰσὶν
1061 2795 1092 2852 αἱ
1116 2801 1216 2879 χεῖρες
1234 2784 1378 2881 σόμόολα
1403 2790 1584 2869 θειοτάτων,
1602 2799 1642 2868 ὡς
1659 2792 1712 2856 καί
1730 2797 1761 2859 ὲν
1785 2807 1851 2871 τοῖς

251 2937 278 2974 2⁰
304 2902 378 2992 ὑπὲρ
395 2904 449 2966 τόν
467 2893 657 2990 δημιουργόν
675 2898 754 2975 θεοῖς
771 2898 995 2989 ἑκατόγχειρας
1013 2897 1173 2988 ὑμνεῖσθαί
1189 2922 1286 2983 τινας,
1305 2901 1527 2991 ρρουρητικοὺς
1544 2902 1636 2979 ὄντας
1656 2911 1719 2967 τῶν
1741 2913 1851 2993 νοερῶν

307 3009 469 3096 βασιλέων·
493 3018 585 3098 τριῶν
610 3007 669 3100 γάρ
694 3005 750 3072 τοό

306 3283 329 3348 f.
348 3285 400 3362 81,
417 3284 451 3348 in
474 3283 591 3349 lacuna
611 3285 631 3348 3
650 3302 751 3347 νοτες
776 3288 905 3346 τῶν...
931 3277 1050 3368 ἀντοχή
1076 3281 1111 3342 ἑσ
1125 3324 1132 3341 .
1148 3327 1175 3340 ..
1200 3275 1334 3367 Λάχεσιν
1358 3281 1389 3343 ἐν
1415 3276 1499 3368 μέρει
1522 3279 1671 3370 ἑκατέρας
1685 3329 1691 3343 .
1707 3329 1714 3342 .
1729 3331 1735 3342 .
1749 3280 1853 3368 μαίνει

307 3383 409 3464 δήπου
433 3390 471 3454 τό
495 3380 640 3478 δυνάμεις
664 3389 811 3478 ἔχειν...
836 3379 875 3451 δι’
900 3381 941 3451 ὧν
961 3386 1192 3478 συνεφάπτεται
1208 3397 1277 3460 ταῖς
1294 3385 1404 3461 ἄλλαις
1430 3396 1492 3450 τῶν
1517 3389 1678 3461 κινήσεων·
1704 3389 1805 3478 ὥσπερ
1831 3395 1850 3460 ή

306 3497 447 3589 Ἀνάγκη
474 3494 558 3561 κατά
583 3498 657 3585 μίαν
682 3497 787 3562 ἕνωσιν
811 3493 871 3569 τήν
895 3494 1002 3566 κοινήν
1025 3505 1118 3559 πᾶσιν
1144 3487 1284 3560 ἐνδίδωσι
1307 3496 1447 3577 κίνησιν,
1471 3487 1556 3560 δοκεῖ
1580 3487 1623 3578 δὲ,
1648 3501 1687 3570 ὡς
1712 3498 1850 3585 εἴπομεν,

252 3633 278 3672 ιε
308 3605 363 3670 καί
385 3615 430 3688 τῷ
455 3605 623 3693 πλάσματι
646 3604 751 3695 χώραν
776 3604 933 3694 παρέχειν·
958 3609 985 3669 εί
1001 3602 1060 3694 γάρ
1076 3607 1190 3669 ἐκεῖναι
1208 3595 1420 3669 διαλείπουσιν
1437 3605 1558 3694 χρόνον,
1580 3616 1718 3669 κινοῦσαι
1742 3604 1852 3682 αὐτὴν,

306 3714 432 3790 εἰκότως
457 3717 487 3778 ἐν
513 3715 598 3805 μέρει
614 3712 747 3803 ἑκατέρᾳ
764 3713 843 3803 χειρί
859 3723 944 3778 κινεῖ·
961 3708 1024 3776 οἷον
1041 3715 1071 3777 ἐν
1088 3705 1112 3796 ᾧ
1131 3712 1185 3799 μὲν
1203 3717 1221 3784 ή
1241 3710 1360 3776 Κλωθὼ
1377 3703 1539 3794 διαλείπει,
1557 3722 1597 3796 τῇ
1617 3703 1702 3795 δεξιᾷ
1726 3723 1853 3776 κινοῦσα

307 3822 405 3911 μόνῃ,
429 3827 460 3888 ἑν
485 3817 509 3906 ᾧ
534 3815 567 3887 δὲ
589 3827 608 3896 ή
634 3814 794 3910 ’Ἄτροπος
818 3830 858 3905 τῇ
886 3823 1044 3909 ἀριστερᾷ,
1070 3822 1119 3884 ’ίνα
1144 3819 1180 3883 τό
1204 3827 1265 3882 πᾶν
1291 3818 1338 3884 ἀεὶ
1363 3818 1416 3907 μὲν
1441 3818 1499 3883 ὑπό
1524 3843 1605 3894 τινος
1629 3828 1757 3891 κινῆται
1781 3819 1853 3883 καθ’

306 3930 457 4019 ἑκατέραν
475 3939 541 3994 τοῖν
557 3918 721 4016 περιόδοιν,
735 3919 895 4016 μηδέποτε
912 3917 945 3992 δὲ
961 3929 1020 3991 ὑπὸ
1038 3919 1133 3991 δυεῖν·
1146 3937 1240 3991 τοῦτο
1254 3917 1298 4008 δὲ,
1312 3927 1328 3990 ὃ
1341 3925 1555 4017 καὶπρότερον
1572 3930 1707 4017 εἴπομεν,
1725 3920 1854 4006 ἔνδειξιν

307 4040 386 4128 ἔχει,
400 4050 456 4103 τοῦ
472 4036 514 4102 τά
531 4041 581 4126 ἀρ’
599 4035 736 4112 ἑκάστης
753 4025 934 4124 ἐνδιδόμενα
950 4045 995 4119 τῷ
1012 4036 1119 4124 κόσμῳ
1138 4028 1268 4124 διάφορα
1286 4029 1373 4118 εἶναι,
1387 4036 1440 4100 καί
1458 4037 1599 4127 μετέχειν
1616 4036 1673 4112 τάς
1689 4036 1855 4127 περιροράς

159 4217 162 4223 ,
253 4172 280 4209 ιο
308 4151 342 4213 οό
366 4157 428 4212 τῶν
454 4151 567 4230 αὐτῶν,
590 4145 675 4234 παρά
699 4169 735 4211 τε
758 4155 816 4222 τῆς
841 4146 913 4234 μίας
938 4144 990 4209 καὶ
1014 4155 1083 4208 ταῖν
1109 4135 1196 4210 δυεῖν·
1222 4154 1267 4228 τῷ
1292 4143 1351 4235 γάρ
1375 4145 1476 4234 χρόνῳ
1500 4136 1611 4210 διεῖλεν
1635 4143 1677 4210 τά
1701 4155 1741 4230 τῇ
1767 4139 1855 4222 τάξει

306 4249 490 4348 διῃρημένα,
514 4253 654 4344 καθάπερ
678 4254 730 4318 καί
754 4253 890 4320 ἐπὶτῶν
915 4253 1076 4343 θμνήσεων
1102 4244 1281 4341 διήλθομεν·
1305 4254 1374 4318 ἐπεὶ
1398 4254 1568 4319 καὶτοῦτο
1597 4263 1659 4318 τῶν
1684 4252 1854 4342 θεομυθιῶν

307 4359 397 4450 ἴδιον,
419 4359 679 4457 ’μεταλαμόάνειν
702 4361 760 4439 τάς
776 4363 913 4453 ἀχρόνως
931 4362 1077 4438 συνούσας
1094 4364 1256 4453 ἐνεργείας,
1274 4356 1473 4453 διαρεροόσας
1490 4355 1523 4428 δέ
1546 4363 1695 4437 ἀλλήλων
1716 4368 1757 4440 είς
1781 4387 1855 4454 χρο-

307 4474 396 4548 νικὴν
419 4467 508 4553 τάξιν
533 4473 586 4539 καί
609 4468 801 4565 ἐξαλλαγὴν,
825 4473 899 4563 ὑπὲρ
923 4483 978 4538 τοῦ
1003 4463 1141 4538 κατιδεῖν
1167 4464 1372 4564 διωρισμένως
1396 4473 1453 4549 τάς
1479 4463 1641 4548 ἰδιότητας
1666 4475 1780 4537 αὐτῶν·

575 4703 618 4766 -ξ-
642 4695 725 4779 Σρᾶς
742 4683 794 4754 οὖν
808 4686 844 4775 ¹),
862 4679 966 4761 ἐπειδὴ
987 4687 1159 4777 ἀρίκεσθαι,
1179 4685 1264 4762 εὐθὺς
1282 4675 1329 4753 δεῖ
1348 4686 1424 4751 ἱέναι
1446 4687 1521 4776 πρός
1544 4700 1588 4764 ÷

575 4812 617 4875 ÷
641 4798 700 4870 τὴν
716 4798 859 4887 Λάχεσιν.
878 4797 1058 4888 [Προφήτην
1075 4792 1126 4862 οὖν
1143 4796 1214 4862 τινά
1232 4807 1309 4887 σιροῖς
1326 4805 1449 4885 πρῶτον
1467 4795 1521 4886 μὲν
1544 4810 1590 4873 -·,-·

575 4919 619 4983 -ζ-
641 4910 672 4973 ὲν
696 4899 785 4985 τάξει
809 4898 985 4989 διῖστῆσαι,
1011 4907 1121 4971 ἔπειτα
1150 4897 1292 4970 λαόόντα
1316 4907 1351 4970 ἐκ
1374 4913 1437 4968 τῶν
1465 4913 1522 4980 τῆς
1545 4918 1590 4980 -·,-

575 5029 620 5092 -2-
644 5014 804 5106 Λαχέσεως
828 5013 969 5105 γονάτων
994 5017 1127 5105 κλήρους
1144 5037 1180 5078 τε
1198 5013 1251 5079 καὶ
1275 5015 1349 5100 βίων
1373 5003 1523 5104 παραδεί-
1544 5025 1589 5088 -2-

575 5139 620 5201 -·,-
642 5127 775 5216 γματα,]
801 5116 964 5190 ἀναόάντα
995 5125 1046 5190 ἐπί
1069 5149 1101 5187 τι
1134 5125 1223 5210 βῆμα
1254 5122 1392 5211 ὑρηλδν,
1415 5127 1522 5189 εἰπεῖν.
1546 5133 1590 5197 -ζ-

348 5358 371 5435 ¹)
388 5356 525 5433 Reipubl.
544 5375 572 5430 x,
591 5358 654 5418 314.
672 5357 773 5418 Codex
791 5364 859 5434 post
878 5363 986 5430 Λάχεσιν
1005 5355 1103 5432 pergit
1122 5357 1164 5418 ἕως
1184 5359 1226 5410 τοῦ
1246 5353 1382 5412 ἀναόάντα.
