4006 6074
250 475 289 544 40
751 467 891 572 Aetier,
909 471 1001 554 ιἰίονι
1020 503 1061 555 σε
1078 476 1297 554 viridarium.

250 650 500 743 προϊσχομένους·
520 651 633 729 ἀληθές
658 651 712 742 μέν
736 651 796 744 γάρ
820 651 934 720 ἑστινό
951 653 1053 743 φασὶν,
1071 658 1142 718 ἀλλ’
1160 658 1194 718 οὐ
1217 653 1345 732 ταυτόν,
1368 658 1408 729 ὡς
1431 651 1481 717 ὲπί
1501 643 1682 717 δικαστικόν
1698 649 1795 716 τόπον

251 758 367 823 ἀνιέναι
390 760 445 825 τόν
470 757 575 850 αἰθέρα
599 760 694 852 φαίην
719 759 754 824 ἃν
772 759 844 849 ἐγὼ,
861 760 914 826 καί
930 767 971 837 ὡς
988 761 1038 826 ἐπὶ
1054 755 1143 840 λῆξίν
1160 785 1232 825 τινα
1248 757 1365 850 ψυχῶν·
1382 760 1419 824 τό
1437 759 1491 846 μὲν
1508 758 1568 848 γάρ
1589 763 1691 823 αὐτῶν
1714 768 1800 823 ποιεῖ

250 865 359 950 τόπον,
376 867 413 930 τό
426 858 460 931 δέ
472 875 534 931 τῶν
553 861 718 946 δικαστῶν,
732 869 799 932 ἐπεὶ
815 868 869 932 καί
884 879 947 933 τῶν
964 871 1109 958 οὐρανίων
1128 869 1273 960 μετέχειν
1292 859 1423 932 δυνατόν
1439 865 1474 952 ¹),
1492 865 1562 930 ἀλλ’
1580 869 1638 955 οὐχ
1652 872 1692 940 ὡς
1709 867 1799 954 οὐρα·

251 974 341 1049 νίους·
363 973 522 1064 γενόμενοι
545 973 605 1065 γάρ
629 978 660 1040 έν
677 978 805 1065 οὐρανῷ,
823 975 974 1066 γινόμεθα
990 976 1115 1053 πάντως
1139 977 1282 1066 οὐράνιοι·
1300 977 1445 1064 μένοντες
1461 963 1495 1038 δέ
1510 975 1569 1038 ὐπύ
1586 975 1640 1038 τόν
1660 973 1797 1063 οὐρανόν,

212 1107 225 1145 ι
252 1083 396 1173 μετέχειν
420 1089 454 1148 οὐ
478 1082 664 1173 κωλυόμεθα
687 1093 750 1149 τῶν
775 1087 932 1175 οὐρανίων,
956 1085 1115 1150 ὥστεκαὶ
1139 1090 1180 1160 εἰς
1204 1085 1259 1148 τόν
1284 1082 1416 1174 αἰθέριον
1440 1085 1566 1172 κλῆρον·
1586 1083 1662 1146 όταν
1680 1080 1734 1170 μὲν
1759 1085 1799 1155 ιὀς

252 1199 293 1267 εἰς
317 1182 497 1256 δικαστικὸν
522 1189 725 1280 άρικνώμεθα
748 1191 855 1275 τόπον,
873 1183 924 1257 διά
947 1204 1006 1270 τῆς
1028 1193 1103 1282 πρός
1126 1191 1198 1268 τούς
1223 1183 1373 1267 δικαστάς
1395 1189 1573 1266 ἀνατάσεως
1589 1199 1683 1254 τοῦτο
1706 1187 1800 1278 λεγό-

252 1298 332 1390 μεθα
348 1297 491 1389 πάσχειν·
515 1300 592 1364 όταν
617 1290 651 1364 δὲ
674 1305 714 1375 ὡς
731 1305 773 1376 εἰς
789 1293 880 1378 λῆξιν
896 1306 972 1390 ήμῒν
991 1300 1237 1390 ἀπονεμομένην,
1254 1302 1321 1365 ὅλοι
1337 1299 1373 1365 τέ
1388 1301 1420 1364 ἐν
1436 1301 1521 1382 αὐτῷ
1543 1296 1726 1390 γιγνόμεθα,
1746 1294 1800 1360 καί

250 1413 290 1484 ὡς
302 1407 454 1497 ήμέτερον
472 1408 566 1473 αὐτόν
584 1401 884 1497 καταλαμόοίνομεν·
900 1420 995 1475 τοῦτο
1012 1409 1067 1498 μέν
1085 1403 1136 1474 οὐν
1153 1409 1254 1495 ταύτῃ
1275 1400 1471 1500 διωρίσαμεν.
1495 1399 1611 1484 Μηδεὶς
1635 1399 1669 1473 δὲ
1692 1405 1799 1473 οἰέσθω

251 1507 409 1604 δαιμόνιον
432 1507 525 1582 τόνδε
548 1517 603 1582 τόν
627 1517 724 1582 τόπον
749 1517 897 1595 άκοόσας,
923 1517 942 1591 ἢ
968 1510 1131 1607 διαφωνεῖν
1156 1527 1259 1582 ταῦτα
1283 1528 1348 1592 τοῖς
1373 1521 1403 1582 ἑν
1428 1517 1541 1607 Γοργίᾳ
1563 1515 1799 1606 γεγραμμένοις,

198 1645 224 1683 10
250 1628 281 1690 ἐν
305 1622 348 1702 οἷς
373 1626 465 1715 φησὶν
490 1625 560 1702 τούς
585 1618 736 1703 δικαστάς
760 1636 823 1691 τῶν
847 1624 965 1716 ψυχῶν,
983 1626 1117 1717 ήρωίκάς
1133 1651 1219 1703 τινας
1245 1621 1323 1692 εἶναι
1342 1622 1489 1715 ψυχάς,ή
1516 1624 1627 1715 μόνους
1650 1614 1799 1712 δαίμονας

249 1732 406 1809 καθῆσθαι
429 1735 492 1798 τῶν
517 1727 713 1824 βεόιωμένων
738 1728 898 1812 δικαστάς,
923 1734 1008 1812 θεοὺς
1033 1727 1067 1800 δέ
1090 1734 1213 1807 ταύτην
1237 1727 1392 1824 μηδαμῶς
1410 1731 1571 1822 εἰληχέναι
1593 1730 1655 1802 τήν
1679 1740 1799 1820 μοῖραν·

250 1839 270 1914 ή
294 1838 353 1918 τάς
376 1849 439 1906 τῶν
464 1841 718 1932 μετηλλαχότων

251 2109 274 2178 f.
299 2112 353 2194 29,
377 2134 461 2180 vers.
477 2113 495 2180 7
513 2113 701 2182 immaniter
716 2113 877 2182 truncati:
902 2121 965 2179 τῶν
980 2163 987 2177 .
1002 2165 1008 2178 .
1024 2123 1085 2179 ,ῶν
1106 2111 1269 2205 ὀνομάτων
1292 2103 1424 2189 ἑξῆς...
1449 2109 1496 2184 τίς
1512 2115 1564 2171 νῦν
1588 2106 1657 2198 περὶ
1679 2103 1799 2172 τούτων

250 2227 404 2308 γενῶνται
427 2222 655 2308 συμποσίων...
680 2222 751 2312 περὶ
767 2232 824 2298 τῆς
840 2233 903 2286 τῶν
921 2213 1076 2311 δαιμόνων
1093 2225 1197 2299 οὐσίας
1213 2246 1298 2287 τε...
1321 2215 1623 2307 περιλοσορημένον,
1642 2220 1681 2290 ὡς
1704 2214 1801 2302 μέσης

199 2339 225 2380 1⁵
251 2326 347 2404 όντως
361 2325 410 2404 οός
423 2330 453 2392 ἐν
466 2337 544 2393 πᾶσι
553 2339 619 2405 τοῖς
632 2331 819 2420 έγκοσμίοις·
836 2329 905 2393 ἀλλ’
919 2331 1034 2394 οὑτωσὶ
1050 2322 1208 2418 δαιμόνιον
1222 2319 1314 2393 τόνδε
1327 2327 1450 2418 λεγέτω
1462 2324 1517 2387 τόν
1530 2322 1638 2403 τόπον,
1651 2327 1690 2397 ὡς
1708 2321 1801 2411 μέσον

250 2443 306 2499 τοῦ
323 2435 450 2510 παντός·
475 2435 528 2500 καί
552 2436 820 2527 συμπορευόμενον
838 2436 892 2527 μὲν
909 2447 954 2520 τῷ
971 2441 1100 2527 οὐρανῷ,
1117 2437 1315 2528 περιρρέοντα
1333 2427 1366 2500 δὲ
1381 2433 1486 2514 κύκλιρ
1510 2430 1564 2494 τόν
1591 2428 1704 2502 θνητόν
1729 2431 1800 2494 όλον

250 2550 360 2630 χῶρον·
375 2542 526 2631 προσήκει
542 2540 602 2633 γάρ
619 2553 684 2618 τοῖς
701 2538 844 2632 δαίμοσιν
861 2547 892 2608 ἑν
908 2544 1023 2621 πάσαις
1039 2537 1164 2622 λήξεσιν
1181 2549 1200 2616 ή
1221 2543 1369 2632 μεσότης,
1386 2547 1425 2616 ὡς
1441 2551 1507 2616 τοῖς
1523 2538 1601 2616 θεοῖς
1616 2546 1635 2614 ή
1656 2539 1801 2631 ἀκρότης,

251 2653 291 2723 ὡς
316 2653 343 2713 εἰ
366 2647 481 2733 βούλει,
497 2660 567 2725 ταῖς
591 2647 704 2738 ψυχαῖς
727 2657 746 2722 ή
772 2651 907 2723 τελευτή
933 2662 991 2727 τῆς
1016 2651 1186 2742 ἀσωμάτου
1203 2646 1294 2731 ζωῆς·
1312 2651 1394 2714 ὥστε
1415 2647 1472 2714 κάν
1489 2651 1519 2713 έν
1544 2646 1800 2740 οὐρανῷπάντες

251 2748 308 2819 ὦσι
332 2754 405 2832 θεοί,
430 2747 583 2845 δαίμονες,
599 2752 697 2846 ψυχαί
713 2756 799 2834 θείως
816 2759 901 2836 εἰσίν,
919 2761 1041 2851 ἐπείπερ
1058 2764 1074 2823 ό
1092 2760 1216 2851 οὐρανός
1240 2761 1306 2848 ἔχει
1329 2756 1388 2829 τήν
1414 2755 1594 2847 ἀκροτάτην
1618 2749 1719 2838 τάξιν,
1743 2753 1801 2820 κάν

197 2879 225 2916 ²⁰
251 2863 282 2926 έν
296 2869 341 2944 τῷ
355 2859 450 2951 αἰθέρι
467 2851 631 2950 δαιμονίως
649 2857 699 2929 διά
715 2865 775 2939 τήν
793 2866 957 2956 μεσότητα
972 2877 1027 2932 τοῦ
1047 2866 1175 2959 αἰθέρος,
1188 2866 1245 2932 κάν
1263 2869 1294 2932 έν
1311 2876 1352 2958 γῇ
1372 2861 1509 2956 ψυχικῶς
1523 2854 1575 2928 διά
1588 2863 1647 2936 τήν
1661 2860 1800 2952 Ιειιχάτην

252 2967 358 3058 ὕφεσιν
381 2967 456 3057 πρός
479 2967 521 3032 τά
546 2969 608 3034 άνω
632 2981 690 3046 τῆς
713 2982 789 3064 γῆς·
813 2973 867 3037 καὶ
891 2976 924 3038 οὐ
949 2974 1004 3063 μέν
1029 2977 1191 3066 οὐρανίως,
1217 2969 1251 3039 οὐ
1276 2964 1310 3038 δέ
1335 2969 1489 3062 αἰθερίως,
1513 2965 1546 3035 οὐ
1571 2961 1605 3035 δὲ
1628 2967 1799 3059 χθονίωςή

252 3075 349 3165 τριάς.
374 3075 535 3164 Δαιμόνιυς
560 3071 611 3141 οὐν
635 3079 740 3156 τόπος,
765 3082 823 3169 οὐχ
847 3085 887 3156 ὡς
912 3081 1013 3169 μόνων
1037 3073 1192 3170 δαιμόνων
1216 3079 1339 3170 όαίθήρ
1364 3084 1488 3168 κλῆρος,
1507 3076 1577 3142 ἀλλ’
1601 3082 1641 3152 ὡς
1665 3073 1722 3140 κάν
1740 3074 1803 3140 θεοί

254 3173 439 3254 δικαστικήν
463 3188 493 3248 ἑν
511 3186 596 3268 αὐτῷ
614 3186 851 3277 κληρωσάμενοι
866 3181 956 3266 τάξιν
974 3183 1056 3267 ὦσιν,
1074 3189 1093 3263 ή
1112 3190 1214 3262 ἄλλην
1233 3179 1379 3261 ἰδιότητα
1394 3187 1538 3276 προνοίας
1554 3184 1716 3273 λαχόντες,
1742 3179 1799 3246 κάν

253 3281 396 3380 δαίμονες
413 3286 646 3382 ’ὑπηρετοῦντες
670 3305 740 3370 ταῖς
765 3295 933 3379 βουλήσετι
955 3307 1018 3360 τῶν
1043 3296 1138 3382 θεῶν,
1162 3295 1219 3362 κάν
1250 3294 1348 3385 ψυχαὶ
1371 3293 1456 3358 κατά.
1487 3292 1591 3382 σχέσιν
1617 3283 1801 3362 δικαστικήν

200 3431 227 3470 ιι
252 3390 507 3488 προύεόλημέναι
529 3393 624 3486 ζωήν,
648 3402 774 3468 πάντων
798 3393 963 3492 δαιμονίως
987 3405 1084 3470 όντων
1109 3411 1183 3492 ἐκεῖ,
1208 3405 1262 3470 καί
1285 3405 1322 3469 τό
1344 3403 1437 3492 μέσον
1462 3403 1539 3465 αὐτό
1563 3409 1622 3475 τῆς
1645 3390 1802 3488 ὑπάρξεως

253 3506 398 3596 σύνθημα
419 3509 656 3598 προτεινόντων·
681 3515 720 3586 ὡς
744 3509 797 3574 καί
821 3509 893 3586 τούς
917 3514 981 3574 ἐκεῖ
1004 3510 1098 3598 θεοὺς,
1123 3513 1233 3602 μέσους
1259 3506 1420 3576 εἶναιτῶν

254 3779 279 3844 f.
296 3780 337 3846 29
355 3803 397 3862 v.‚
415 3803 488 3848 cum
505 3782 620 3848 eodem
635 3782 786 3850 vulnere:
805 3773 905 3847 δείται
921 3805 1033 3846 τοτ...
1051 3772 1222 3872 δαιμόνιον,
1240 3782 1352 3845 ἀλλ...
1370 3779 1462 3867 ἅμρω
1478 3777 1520 3843 τά
1537 3776 1618 3868 ἄκρα
1634 3776 1689 3841 τόν
1700 3825 1706 3840 .
1717 3826 1724 3840 .
1737 3797 1805 3842 ,ται

254 3884 326 3974 οἰχί
348 3886 402 3950 καί
425 3885 501 3952 θεῶν
526 3886 562 3953 izv
586 3891 631 3962 εἰη
658 3890 753 3966 τόπός
776 3895 900 3973 ἐκεῖνος,
924 3885 1012 3955 εἰ...
1037 3890 1092 3956 καί
1111 3890 1245 3980 χθονίου.
1265 3888 1372 3952 -Ἐν
1390 3889 1502 3976 Νόμοις
1519 3886 1605 3964 θεοὺς
1629 3885 1803 3976 θεραπεύειν

252 3984 480 4083 ἐδιδάχθημεν·
502 4005 567 4072 πῶς
592 3989 618 4062 δ’
643 3998 714 4087 οὐχί
737 3997 791 4062 καί
814 3993 916 4087 ψυχῆς
931 3999 955 4082 ²)
981 4009 1089 4088 μοῖραν
1113 3999 1245 4088 ἐχούσης
1263 4000 1420 4089 εὐμοιρον;
1438 3998 1520 4086 εἰπερ
1544 4000 1585 4071 εἰς
1608 3999 1724 4061 ἐκεῖνον
1748 3995 1803 4058 τόν

201 4141 229 4180 20
255 4101 352 4167 τόπον
377 4101 431 4167 καί
454 4103 496 4168 τά
520 4105 601 4194 όίκρα
622 4113 681 4180 τῆς
704 4106 736 4168 έν
760 4113 805 4188 τῷ
830 4103 926 4194 αἰθέρι
949 4114 1007 4197 γῆς
1025 4096 1157 4170 δόναται
1172 4097 1292 4182 λήξεως
1308 4101 1565 4194 μεταλαγχάνειν
1590 4099 1684 4183 θείας,
1709 4105 1749 4176 ὡς
1772 4104 1804 4165 έν

254 4202 394 4276 Φαίδωνι
417 4211 672 4302 παρειλήφαμεν·
695 4210 822 4277 πάντων
847 4206 898 4276 οὐν
922 4209 963 4289 εἷς
987 4213 1082 4290 τόπος
1106 4215 1220 4289 ἐκεῖνος
1249 4211 1290 4276 ὢν
1320 4211 1408 4294 θεῶν,
1433 4202 1598 4300 δαιμόνων,
1623 4205 1740 4297 ψυχῶν,
1765 4213 1805 4283 ὡς

255 4316 293 4383 ἂν
311 4317 402 4408 μέσος
419 4317 461 4383 ὢν
477 4309 633 4407 δαιμόνιος
650 4320 711 4385 ἀπό
728 4331 786 4397 τῆς
809 4331 872 4384 τῶν
895 4321 1060 4411 λαχόντων
1085 4323 1180 4388 αὐτόν
1206 4322 1300 4411 μέσης
1325 4320 1507 4408 ὠνόμασται
1526 4310 1652 4395 τάξεως.
1678 4315 1805 4382 Τούτων

256 4417 308 4511 δέ,
332 4432 372 4503 ὡς
396 4421 496 4516 οἶμαι,
522 4419 775 4519 διηρθρωμένων,
798 4431 845 4505 τίς
869 4453 907 4495 τε
930 4435 949 4502 ή
976 4431 1027 4496 ἐπί
1049 4432 1104 4495 τόν
1130 4421 1287 4519 δαιμόνιον
1310 4429 1406 4492 τόπον
1432 4419 1548 4516 ἅριξιςς
1573 4425 1626 4488 καὶ
1648 4425 1696 4500 τίς
1720 4427 1804 4490 ἐστιν

258 4531 350 4608 αὐτός
374 4527 463 4608 οὗτος
487 4531 520 4597 όν
545 4538 637 4599 καλεῖ
659 4527 817 4626 δαιμόνιον
834 4537 941 4617 τόπον,
959 4537 1014 4604 καί
1030 4528 1081 4610 διά
1097 4545 1130 4602 τί
1143 4537 1266 4611 ταότην
1283 4539 1348 4626 ἔχει
1365 4534 1424 4608 τήν
1441 4534 1617 4621 ἐπωνυμίαν
1627 4557 1635 4608 ;
1659 4530 1806 4623 Λέγωμεν

203 4679 230 4717 ,ς
255 4637 403 4727 περὶτῶν
420 4637 596 4729 χασμάτων
612 4643 778 4732 ἑπομένως,
794 4648 825 4710 έν
842 4653 887 4727 τῷ
903 4655 961 4721 τῆς
977 4669 1015 4710 τε
1031 4655 1090 4737 γῆς
1108 4635 1152 4707 δύ’
1168 4645 1193 4728 ³)
1210 4638 1288 4710 εἶναι
1304 4642 1459 4732 χάσματα
1483 4639 1624 4730 ἐχομένῳ
1641 4636 1805 4722 ἀλλήλοιν,

256 4746 310 4811 καί
333 4757 388 4813 τοῦ
412 4751 539 4839 οὐρανοῦ
564 4740 611 4815 δύ’
635 4750 734 4816 όντων
758 4751 832 4838 ἄνω,
857 4751 941 4818 ἀλλά
965 4751 1036 4817 κατ’
1062 4750 1199 4841 άντικρό·
1224 4743 1374 4826 δικαστάς
1398 4742 1432 4814 δέ
1456 4741 1575 4839 μεταξὺ
1599 4745 1719 4812 τούτων
1742 4769 1807 4809 κα-

295 5033 318 5108 ¹)
335 5035 470 5093 Primum
482 5037 545 5095 nod.
560 5039 643 5110 αὐτὸν,
657 5040 800 5099 correctio
813 5047 903 5098 vetus
916 5059 1005 5115 super
1059 5037 1139 5112 quod
1148 5036 1223 5093 nihil
1233 5035 1361 5108 videtur,
1370 5033 1422 5094 sed
1431 5030 1499 5089 fort.
1510 5033 1586 5089 latet
1596 5030 1678 5089 aliud
1688 5029 1806 5088 vulnus.

258 5123 387 5181 niditnr.
1095 5131 1119 5203 3)
1133 5128 1255 5186 Sicood.
1268 5145 1307 5183 an
1319 5126 1438 5182 hiulcus
1452 5123 1808 5195 etiaminintegramem·

296 5213 319 5287 ²)
336 5214 407 5272 cod.
427 5218 519 5286 ψυχῶν.
541 5245 574 5262 -
592 5220 660 5277 Huc
683 5219 813 5277 fortasse
831 5219 911 5276 refer
934 5218 1006 5277 vici·
1059 5217 1171 5276 brana?
1184 5217 1237 5274 sed
1249 5217 1328 5272 insta
1341 5216 1450 5272 iterum
1463 5215 1500 5269 δυ’
1511 5219 1594 5270 ὄντων.
1609 5211 1692 5279 Quae
1705 5216 1807 5266 tamen

257 5320 329 5364 nam
346 5311 449 5364 notam
461 5309 606 5381 marginis
619 5331 657 5383 γρ.
671 5313 739 5382 ιίτιρ
752 5313 786 5372 ιίς
798 5327 852 5383 pro
867 5309 919 5364 ἰτιί
938 5313 1005 5380 ἐρεῖς,
1061 5308 1146 5365 elisio
1164 5307 1215 5364 vix
1235 5305 1306 5362 alibi
1324 5304 1476 5366 occurrit..
