3978 6070
276 535 312 590 94
621 529 693 603 Οια
710 535 814 604 sones
831 529 870 604 ἀι
888 528 1049 606 Lachesis
1064 529 1235 625 ρσηιθιιεέ
1256 528 1339 622 Quis
1356 530 1479 618 vates?

276 706 318 776 εἰς
342 700 400 773 τήν
425 700 607 792 ἀμφοτέρων
632 703 790 794 ἀνήγαγεν
814 704 979 779 κινητικὴν
1003 704 1063 776 τήν
1086 703 1230 794 Λάχεσιν.
1255 707 1315 771 Καὶ
1338 706 1397 799 γάρ
1421 708 1551 798 τοῦμὲν
1577 708 1625 774 ἀεὶ
1647 708 1707 780 τὴν
1730 705 1825 789 τάξιν

276 804 362 893 εἶναι,
388 815 407 883 ή
434 809 573 901 Ἀνάγκη
600 813 696 876 αἰτία·
722 823 778 877 τοῦ
803 804 836 878 δέ
859 812 960 886 ἀλλην
985 813 1038 877 καί
1062 813 1163 886 ἀλλην
1188 815 1245 896 ἀεί,
1271 820 1302 879 αἱ
1326 821 1446 906 Μοῖραι·
1472 822 1499 881 οἱ
1523 821 1634 907 κλῆροι
1658 817 1706 882 ἀεὶ
1729 817 1824 882 ἄλλοι

276 917 329 982 καὶ
353 917 455 1003 ἄλλοι,
473 917 556 984 ἀλλά
574 918 635 1008 μήν
653 919 705 986 καί
723 922 783 986 άπο
799 924 915 999 παντὸς
933 933 987 988 τοῦ
1005 925 1142 1014 οὐρανοῦ,
1159 924 1213 987 καί
1229 926 1284 988 οὐκ
1301 927 1336 990 ἐκ
1353 937 1410 1002 τῆς
1434 925 1539 1016 ἑτέρας
1563 936 1634 990 ταῖν
1658 918 1824 1017 περιόδοιν.

277 1035 331 1091 Δεῖ
354 1026 413 1116 ἀρα
436 1025 496 1099 τήν
520 1027 655 1118 Λάχεσιν
681 1032 782 1094 αὐτῶν
807 1032 1037 1121 περιειληφέναι
1057 1030 1114 1108 τάς
1139 1033 1249 1107 αἰτίας·
1273 1033 1440 1122 τοῦτομὲν
1458 1027 1509 1099 οὖν
1528 1025 1686 1124 δέδειχθαι
1705 1044 1824 1123 φῶμεν.

235 1159 248 1197 ε
277 1140 312 1199 Εἰ
338 1125 371 1201 δὲ
387 1135 471 1201 ἐστίν
489 1141 519 1201 έν
537 1147 578 1223 τῇ
597 1137 730 1228 Λαχέσει
745 1130 990 1230 παραδείγματα
1006 1151 1068 1206 τῶν
1088 1143 1171 1225 βίων,
1190 1133 1286 1216 δῆλον
1304 1143 1353 1206 ότι
1369 1143 1586 1234 πεπερασμένα
1604 1143 1706 1208 ταῦτά
1725 1147 1824 1208 ἐστιν·

275 1252 338 1308 τῶν
362 1243 421 1334 γάρ
446 1243 628 1310 καθέκαστα
651 1245 776 1322 πάντως
801 1249 931 1338 ἀπείρως
949 1242 1241 1338 ἐξαλλαττομένων,
1258 1249 1379 1340 ἀνάγκη
1400 1250 1441 1315 τά
1464 1243 1708 1342 παραδείγματα
1729 1275 1826 1316 πεπε-

280 1351 431 1443 ράνθαιι)Ι
457 1352 511 1417 καὶ
533 1355 562 1418 εἴ
584 1377 623 1442 με
648 1344 697 1419 δεῖ
717 1355 832 1443 τούμόν
850 1361 955 1434 εἰπεῖν,
973 1359 1102 1447 ὥρισται
1118 1368 1220 1422 ταῦτα
1237 1369 1306 1434 ταῖς
1323 1370 1377 1424 τοῦ
1399 1357 1480 1424 θείου
1504 1369 1636 1451 γενητσῦ
1659 1351 1825 1449 περιόδοις,

275 1460 329 1525 καὶ
351 1459 478 1525 πάντων
503 1471 565 1525 τῶν
591 1463 665 1546 βίων
690 1457 731 1526 ὧν
755 1473 854 1527 πᾶσαι
877 1460 974 1554 ψυχαί
1004 1461 1096 1543 ζῶσιν
1122 1468 1152 1531 ἐν
1177 1474 1234 1554 μιᾷ
1257 1458 1364 1550 τοιᾷδε
1391 1457 1540 1556 περιόδῳ·
1564 1466 1757 1557 προϋπάρχει
1781 1467 1826 1533 τά

274 1560 529 1662 παραδείγματα,
554 1571 608 1634 καί
631 1569 672 1635 τά
697 1571 794 1648 αὑτάς
819 1575 1016 1638 ἀνελίττεται
1040 1572 1239 1646 καθεκάστην
1264 1566 1414 1665 περίοδον·
1436 1575 1488 1638 καί
1511 1579 1551 1650 ὡς
1575 1580 1590 1639 6
1615 1575 1743 1666 ἀριθμός
1765 1587 1825 1642 τοῦ

220 1695 247 1735 1⁰
274 1677 387 1768 χρόνου
411 1687 474 1743 τῶν
500 1677 583 1744 οκτὼ
607 1671 756 1768 περιόδων
781 1683 796 1744 6
822 1681 914 1757 αότθς
938 1680 997 1764 ἀεί,
1021 1681 1075 1745 καὶ
1099 1681 1192 1758 ἀλλος
1216 1680 1270 1746 καί
1293 1682 1455 1760 ἀλλος...

274 1897 298 1962 f.
317 1899 359 1963 88
376 1919 425 1963 v.:
451 1947 479 1960 ..
496 1905 618 1961 ,πᾶσαν
636 1895 790 1984 κοσμικήν
807 1888 1017 1986 περίοδον...
1041 1897 1125 1961 ἀλλα
1143 1907 1202 1962 τῶν
1219 1897 1314 1962 πάλιν
1331 1899 1385 1964 καὶ
1400 1898 1515 1964 πάλιν.
1530 1950 1536 1963 .
1552 1951 1558 1964 .
1584 1899 1643 1992 γάρ
1669 1891 1824 1966 ἀδύνατόν

275 2031 307 2070 τι
330 2003 541 2096 προστεθῆναι
566 2015 605 2091 τῇ
631 2013 688 2070 τοῦ
714 2004 795 2069 θείου
819 2015 953 2095 γενητοῶ
978 1997 1109 2094 περιόδῳ
1133 1998 1214 2082 ζωῆς
1233 1996 1310 2082 εἶδος
1327 2005 1346 2078 ή
1366 2009 1421 2070 οὐκ
1438 2005 1472 2071 άν
1494 2003 1531 2081 ήν
1556 2013 1576 2081 ή
1602 2000 1824 2097 προσλαβοῦσά

275 2139 317 2192 τι,
342 2114 446 2184 τελέα.
470 2113 617 2203 Καθάπερ
641 2107 692 2178 οὖν
718 2118 750 2177 αἱ
772 2122 834 2176 τῶν
859 2112 981 2178 κόκλων
1000 2111 1272 2188 ἀποκαταστάσεις
1290 2117 1320 2178 έν
1337 2124 1378 2200 τῇ
1403 2105 1537 2204 περιόδῳ
1563 2116 1824 2205 συμπεραίνονται

273 2223 412 2305 πάντων,
437 2221 521 2287 κατά
546 2221 587 2287 τά
611 2221 693 2286 αὑτά
718 2213 754 2295 δή
781 2221 835 2286 καὶ
858 2227 890 2286 αἱ
912 2213 1049 2308 περίοδοι
1072 2230 1134 2286 τῶν
1159 2218 1264 2311 ψυχῶν
1290 2228 1321 2286 αἱ
1345 2221 1429 2288 κατά
1452 2222 1572 2300 πάντας
1596 2225 1690 2308 βίους,
1713 2224 1767 2288 καί
1790 2227 1822 2288 έν

221 2344 247 2381 ¹⁵
276 2324 404 2421 οὐδεμιᾷ
425 2321 557 2421 περιόδῳ
582 2324 620 2415 ζῇ
647 2327 730 2420 ψυχή
759 2331 842 2416 βίον,
868 2329 900 2395 δν
930 2330 972 2419 μή
1003 2324 1111 2408 ἔζηκεν
1142 2331 1309 2421 πρότερον,
1334 2330 1461 2396 λεκτέον
1492 2333 1612 2408 τοίνυν,
1637 2323 1743 2403 ἐπειδὴ
1769 2331 1823 2394 καί

278 2431 436 2506 δέδεικται
460 2439 661 2530 θαρρούντως,
686 2441 736 2504 ὅτι
752 2438 793 2504 τά
809 2430 1055 2529 παραδείγματα
1070 2448 1132 2502 τῶν
1152 2439 1235 2522 βίων,
1253 2439 1307 2502 καὶ
1322 2442 1430 2522 πολλῷ
1446 2438 1594 2530 πρότερον
1611 2449 1673 2504 τῶν
1697 2440 1822 2530 κλήρων

275 2549 418 2616 τοσαῦτά
442 2553 536 2627 ἐστιν,
554 2551 611 2614 ὅσα
628 2548 762 2638 περιέχει
779 2550 835 2638 μία
853 2559 906 2612 τοῦ
923 2549 1042 2637 κόσμου
1059 2538 1198 2638 περίοδος
1217 2545 1572 2637 συναποκαθισταμένων
1595 2557 1658 2613 τῶν
1682 2545 1822 2637 ψυχικῶν

278 2659 353 2743 βίων
377 2667 443 2734 τοῖς
467 2667 626 2746 κοσμικοῒς
643 2655 775 2732 κύκλοις.
793 2661 862 2721 Τῶν
880 2650 967 2742 οὖν’)
984 2646 1246 2747 παραδειγμάτων
1262 2655 1365 2732 πάσης
1383 2657 1479 2721 ὄντων
1497 2667 1554 2732 τῆς
1576 2647 1731 2746 περιόδου,
1756 2647 1824 2720 δαι-

277 2768 388 2858 μονίως
412 2759 495 2832 εἶπεν
520 2767 570 2830 ὅτι
593 2757 705 2830 ἔλαθεν
726 2766 870 2858 κλήρους,
886 2771 925 2840 ὡς
943 2765 1027 2840 τινάς
1043 2757 1197 2839 λαόόντος
1213 2763 1267 2828 καὶ
1281 2756 1527 2855 παραδείγματα
1546 2767 1629 2849 βίων,
1655 2767 1721 2828 ἀλλ’
1750 2764 1821 2854 οὐχί

220 2899 247 2936 ιο
276 2885 338 2941 τῶν
364 2877 437 2959 βίων
464 2878 577 2951 ἀπλῶς·
601 2873 686 2938 κατά
710 2898 780 2938 τινα
804 2871 864 2965 γάρ
888 2875 1016 2938 εἰσίασιν
1042 2877 1083 2948 εἰς
1107 2869 1166 2944 τήν
1184 2875 1303 2961 γένεσιν
1322 2868 1414 2937 αίιται
1430 2873 1499 2964 περὶ
1515 2867 1556 2937 ὧν
1581 2878 1596 2936 6
1620 2873 1723 2963 λόγος,
1748 2875 1824 2938 άπε-

277 2984 435 3075 ριλήπτων
459 2983 557 3048 όντων
582 2981 755 3074 ἀνθρωπίνῃ
780 2967 903 3066 διανοίᾳ
925 2981 1064 3048 πάντων.
1091 3019 1131 3028 -
1156 2979 1214 3044 Διά
1235 2991 1329 3045 τοῦτο
1355 2973 1388 3046 δὲ
1412 2981 1470 3071 ἀρα
1494 2981 1547 3046 καί
1577 2983 1624 3058 τίς
1647 2981 1823 3071 προφήτης,

276 3093 360 3158 ἐστὶν
385 3097 400 3156 6
424 3101 528 3156 ταῦτα
553 3081 730 3182 διακληρῶν
754 3091 808 3155 καί
823 3093 989 3181 προτείνων
999 3115 1007 3169 ς
1026 3089 1115 3154 Ἀλλ’
1134 3093 1192 3181 οὺχ
1209 3095 1313 3165 ἀπλῶς
1331 3093 1346 3154 6
1362 3091 1536 3180 προφήτης,
1553 3097 1592 3168 ὡς
1615 3094 1740 3156 πολλῶν
1765 3088 1822 3177 μέν

276 3201 375 3266 όντων
399 3201 560 3280 τοιοότων,
585 3201 689 3265 ἄλλων
714 3191 748 3266 δὲ
771 3197 840 3264 κατ’
866 3198 949 3263 ἄλλα
973 3188 1219 3289 παραδείγματα
1236 3197 1295 3272 τὴν
1314 3188 1465 3288 διανομήν
1482 3201 1682 3288 ποιουμένων,
1706 3209 1764 3274 τῆς
1789 3189 1823 3261 δέ

276 3309 438 3399 Λαχέσεως
461 3298 599 3384 ένοειδῶς
623 3307 664 3373 τά
688 3306 794 3382 πλήθη
815 3317 877 3372 τῶν
894 3299 1159 3398 παραδειγμάτων
1175 3307 1389 3399 περιεχούσης,
1407 3308 1461 3372 καὶ
1484 3309 1606 3373 ἐκείνων
1630 3307 1698 3398 περὶ
1722 3305 1822 3376 αὐτήν

221 3437 247 3474 ²⁵
276 3412 492 3507 μεριζομένων,
516 3416 569 3482 καί
594 3411 780 3506 μεριζόντων
805 3416 846 3481 τά
864 3415 915 3481 ἀπ’
934 3419 1052 3492 ἐκείνης
1069 3427 1137 3493 ταῖς
1155 3413 1275 3506 ψυχαῖς.
1295 3421 1329 3479 Εἰ
1347 3407 1436 3493 δὲὼς
1453 3422 1472 3491 ή
1492 3415 1630 3508 Ἀνάγκη
1653 3418 1707 3482 τὀν
1732 3415 1824 3505 σφόν-

276 3515 369 3588 δυλον
382 3528 413 3588 ἐν
431 3535 495 3599 τοῖς
512 3524 638 3614 γόνασιν
655 3518 749 3613 εἶχεν,
767 3524 848 3589 οὕτω
865 3523 918 3588 καί
935 3524 1014 3597 αὕτη
1031 3521 1072 3588 τά
1087 3515 1334 3614 παραδείγματα
1350 3535 1411 3589 τῶν
1431 3525 1504 3610 βίων
1522 3523 1661 3601 καὶτοὺς
1678 3525 1823 3615 κλήρους,

277 3633 405 3722 φανερὸν
431 3633 480 3696 ὅτι
503 3657 540 3697 τε
564 3630 622 3705 τήν
648 3629 798 3723 μητρῴαν
816 3626 904 3711 ἀξίαν
922 3634 988 3723 ἔχει
1003 3633 1078 3724 προς
1094 3631 1150 3709 τάς
1167 3631 1267 3708 ἄλλας
1282 3635 1405 3724 Μοίρας,
1424 3633 1477 3698 καὶ
1494 3635 1543 3699 ότι
1560 3639 1645 3718 αὐτῷ
1665 3643 1710 3717 τῷ
1735 3627 1824 3714 εἶναι,

277 3739 416 3832 καθάπερ
441 3743 542 3814 ἐκείνη
568 3733 701 3832 κυόερνᾷ
724 3738 781 3818 τάς
805 3738 939 3832 ψυχικάς

276 3958 300 4025 f.
325 3961 377 4039 89,
401 3959 436 4024 in
459 3960 575 4025 lacuna
600 3961 619 4025 6
643 3981 744 4026 νοτες
770 3950 893 4032 ...αδή
920 3983 1069 4035 τινος...
1092 3969 1147 4024 τοῦ
1172 3957 1330 4048 ἀτράκτου
1354 3957 1565 4050 περιφορά...
1590 3967 1652 4023 τῶν
1677 3955 1820 4048 γονάτων

223 4084 250 4121 ³⁰
277 4063 366 4132 εἰκὼν
390 4067 428 4130 τὸ
451 4057 572 4158 ἑδραῖον
595 4067 648 4131 καί
672 4066 838 4158 συναγωγή
865 4071 905 4144 εἰς
929 4065 960 4132 έν
984 4077 1047 4132 τῶν
1074 4071 1212 4145 πολλῶν,
1231 4067 1284 4131 καί
1303 4069 1361 4131 όσα
1385 4066 1468 4131 ἀλλα
1490 4068 1559 4157 περί
1582 4076 1640 4142 τῆς
1664 4065 1822 4156 Ἀνάγκης

279 4178 475 4266 προείπομεν·
499 4174 541 4241 τά
564 4173 625 4266 γάρ
642 4177 735 4268 ὅμοια
758 4176 812 4241 καί
827 4229 834 4244 .
850 4229 880 4245 ..
904 4175 955 4242 ἐπί
972 4187 1028 4252 τῆς
1046 4176 1207 4266 Λαχέσεως
1224 4176 1422 4241 κατατείνειν
1446 4167 1670 4264 δυνάμενα...
1694 4173 1824 4265 γάρ...

544 4403 589 4468 -ἑ-
611 4391 769 4484 ’Ἀνάγκης
783 4391 807 4482 ³)
830 4390 983 4483 θυγατρὸς
1005 4391 1098 4482 κόρης
1118 4391 1279 4479 Λαχέσεως
1295 4395 1310 4454 6
1328 4381 1362 4456 δὲ
1384 4391 1488 4482 λόγος.
1512 4405 1556 4468 -ζ-

544 4516 590 4578 ÷
612 4541 654 4554 -
680 4501 791 4591 Ψυχαὶ
814 4502 971 4593 ἐφήμεροι,
990 4501 1070 4591 ἀρχὴ
1090 4501 1190 4576 ἀλλης
1213 4491 1355 4591 περιόδου
1377 4499 1490 4572 θνητοῦ
1515 4515 1559 4576 -ζ-

546 4625 591 4686 -ζ-
613 4611 719 4699 γένους
742 4609 976 4702 θανατηφόρου·
1002 4613 1071 4700 [οὐχ
1095 4614 1173 4699 ὑμᾶς
1202 4600 1322 4699 δαίμων
1346 4601 1489 4692 λήξεται,
1514 4623 1557 4683 -ζ-
1649 4607 1651 4610 ’

544 4731 589 4794 ÷
613 4719 682 4783 ἀλλ’
700 4723 784 4807 ὑμεῖς
802 4713 934 4807 δαίμονα
958 4717 1128 4809 αἱρήσεσθε.
1149 4725 1274 4810 Πρῶτος
1299 4709 1324 4781 δ’
1347 4721 1363 4781 6
1383 4716 1491 4806 λαχὼν
1515 4705 1569 4792 -÷-¹

546 4841 591 4903 ÷
613 4837 733 4920 πρῶτος
752 4825 892 4920 αἱρείσθω
911 4828 987 4913 βίον,
1004 4833 1027 4911 ᾡ
1042 4827 1187 4893 συνέσται
1200 4821 1232 4906 ἐξ
1250 4825 1397 4917 ἀνάγκης.
1411 4824 1493 4915 Ἀρε-
1516 4838 1559 4901 ζ-

316 5113 340 5188 ι)
358 5113 406 5171 Sio
425 5113 488 5170 cod.
508 5133 576 5172 cum
594 5115 629 5172 A.
1075 5114 1158 5172 bitur
1176 5113 1208 5170 in
1226 5129 1320 5183 marg.
1333 5129 1425 5167 manu
1438 5128 1514 5168 saec.
1529 5125 1594 5166 xm.
1612 5107 1681 5165 eod.
1695 5115 1763 5181 post
1782 5113 1826 5162 οιι-

316 5205 339 5277 ²)
359 5203 520 5275 Sequentia
537 5204 555 5259 5
573 5204 666 5261 verba
679 5221 716 5261 ex
733 5203 868 5278 margine
889 5203 1025 5264 derivan·
1076 5205 1216 5276 νατηφόρου
1234 5202 1332 5275 pergit
1352 5203 1395 5263 ἕως
1414 5205 1456 5255 τοῦ
1476 5203 1546 5254 αἰτία
1566 5207 1619 5253 κτλ.
1639 5199 1714 5256 Edd.
1734 5218 1790 5256 om.
1812 5203 1824 5252 6

280 5299 330 5348 tur
347 5293 427 5350 haud
446 5293 511 5350 sine
530 5294 707 5368 comptela.
1077 5297 1103 5346 δε
1122 5297 1192 5349 anto
1207 5295 1289 5364 λόγος.
1304 5292 1339 5348 In
1350 5308 1460 5363 marga
1475 5293 1572 5362 πρῶτον
1586 5291 1701 5361 αἱρήιοω,
1715 5295 1780 5344 tum
1793 5289 1824 5345 in

315 5382 339 5457 ³)
357 5382 494 5456 Reipubl.
513 5401 541 5454 x,
560 5384 622 5441 314.
642 5384 725 5442 Idem
737 5384 800 5441 fere
817 5385 900 5441 loeus
920 5383 1025 5441 reseri—
1078 5385 1137 5438 fine
1157 5383 1233 5440 αὑτήν
1253 5383 1299 5444 ἔξει
1317 5389 1374 5435 κτλ.
