3940 6072
802 532 857 606 De
875 531 960 624 εόῳίο
978 535 1129 608 remisso.
1688 532 1741 589 311

235 703 392 796 (Τρόπος.)
417 702 604 792 Ἐφέλκιται
627 695 662 770 δὲ
686 702 739 770 καί
763 704 954 794 αὐτονομίαν
977 703 1160 787 ποιητικὴν,
1179 709 1224 780 ,ῶς
1247 701 1302 768 καί
1325 700 1411 779 θεούς
1435 695 1468 780 ἐξ
1492 703 1619 792 ούρανοῦ
1644 723 1746 764 κατα-

190 811 289 902 φέρειν
314 812 367 876 καί
392 811 509 877 ἀνιέναι
532 811 585 877 καί
610 802 819 905 διαλέγεσθαι·
836 811 906 878 ὅθεν
923 811 977 877 καὶ
993 810 1056 878 θεοί
1071 814 1146 903 παρ’
1163 802 1320 901 Ἡροδότῳ
1344 812 1482 896 βασιλεῖς
1507 820 1565 885 τῆς
1584 805 1745 899 Αἰγύπτου

111 935 115 945 ’
190 921 389 993 πεποίηνται·
414 921 546 1011 ὀνείρους
572 911 606 986 δέ
628 919 809 986 πλάττεται
833 921 887 986 καὶ
910 919 1081 1012 χρησμούς.
1138 947 1163 981 ·.

236 1019 711 1117 (Τρόπος.)11ολιτεύιταιδέέν
729 1019 783 1094 δύο
799 1038 858 1104 τῆς
869 1025 894 1110 ¹)
912 1031 1078 1120 ῥητορικῆς
1095 1020 1216 1094 εἴδεσιν·
1234 1023 1336 1108 ἐξεστι
1355 1027 1416 1122 γάρ
1440 1027 1494 1093 καί
1518 1018 1740 1115 συμύουλεύειν

191 1136 245 1200 καί
267 1130 490 1226 πανηγυρίζειν
515 1136 690 1227 ἀνειμένως.
716 1137 750 1204 ’0
776 1127 809 1203 δὲ
826 1140 969 1227 Ξενοφῶν
994 1141 1025 1202 ἐν
1049 1149 1119 1214 ταῖς
1143 1127 1301 1214 Παιδείαις
1325 1137 1468 1230 ἐκέρασεν
1494 1137 1666 1227 ἀμφότερα,
1683 1159 1746 1202 πο-

192 1243 315 1309 λιτείαν
338 1242 484 1335 εἰσάγων,
507 1248 547 1321 ὡς
570 1248 587 1308 ό
611 1243 758 1329 Πλάτων,
782 1245 836 1310 καὶ
859 1247 914 1310 τόν
939 1251 1036 1337 Κῦρον
1053 1239 1231 1337 θαυμάζων,
1248 1252 1289 1324 ὡς
1306 1247 1487 1336 Ἰσοκράτης
1504 1247 1558 1311 τδν
1579 1244 1744 1336 Διάγσραν·

196 1350 311 1441 Πέλοψ,
335 1358 513 1445 Σκῆπτρον,
538 1352 642 1444 κρούει
666 1352 800 1444 στράτος
825 1345 951 1443 Ξέρξου,
975 1353 1085 1445 κράτει
1107 1353 1161 1419 καί
1185 1355 1228 1421 τά
1250 1366 1383 1422 ,τοιαῦτα
1406 1354 1486 1421 πολύ
1510 1353 1669 1445 σύμφωνα.

240 1461 273 1525 Ἢ
298 1453 332 1527 δέ
355 1461 520 1554 ἐναγώνιος
543 1455 698 1541 σύνταξις,
715 1467 735 1536 η
755 1460 810 1552 μέν
822 1463 847 1547 ²)
862 1461 934 1552 περὶ
950 1471 1056 1526 καινοῦ
1080 1462 1163 1538 τινδς
1186 1463 1240 1528 καί
1262 1462 1305 1529 τά
1328 1454 1520 1554 διλήμματα
1533 1461 1589 1528 καί
1607 1460 1647 1526 τά
1664 1460 1746 1527 πάνυ

193 1572 323 1636 ποικιλα
346 1568 388 1636 τά
412 1571 571 1662 πρέποντα
595 1571 741 1655 συντόνῳ.
767 1573 811 1636 Τὸ
836 1561 871 1636 δέ
894 1562 1114 1662 ὶαμύόκροτον,
1138 1571 1240 1663 ὥσπερ
1265 1563 1361 1647 δῆλον
1385 1572 1446 1665 γάρ
1463 1574 1531 1638 ἐστι
1551 1581 1617 1648 τοῖς
1633 1575 1745 1636 Ὀλυν-

195 1676 281 1755 θίοις·
305 1680 354 1744 ότι
377 1677 419 1746 τά
441 1689 577 1746 τοιαῦτα
599 1678 670 1772 γάρ,
695 1679 750 1746 καί
774 1681 806 1745 ἐν
831 1679 981 1763 συντόνῳ,
1006 1679 1165 1770 φευκτέον.

240 1902 302 1962 Τοῦ
320 1887 354 1964 δὲ
370 1899 526 1987 ἀσφαλοῦς
543 1901 578 1964 ού
593 1898 631 1963 τδ
649 1899 720 1964 λίαν
738 1899 881 1988 κεχηνός,
897 1902 938 1974 ὡς
954 1899 1074 1964 οἴονταί
1089 1921 1182 1983 τινες,
1195 1894 1269 1963 οἷον·
1281 1894 1432 1987 Ἀχιλλέα
1449 1892 1553 1961 ἐπόθει
1569 1892 1690 1970 Ἑλλάς.
1705 1931 1745 1944 -

196 2004 465 2097 Κλυταιμνήστρα
489 2005 714 2098 Ἀγαμέμνονα
737 2007 925 2073 ἀπέκτεινεν·
950 2006 1034 2073 ἀλλά
1057 2009 1095 2074 τό
1120 2006 1230 2095 σαφές,
1255 2006 1330 2096 ὅπερ
1355 2003 1424 2069 ἐστί
1452 2005 1508 2093 μία
1531 2011 1594 2067 τῶν
1618 2005 1746 2093 ἀρετῶν,

196 2109 258 2179 οἷον
276 2104 441 2204 Ἡροδότου
463 2114 711 2206 Ἀλικαρνασέως
736 2117 871 2205 ἱστορίης
896 2107 1097 2202 ἀπόδειξις,·θ
1116 2108 1219 2181 δὲκαὶ
1242 2116 1279 2180 τό
1304 2115 1396 2202 μέσον
1420 2123 1475 2178 τοῦ
1499 2111 1671 2201 κεχηνότος
1695 2110 1748 2177 καί

196 2225 362 2310 ἀσφαλοῦς·
385 2223 424 2287 τδ
450 2222 504 2312 μέν
528 2221 587 2313 γάρ
617 2224 874 2314 καταγέλαστον,
897 2225 934 2290 τδ
960 2215 995 2290 δέ
1018 2225 1216 2314 ἐσκεμμένον.
1236 2221 1331 2289 Ὀθεν
1356 2213 1427 2288 ούδέ
1450 2225 1481 2287 ἐν
1513 2220 1650 2305 συντόνῳ
1672 2225 1746 2310 παρ’

197 2329 366 2420 Ἰσοκράτει
383 2321 434 2397 διά
450 2330 511 2403 τὴν
535 2324 695 2422 ἀκρίθειαν
718 2341 782 2396 τῶν
806 2324 984 2421 συνδέσμων
1000 2335 1176 2398 ἐπαιτεῖται
1189 2329 1217 2415 ³)
1232 2333 1270 2396 τό
1287 2328 1433 2421 ἀσφαλές·
1450 2330 1488 2394 τό
1506 2321 1539 2395 δέ
1556 2328 1661 2417 μέσον,
1685 2323 1748 2393 οἷον

196 2439 299 2504 ἔννοια
321 2444 398 2530 ημῖν
422 2439 558 2530 ἐγένετο,
581 2440 636 2505 καί
659 2441 717 2506 ὅσα
742 2442 825 2530 μήτε
849 2439 929 2532 ἀγαν
953 2442 1061 2520 ύπτια,
1085 2442 1168 2531 μήτε
1192 2439 1362 2532 θερμοτέρα
1385 2439 1460 2530 πρός
1484 2430 1668 2528 ὑπιρύολήν.

888 2655 1057 2748 Τρόποι.

243 2868 360 2959 Τρόποι
384 2859 418 2937 δέ
441 2871 636 2961 ἀνείμενοιέ)
651 2862 725 2937 οίδε·
742 2871 779 2937 τό
804 2861 1049 2963 διηγηματικόν,
1067 2869 1174 2938 οἷονό
1198 2861 1394 2947 Θουκυδίδης
1419 2873 1532 2956 (κῶλον
1545 2870 1570 2956 ⁶)
1586 2865 1627 2945 ἦν
1650 2872 1752 2960 ὀλυμ-

197 2981 352 3065 πιονίκης)
375 2977 449 3044 ἐνθα
472 2982 577 3070 φησίν·
604 2981 772 3072 Ἐγέλασεν
798 2983 814 3042 ό
837 2981 928 3064 λέων,
944 2985 985 3058 ῶς
1000 2981 1172 3071 πρέποντος
1189 2977 1347 3068 ἀνειμένου
1372 2988 1428 3044 τοῦ
1452 2970 1663 3071 διηγήματος.
1688 2976 1749 3042 Καὶ

199 3078 371 3176 Ἡρόδοτος·
394 3092 521 3178 Κροῖσος
544 3083 583 3163 ἧν
599 3140 606 3156 .
620 3140 650 3156 ..
675 3088 737 3152 Καὶ
761 3091 915 3177 Ξενοφῶν·
940 3093 1037 3179 Κῦρος
1060 3083 1098 3162 ἧν
1114 3139 1121 3156 .
1136 3139 1166 3155 ..
1190 3087 1244 3152 καί
1266 3087 1309 3153 τά
1332 3083 1476 3176 ἀρκτικά.

245 3193 404 3283 (Τρότιος.)
428 3197 535 3285 Χαίρει
560 3188 594 3260 δέ
609 3203 654 3278 τῷ
670 3195 859 3284 ἐκφαντέρῳ,
883 3191 945 3260 σίον
962 3198 979 3259 ό
995 3185 1191 3271 Θουκυδίδης
1215 3193 1257 3259 τά
1281 3194 1423 3286 Θρᾳκικά
1438 3245 1445 3258 .
1460 3244 1488 3258 ..
1513 3193 1566 3260 καί
1590 3184 1752 3285 Ἡρόδοτος

200 3299 361 3390 Αἰγύπτιά
384 3323 420 3366 τε
443 3301 498 3366 καί
521 3299 660 3368 Σκυθικοὶ
683 3303 738 3367 καί
760 3295 891 3388 Λιύυκά,
915 3301 969 3367 καὶ
993 3307 1136 3392 Ξενοφῶν
1160 3305 1191 3368 ἐν
1216 3313 1286 3380 ταῖς
1310 3295 1509 3368 Ἀναθάσεσι.

244 3409 402 3499 (Τρόπος.)
427 3414 523 3475 Φιλεῖ
537 3401 571 3476 δέ
587 3411 625 3474 τό
643 3414 778 3477 ἀστεῖον·
796 3415 813 3475 ὁ
831 3411 885 3499 μέν
902 3405 955 3476 ούν
973 3415 1128 3500 Ξενοφῶν·
1147 3403 1340 3492 δικάζεσθαι,
1358 3401 1429 3476 ούδέ
1444 3413 1534 3488 όλως,
1552 3409 1753 3477 αἰσθάνεσθαι

201 3506 235 3580 δέ
258 3507 305 3583 δεῖ
328 3528 383 3583 τοῦ
408 3529 525 3609 καιροῦ,
550 3519 607 3584 κάν
633 3517 687 3610 μέν
713 3519 866 3610 σύντομος
889 3526 910 3595 ἡ
936 3511 1069 3597 διάλεξις
1085 3517 1118 3608 ᾖ,
1135 3512 1311 3610 ἀδιαίρετος
1326 3517 1545 3611 προσφορέσθω
1569 3519 1622 3583 καί
1645 3520 1752 3610 ἀπερί-

200 3647 297 3715 εργος·
320 3631 347 3692 εἰ
370 3619 405 3692 δέ
429 3626 544 3718 μακρά,
569 3619 675 3719 εἰμέν
700 3622 972 3719 συμθουλευτυιῶς
989 3631 1160 3720 ὑποφαίνει,
1177 3621 1226 3695 δεῖ
1245 3627 1512 3720 σπερματικῶςἿ,
1536 3630 1593 3693 ούκ
1616 3621 1750 3719 ἀκριύῶς

199 3733 259 3805 τὴν
276 3744 334 3810 τῆς
356 3746 581 3827 πραγματικῆς
606 3737 747 3829 ἀγράφου
772 3737 861 3827 φύσιν
885 3741 916 3804 ἐν
941 3736 1003 3804 ἔθει
1026 3739 1080 3803 καὶ
1104 3730 1227 3822 δυνατῷ
1251 3738 1305 3802 καί
1321 3743 1353 3803 ἐν
1377 3729 1454 3822 δόξᾳ
1478 3737 1532 3802 καί
1555 3737 1751 3828 συμφέροντι.

246 3847 281 3907 Εἰ
297 3834 331 3910 δέ
353 3855 584 3938 πανηγυρικῶς,
600 3848 701 3937 ἐχέτω
719 3839 865 3938 διαίρεσιν
883 3849 1079 3938 μιμουμένην
1095 3851 1132 3912 τὸ
1149 3847 1296 3912 σύντονον
1312 3849 1344 3912 ἐν
1361 3871 1397 3914 τι
1413 3848 1557 3938 ἐγκωμίῳ
1575 3847 1629 3913 καί
1649 3844 1754 3912 ἐπιθα-

199 3956 305 4045 λαμίῳ
322 3953 376 4020 καί
392 3956 546 4045 ἐπιταφίῳ
558 3953 596 4043 ⁷),
612 3955 696 4028 πλὴν
714 3949 876 4045 μονῳδίας·
895 3959 953 4030 όλη
971 3955 1032 4049 γάρ
1057 3955 1175 4047 θρῆνος,
1201 3943 1254 4022 καί
1278 3961 1313 4021 οὑ
1336 3955 1421 4022 κατά
1446 3959 1578 4047 μίμησιν
1601 3956 1751 4022 συντόνου

200 4063 411 4153 περιφέρεται,
425 4063 509 4128 ἀλλά
524 4055 726 4154 τραγῳδεῖον·
745 4057 919 4156 διαιρείσθω
936 4057 970 4132 δέ
987 4067 1071 4154 μόνῳ
1085 4064 1257 4156 ἀφυλάκτῳ
1271 4063 1475 4156 θρηνητικῶς,
1492 4065 1596 4155 ὥσπερ
1612 4075 1658 4150 τῷ
1673 4069 1754 4131 Θου-

201 4162 323 4257 κυδίδῃ·
348 4169 514 4261 Κορινθίων
537 4165 687 4263 πρεσύεία
712 4173 796 4263 μόνῳ
814 4167 933 4258 δικαίῳ,
950 4175 1051 4240 καὶέν
1069 4183 1132 4248 τοῖς
1149 4172 1256 4251 ἀλλοις
1271 4165 1499 4258 ἐπιδεικτικοῖς,
1515 4173 1598 4252 ὅπως
1621 4172 1751 4265 γνήσιόν

200 4299 234 4341 τι
256 4288 367 4368 κτῆμα
390 4290 451 4356 τῆς
474 4284 641 4371 ῥητορικῆς
666 4283 712 4354 εἴη
738 4285 755 4345 ό
780 4285 949 4371 ἀνείμενος.

246 4389 292 4452 Τό
316 4379 349 4453 δὲ
373 4391 526 4478 ίστορικόν
551 4391 673 4479 γενικόν
706 4393 737 4454 ἐν
762 4392 847 4473 αὐτῷ
873 4383 1040 4482 διαιρεῖται
1064 4393 1105 4467 τίς
1129 4415 1165 4456 τε
1192 4389 1420 4483 συγγραφικὴν,
1444 4392 1528 4481 μήτε
1552 4392 1626 4482 πρός
1649 4391 1752 4483 χάριν,

204 4495 288 4583 μήτε
313 4494 457 4586 ἀπεχθῶς
480 4497 551 4588 περὶ
574 4500 730 4588 νεωτέρων
754 4498 962 4589 πραγμάτων,
988 4500 1041 4565 καί
1066 4501 1220 4590 ἱστορικόν
1243 4498 1421 4589 ὁμώνυμον,
1437 4504 1468 4565 ἐν
1485 4495 1509 4585 ᾧ
1527 4510 1572 4584 τῷ
1597 4498 1683 4589 μύθῳ
1708 4492 1755 4564 δεῖ

202 4608 271 4698 περί
286 4607 520 4697 παλαιωτέρων·
544 4605 613 4672 ὅθεν
637 4611 652 4671 ό
677 4601 872 4684 Θουκυδίδης
896 4610 934 4673 τό
960 4608 1014 4698 μέν
1030 4620 1152 4698 κτῆμα,
1169 4611 1206 4674 τό
1223 4601 1257 4674 δέ
1274 4609 1437 4701 ἀγώνισμα
1456 4607 1686 4700 προσαγορεύει·
1710 4601 1752 4672 ὧν

202 4717 240 4779 τό
265 4715 320 4806 μέν
345 4716 498 4792 συντόνως
522 4706 718 4806 δημηγορίας
742 4711 1006 4808 στασιαζομένας,
1030 4720 1068 4782 τό
1096 4709 1130 4782 δέ
1157 4716 1324 4806 ὁμοφώνως
1356 4709 1555 4808 ἐπιδέχεται,
1579 4723 1619 4794 ώς
1642 4718 1694 4783 ἐπὶ
1716 4717 1754 4782 τδ

241 4931 264 5006 ¹)
283 4931 353 4990 cod.
373 4933 396 4987 ἐν
416 4933 458 4986 δύο
478 4937 537 4994 τοῖς·
1004 4935 1109 5008 editos,
1128 4940 1165 4992 ut
1177 4933 1295 4992 dicatur
1307 4933 1359 4990 ubi
1371 4932 1433 4992 sint
1445 4933 1509 4990 Ιοσε
1528 4933 1665 5005 adducta,
1677 4950 1753 5005 quae

239 5023 262 5096 ²)
281 5023 324 5079 Id.
345 5021 368 5076 ἐν
388 5023 442 5094 μίν,
1005 5025 1036 5082 in
1054 5026 1111 5083 hoc
1127 5025 1270 5099 opusculo
1283 5024 1410 5098 plurima
1422 5031 1454 5082 οι
1466 5026 1594 5082 obscura
1606 5029 1688 5096 ειειιί,
1701 5022 1754 5078 im-

239 5113 263 5186 ³)
282 5113 353 5171 cod.
373 5113 521 5185 scriptura
539 5111 689 5186 ambigua.
1006 5132 1055 5172 mo
1068 5121 1206 5172 truncata
1218 5115 1365 5186 videntur,
1379 5114 1506 5173 nonnisi
1519 5115 1643 5189 aprimo
1660 5115 1752 5175 verbo

238 5205 262 5275 ⁴)
281 5203 325 5260 Id.
346 5205 477 5275 ἀνιίμινος.
1006 5204 1145 5262 ἰηάἰσιιῖε.
1165 5235 1201 5248 -
1217 5204 1340 5262 Inclusa
1358 5205 1462 5278 glossa
1479 5205 1630 5265 videntur.

239 5289 629 5366 Β)00(1.ῖιφ)ιῖῖθθιιύλίιινθι.
657 5292 739 5350 Solet
763 5291 854 5350 editio
879 5290 955 5366 prin·
1044 5296 1068 5370 θ)
1086 5294 1156 5352 cod.
1175 5299 1224 5348 δεῖν
1244 5294 1424 5366 σπιρμάτιραῗ
1464 5363 1466 5368 ,

204 5403 274 5462 σερε
287 5385 407 5444 liberari
422 5385 574 5444 afastidio
586 5385 727 5444 versandi
741 5403 843 5444 omnes
862 5384 954 5443 libros
1045 5388 1069 5461 ⁷)
1089 5387 1158 5446 Οοό.
1178 5387 1301 5460 ῖπιτάῳρ.
