4022 6072
435 920 852 1058 SANCTUS
905 925 1476 1061 PACHOMIUS.

767 1221 1140 1232 —-—-————--.

842 1556 1064 1628 MONITUM.

225 1780 352 1849 Accede
376 1781 416 1848 ad
439 1781 569 1848 unicum
585 1781 725 1848 codicem
742 1801 903 1867 graecum,
920 1780 953 1844 in
970 1777 1101 1846 ecclesia
1116 1785 1245 1848 sanctae
1265 1781 1456 1850 catharinae
1478 1781 1727 1870 Petroburgenai

182 1891 401 1971 reconditum
425 1913 462 1957 ac
485 1889 632 1975 prolecto
654 1888 763 1955 nullus
786 1889 868 1956 alius
891 1893 939 1956 est
961 1891 1044 1956 liber
1066 1891 1269 1976 peregrinus,
1293 1891 1383 1976 cujus
1407 1891 1561 1957 memoria
1587 1891 1727 1976 penitius

101 2055 103 2060 .
182 2005 215 2066 et
239 1999 366 2066 suavius
390 1999 467 2064 mihi
492 1998 611 2080 sedeat,
634 1997 701 2065 alte
724 2003 830 2064 mente
853 2004 999 2084 reposta:
1024 2023 1063 2065 ex
1086 2021 1123 2065 eo
1150 1999 1306 2085 siquidem
1330 2003 1399 2065 tota
1422 2021 1492 2066 mea
1514 1999 1665 2085 pependit
1689 1999 1727 2065 ds

184 2112 288 2174 metro
311 2112 344 2172 et
359 2107 512 2192 rhythmo
529 2105 726 2173 melodorum
745 2107 990 2192 byzantinorum
1005 2107 1219 2192 investigatio,
1236 2107 1284 2173 uti
1300 2107 1400 2172 fusius
1415 2106 1546 2192 exposui
1560 2105 1594 2171 in
1616 2105 1727 2173 libello

180 2217 451 2302 Hyrnnoyropbio
474 2216 624 2282 ccclesiae
643 2237 780 2300 procace
801 2215 956 2300 inscripto
970 2213 1005 2298 ¹).

224 2322 294 2400 Qua
317 2323 445 2408 quidem
469 2345 567 2408 opera
589 2320 719 2389 tandem
748 2324 913 2404 absoluta,
937 2329 1063 2390 caetera
1087 2324 1202 2391 codicis
1224 2323 1302 2390 folia
1325 2322 1490 2410 negligere
1513 2344 1612 2408 quum
1635 2321 1725 2388 nefas

182 2435 278 2512 esset,
303 2433 430 2517 perrexi
453 2432 493 2498 ad
516 2432 655 2516 plurima
678 2433 717 2499 de
734 2437 845 2498 sancto
860 2430 1034 2498 Pachomio
1056 2432 1218 2513 historica,
1234 2455 1315 2518 quae
1339 2433 1540 2518 excipiebant
1562 2430 1728 2515 sexaginta

181 2539 324 2624 capitula
346 2561 385 2606 ex
407 2539 530 2625 regulis
544 2539 646 2607 sancti
662 2539 788 2606 abbatis
805 2541 836 2603 'aa
854 2536 999 2627 συντόμῳ
1015 2545 1154 2625 sumpta,
1172 2564 1252 2626 quae
1274 2542 1401 2628 quidem
1425 2541 1612 2627 compendia
1635 2539 1727 2607 editis

182 2648 286 2714 multo
310 2647 453 2715 auctiora
475 2648 555 2714 mihi
570 2647 638 2714 risa
653 2653 738 2714 sunt.
755 2647 837 2716 Sane
853 2649 938 2733 apud
957 2648 1183 2715 Bollandianoa
1196 2645 1222 2730 ²)
1238 2649 1488 2733 locupletissima
1511 2653 1560 2714 est
1582 2647 1727 2732 supellex

183 2757 404 2842 Papebrochio
428 2756 524 2822 missa
547 2779 565 2822 a
588 2756 688 2822 sodali
712 2755 869 2823 Cardonio
892 2779 931 2822 ex
954 2757 1115 2823 codicibus
1137 2756 1302 2824 Vaticanis
1325 2761 1358 2822 et
1381 2755 1586 2838 Florentinis,
1609 2755 1725 2840 quibus
1748 2806 1753 2818 .

182 2888 240 2933 nec
261 2864 447 2950 regularum
478 2864 664 2948 compendia
694 2863 825 2944 desunt,
850 2887 908 2931 nec
930 2864 1073 2950 prolixae
1097 2870 1262 2950 gestorum
1293 2865 1395 2932 sancti
1418 2865 1478 2930 riri
1502 2863 1728 2942 enarrationes,

182 2972 401 3039 commentarii
425 2971 579 3056 augendis
601 2971 742 3040 idoneae.
759 2972 809 3040 Ibi
827 2977 936 3039 tamen
953 2995 1017 3038 non
1032 2973 1159 3040 invenio
1176 2974 1353 3059 quaemihi
1372 2972 1535 3059 praestitit
1557 2971 1655 3038 codex
1670 2970 1730 3036 Pe-

183 3080 413 3166 troburgensis,
436 3079 557 3146 scilicet
579 3085 707 3165 praeter
730 3081 859 3146 brevem
883 3081 921 3147 de
944 3081 1011 3146 vita
1034 3079 1191 3169 trupperti,
1215 3081 1303 3147 varia
1325 3080 1456 3166 regulae
1479 3078 1631 3160 aucturis,
1656 3083 1726 3144 tum

183 3188 326 3272 copiosas
348 3188 525 3272 scripturae
547 3187 736 3270 varietates,
760 3211 840 3272 quas
862 3189 976 3255 lectori
999 3190 1139 3256 inridere
1162 3211 1226 3256 non
1250 3189 1410 3268 anatinam
1434 3188 1488 3254 sed
1518 3187 1620 3254 latina
1651 3187 1726 3252 dare

123 3321 127 3328 ·
182 3295 380 3380 supersedeo,
397 3317 479 3381 quae
495 3295 572 3362 satis
588 3318 746 3383 superque
769 3297 854 3382 apud
870 3297 1108 3377 Bollandianos,
1125 3297 1223 3362 immo
1239 3296 1366 3381 abipso
1389 3295 1586 3380 Hieronymo
1600 3291 1625 3376 ³)
1649 3315 1729 3377 sup·

183 3402 324 3490 plentur.

229 3515 277 3580 De
300 3513 390 3580 brevi
413 3514 576 3600 prooemio
598 3514 760 3596 historico,
784 3513 923 3580 breviter
945 3513 1069 3598 loquar,
1091 3535 1191 3597 quum
1213 3511 1351 3596 exceptis
1374 3511 1592 3590 variantibus,
1616 3507 1726 3574 eadem

185 3625 304 3692 referat
319 3646 400 3709 qnae
416 3623 570 3710 leguntur
585 3623 670 3708 apud
685 3621 866 3689 Palladium
882 3622 916 3687 in
931 3622 1099 3688 Lunsiacu
1115 3619 1198 3706 (cap.
1214 3619 1363 3701 xxxvm)
1380 3624 1412 3686 et
1427 3619 1513 3704 apud
1527 3616 1729 3684 Heraclidem

184 3734 217 3798 in
241 3733 403 3801 Paradiso
427 3732 510 3817 (cap.
531 3732 616 3813 xrx).

230 3842 313 3918 Quid
336 3863 411 3906 vero
435 3840 638 3926 antiquitatis
654 3841 805 3922 habeant,
821 3838 983 3925 quantivis
998 3838 1212 3905 aestimandae
1227 3837 1292 3903 sint
1308 3835 1449 3922 regulae,
1470 3834 1543 3901 silet
1569 3832 1730 3918 Papebro·

120 4019 123 4026 ,
185 3949 286 4030 chius,
307 3949 414 4034 jejune
439 3948 613 4015 Cardonius
630 3952 877 4029 commentatur,
893 3948 988 4014 ambo
1005 3946 1095 4032 quasi
1111 3945 1216 4012 minus
1233 3945 1353 4012 confisi.
1372 3935 1433 4010 Sed
1450 3943 1561 4010 doctus
1584 3941 1631 4008 vir
1654 3939 1730 4006 Gal·

185 4058 312 4124 landius
335 4056 460 4123 nullum
485 4057 617 4122 dubium
640 4059 705 4123 sive
729 4057 767 4123 de
790 4055 916 4137 latinis,
939 4056 1004 4122 aire
1027 4055 1066 4120 de
1089 4055 1213 4141 graecis
1237 4059 1362 4134 moret;
1386 4074 1502 4140 graeca
1524 4054 1641 4131 autam,
1662 4049 1730 4134 jam
1811 4047 1815 4054 ’

187 4165 284 4247 edita,
308 4171 393 4232 stare
410 4167 584 4250 nequeunt,
602 4164 679 4249 quin
695 4164 862 4230 obtineant
878 4169 999 4247 nostra,
1015 4186 1053 4230 cx
1069 4164 1185 4250 quibus
1202 4163 1335 4249 vulgata
1350 4161 1518 4229 manifeste
1532 4159 1728 4226 derivantur.

185 4273 348 4340 Fiduciam
370 4295 446 4339 vero
469 4277 612 4340 nostram
635 4273 751 4338 mirum
766 4273 799 4337 in
815 4274 944 4339 modum
960 4276 1081 4358 augent
1096 4276 1131 4338 et
1145 4272 1276 4358 erigunt
1292 4290 1426 4356 eaquae
1450 4269 1507 4335 aba
1530 4266 1729 4350 Hieronymo

185 4382 279 4448 Latio
302 4382 419 4448 donata
441 4385 526 4447 sunt.
560 4381 647 4458 Quae
677 4380 845 4447 Holstenio
874 4380 972 4460 duce,
996 4379 1174 4447 Vallarsius
1204 4377 1356 4446 simulet
1385 4374 1572 4444 Gallandius
1600 4370 1729 4458 egregie

185 4511 309 4557 summo
332 4489 455 4556 doctori
485 4489 657 4555 vindicant.
681 4488 730 4554 Ac
752 4488 848 4554 simul
878 4493 988 4554 nostra
1010 4488 1231 4568 vindicantur,
1255 4508 1354 4571 quum
1384 4506 1449 4550 non
1482 4482 1586 4548 solum
1617 4478 1729 4546 iisdem

186 4597 365 4664 conflentur
387 4596 564 4678 sententiis,
587 4597 642 4663 sed
665 4597 697 4662 in
721 4597 831 4662 eodem
853 4595 921 4662 fere
944 4596 1063 4676 ordine,
1088 4599 1124 4661 ut
1146 4595 1232 4661 infra
1254 4597 1402 4660 notatum
1425 4593 1484 4671 est,
1508 4589 1728 4674 disponantur.

185 4706 255 4774 Nec
279 4710 385 4772 tamen
409 4705 487 4771 adeo
510 4705 627 4770 similia
649 4709 735 4790 sunt,
758 4709 795 4771 ut
817 4708 927 4772 nostra
950 4709 1138 4771 censeantur
1162 4724 1201 4768 ex
1223 4701 1421 4786 Hieronymo
1445 4718 1559 4784 graece
1582 4695 1729 4763 conficta.

187 4815 248 4882 Sed
270 4815 353 4882 sicut
376 4836 458 4900 quae
481 4814 637 4881 haetenus
661 4834 775 4899 graece
791 4813 876 4880 edita
892 4816 976 4892 sunt,
993 4815 1103 4878 nostra
1117 4811 1151 4876 in
1167 4808 1353 4894 compendio
1376 4805 1528 4883 referant,
1552 4803 1596 4868 sic
1619 4805 1730 4868 nostra

187 4925 218 4987 ἐν
236 4922 381 5011 συντόμῳ
399 4923 540 5008 capitula
555 4941 599 4988 nx
615 4923 790 5008 archetypa
806 4920 999 4988 adumbrant
1014 4941 1095 5005 quae
1111 4918 1325 5003 Hieronymus
1342 4935 1418 5000 prae
1440 4911 1541 4980 oculis
1557 4909 1680 4990 habuit,
1697 4911 1731 4974 et

186 5032 322 5118 primam
338 5032 451 5098 seriem
468 5031 610 5117 regulae,
628 5053 725 5117 quam
740 5030 774 5096 in
789 5029 1003 5116 quadraginta
1026 5028 1088 5094 duo
1106 5031 1138 5092 et
1154 5029 1283 5093 eentum
1300 5022 1421 5090 scholia
1437 5018 1611 5087 distribuit.

223 5302 245 5376 ¹)
265 5302 511 5374 Hyrnnopraplrie
529 5303 585 5356 eto.
604 5316 632 5371 p.
652 5297 741 5354 1015.
987 5299 1018 5352 et
1035 5294 1074 5351 ef.
1093 5290 1227 5366 epitimia
1245 5289 1438 5349 Studitarum.

223 5393 246 5466 ²)
265 5390 338 5448 Maii
357 5395 426 5448 tom.
440 5405 485 5464 nr,
505 5409 533 5462 p.
549 5389 678 5446 287362.
697 5389 830 5462 Append.
849 5385 931 5443 ml
1022 5382 1046 5458 ³)
1068 5384 1143 5455 opp.
1161 5388 1181 5437 t.
1201 5396 1234 5437 ιι.
1254 5381 1366 5441 Patrol.
1386 5379 1439 5436 tat.
1457 5391 1544 5448 xxnr,
1565 5375 1620 5432 ool.
1639 5373 1731 5430 61-86.
