4022 6072
276 544 312 601 to
816 534 1017 610 'Zacharias
1035 535 1276 628 Mitylenousis

279 718 312 776 et
336 701 368 776 δὲ
393 710 435 799 μὴ
462 709 549 800 φύσει
573 708 615 775 rii
641 709 735 795 κακά,
759 719 822 774 τῶν
847 708 964 796 φύσεων
990 699 1023 774 δὲ

277 811 464 910 δημιουργὸς
489 824 504 882 ὁ
529 821 617 897 Θεὸς,
635 821 692 908 μία
709 819 761 884 καί
780 819 857 908 μίνη
878 817 914 882 ἃν
926 817 950 902 ¹)
974 819 1019 889 εἴη

277 925 371 1016 ἀρχὴ,
395 928 465 1002 ἥτις
490 918 540 991 διὰ
557 927 594 990 τ“ο
612 927 824 1016 ἀπεριόριστυς
845 920 923 990 εἶναι
946 948 1024 988 παν-

275 1044 375 1124 ταχοῦ
390 1033 553 1122 νοουμένη,
567 1023 714 1122 οὐδεμίαν
732 1033 838 1124 χώραν
857 1025 964 1098 δίδωσι
981 1042 1020 1116 τῇ

276 1141 318 1230 μὴ
345 1144 418 1217 uiuit
445 1141 590 1226 κακίᾳθ).

320 1358 408 1422 Ἀλλ’
426 1354 464 1434 ἧν
490 1358 544 1448 μὲν
571 1356 731 1422 tauriani
755 1367 858 1422 ταῦτα
881 1358 955 1446 πρὸς
979 1355 1022 1420 rui

273 1467 482 1552 προτεθένταΙ
511 1468 668 1558 κεφάλαια
693 1460 721 1532 θ’
747 1469 829 1556 ὅμως
855 1459 1020 1543 συνέταξα,

273 1585 324 1640 νῦν
338 1574 393 1664 μὲν
408 1585 630 1664 συγχωροῦνται
645 1573 839 1639 ἀντικεῖσθαι
852 1583 896 1658 τῷ
911 1571 1020 1663 ἀγαθῷ

273 1683 310 1747 τ”ο
327 1685 435 1765 κακον,
453 1674 682 1747 ἀποδείκνυνται
700 1673 792 1771 δὲμὴ
813 1675 945 1746 εἶναιτὸ
963 1705 1020 1744 κα-

272 1791 345 1866 utu,
370 1790 445 1880 μητ’
472 1789 619 1879 ἀρχὴνθ),
645 1791 717 1878 μ.ητ“
746 1789 916 1880 ἀγένητον,
937 1811 1020 1878 μκτε

274 1898 470 1987 συνυπάρχον
487 1904 565 1980 Θεῷ·
581 1908 631 1960 νῦν
649 1889 682 1962 δὲ
705 1899 755 1961 ὅτι
771 1901 827 1960 οὐκ
845 1901 1021 1960 ἀντικεῒται

273 2013 318 2087 τῷ
345 2003 453 2094 ἀγαθῷ
477 2005 515 2068 τὸ
532 2005 641 2080 κακὸν,
658 2004 712 2066 καί
729 2002 807 2068 ποτὲ
830 2002 886 2094 μὲν
910 2027 1020 2092 παρισ-

273 2119 392 2195 τῶντα,
417 2113 466 2174 ὅτι
490 2111 544 2174 καὶ
568 2103 600 2188 ἐξ
621 2105 662 2174 ὧν
681 2116 708 2174 oi
725 2111 893 2200 Μανιχαῒοί
917 2131 1019 2198 φασιν,

273 2243 306 2283 ου
332 2210 349 2281 δ
865 2210 1020 2308 δογματί-

274 2321 346 2409 ζειν,
362 2325 441 2391 ποτὲ
461 2318 494 2390 δὲ
510 2328 578 2416 περί
595 2339 650 2392 τοῦ
669 2326 785 2417 ἀγαθοῦ
802 2350 837 2390 τε
854 2326 908 2390 καί
923 2335 1019 2390 κακοῦ

272 2428 508 2527 θογματίζοντα
524 2437 558 2522 ⁴).

1075 715 1160 778 sunt.
1185 709 1218 778 si
1234 717 1341 778 autem
1357 713 1442 779 mala
1459 737 1522 781 non
1540 721 1615 781 sunt
1630 738 1669 781 ex
1691 721 1818 798 natura,

1076 825 1108 886 et
1133 824 1318 886 naturarum
1342 819 1516 888 fabricator
1539 823 1625 889 Deus
1645 829 1703 904 est,
1720 835 1818 891 unurn

1076 926 1177 1009 igitur
1207 931 1240 992 et
1270 927 1372 993 solum
1403 930 1596 1014 principium
1630 933 1710 1000 erit:
1734 936 1820 1018 quod

1076 1034 1151 1116 quia
1166 1034 1475 1120 incircumscriptum
1493 1042 1552 1118 est,
1570 1042 1602 1104 et
1619 1039 1737 1125 ubique
1754 1063 1821 1107 esse

1075 1140 1280 1226 intelligitur,
1304 1141 1428 1209 nullum
1451 1144 1557 1211 locum
1580 1147 1635 1212 dat
1659 1150 1820 1234 nequitiae

1077 1269 1157 1330 quae
1180 1248 1260 1313 nihil
1285 1254 1343 1315 est.

1121 1353 1203 1420 Sane
1231 1355 1309 1422 haee
1332 1358 1410 1423 satis
1434 1363 1527 1426 erant
1550 1365 1662 1428 eontra
1683 1363 1818 1449 objecta.

1077 1462 1226 1548 Capitula
1238 1467 1345 1528 tamen
1358 1469 1532 1552 composui,
1545 1490 1626 1552 quae
1639 1470 1732 1535 modo
1748 1472 1819 1556 qui·

1076 1573 1147 1639 dem
1164 1573 1340 1638 concedunt
1359 1574 1478 1638 malurn
1503 1597 1570 1642 asse
1594 1577 1677 1642 bono
1693 1584 1819 1645 contra·

1075 1680 1169 1761 rium,
1182 1679 1236 1744 sed
1252 1679 1472 1746 demonstrant
1489 1681 1608 1748 malurn
1626 1706 1728 1769 neque
1751 1707 1818 1752 esse

1075 1785 1277 1871 principium,
1294 1808 1398 1871 neque
1422 1788 1611 1873 ingenitum,
1627 1813 1730 1876 neque
1746 1815 1818 1858 oum

1077 1894 1143 1961 Deo
1159 1896 1254 1962 simul
1277 1898 1432 1976 existens3
1449 1901 1542 1966 nrodo
1566 1905 1675 1966 autem
1699 1907 1819 1986 negant

1075 2005 1193 2069 bonum
1212 2027 1278 2070 esse
1294 2006 1379 2072 malo
1395 2008 1589 2091 oppositum,
1604 2008 1818 2094 utaliquando

1075 2113 1234 2177 eriisdem
1250 2112 1509 2181 Manichaeorum
1522 2117 1719 2200 argumentis
1731 2139 1818 2183 corn·

1074 2219 1228 2301 probant,
1251 2221 1463 2287 necessarium
1485 2244 1548 2288 non
1573 2243 1640 2288 esee
1671 2223 1733 2288 duo
1761 2224 1817 2288 in·

1075 2329 1182 2392 ereata
1205 2328 1363 2414 principia
1385 2351 1543 2412 asserere,
1567 2331 1737 2416 aliquando
1760 2357 1817 2400 au-

1075 2440 1138 2500 tern
1158 2436 1196 2501 de
1214 2437 1296 2502 bono
1313 2442 1345 2503 et
1360 2439 1445 2504 malo
1462 2441 1679 2525 dogmatizant
1698 2441 1815 2526 [utrum

1074 2543 1160 2610 aliud
1183 2545 1225 2612 sit
1250 2567 1316 2611 esse
1345 2547 1475 2632 aliquid,
1504 2551 1592 2618 aliud
1621 2575 1695 2619 vero
1722 2553 1816 2620 alicui

1075 2674 1142 2718 esse
1166 2654 1370 2740 opposituml.

697 3191 848 3272 Capitate
874 3189 998 3254 XLIX
1019 3195 1113 3256 oracta
1138 3189 1347 3257 varietatibus
1358 3189 1393 3276 ⁵).

313 3427 500 3494 Manichaei
512 3426 716 3507 prooemium.
732 3419 808 3488 Εἶτα
822 3425 907 3512 μὲν...
921 3429 955 3490 οὐ
973 3417 1010 3498 M,

269 3533 431 3623 λέγεται...
454 3527 504 3595 οἷα
528 3528 564 3593 ἂν
581 3525 620 3603 ἦν
635 3528 677 3593 nir
701 3533 932 3620 ἀντικείμενα...
950 3535 1013 3599 Ubi

270 3641 339 3707 edd.
363 3643 419 3703 οῦκ
442 3637 564 3724 ἀνάγκη
593 3621 755 3722 usquead
786 3641 812 3701 εἰ
843 3637 903 3726 γάρ
936 3641 1013 3718 ἐστι,

269 3751 363 3816 aliter·
388 3751 471 3816 cod.:
492 3749 547 3810 οῦκ
565 3745 699 3836 ἀνάγκη,
718 3757 773 3810 τοῦ
792 3745 909 3836 ἀγαθοῦ
926 3747 1013 3822 ὄντος

268 3857 399 3921 καὶτοῦ
423 3859 532 3930 καλοῦ,
558 3849 712 3918 εἶναικαὶ
736 3856 773 3918 τὸ
802 3855 936 3943 πονηρὸν
961 3855 1015 3918 καί

268 3965 306 4028 τ“ο
330 3965 438 4045 κακὸν,
459 3961 512 4025 καὶ
535 3965 561 4025 εἰ
584 3966 603 4032 i.
631 3963 719 4025 οὐσία
742 3965 810 4025 ἐστι
834 3963 871 4026 τὸ
897 3959 1013 4051 ἀγαθὸν

269 4071 383 4136 καὶτὸ
407 4070 515 4150 καλὸν,
540 4067 592 4131 καί
615 4065 656 4131 τά
682 4069 882 4156 ἀντικείμενοι
911 4070 1014 4144 οὐσίτις

269 4174 354 4244 εἶναι.
380 4183 415 4241 Ei
439 4169 472 4242 δὲ
496 4169 632 4264 συμθαίη
660 4174 787 4265 θάτερον
812 4177 865 4240 καί
889 4177 926 4242 τὸ
951 4177 1016 4241 ἕτε-

270 4312 329 4378 ρον,
356 4293 383 4352 εί
406 4285 497 4378 γάρ...
515 4277 797 4376 ἀντιθιαιροῦμενον
819 4288 938 4370 αὐτῷ...
962 4289 1016 4350 ἀν-

268 4394 425 4460 τικεῖσθαι
449 4393 533 4459 κατά
557 4395 594 4458 τὸ
617 4392 845 4482 πονηρόν...τά
869 4395 1015 4484 εἰρήμενα

268 4504 466 4592 παρίστησι.
479 4553 503 4566 ..
528 4511 600 4587 post
621 4501 810 4592 ἀγεννήτους
831 4504 935 4570 Maius
952 4527 1013 4571 om.

270 4611 343 4697 μίαν
369 4609 424 4698 μὲν
449 4607 586 4698 ἀγαθῶν,
611 4611 683 4699 μίαν
709 4600 741 4673 δὲ
764 4618 919 4699 πονηρῶν.

305 4845 325 4906 ¹)
345 4841 384 4898 M.
404 4843 466 4913 μόνη
486 4839 516 4897 ἦν
536 4843 609 4912 ἀρχῆ.

302 4933 325 5006 2)
343 4931 411 4987 Huc
430 4948 526 5004 usque
545 4928 710 4987 'Purrianns
729 4928 829 4987 latine.
853 4928 1014 5001 Sequentia

269 5021 372 5078 statim
391 5022 481 5078 habet
507 5018 702 5089 Monacensis,
722 5036 798 5092 quae
825 5019 1015 5077 manifestum

269 5110 439 5182 significant
466 5110 600 5183 ejusdem
629 5109 759 5166 auctoris
787 5109 949 5166 transitum
977 5109 1015 5164 ad

269 5215 343 5256 xmx
361 5200 497 5272 eapitula.
515 5201 551 5255 In
570 5198 714 5256 Vaticano
733 5201 829 5256 multa
848 5199 907 5256 alia
924 5199 1015 5256 inter·

269 5297 426 5364 ponuntur,
447 5308 523 5364 quae
535 5289 663 5348 fortasse
676 5296 763 5347 erunt
776 5289 914 5363 plagiarii
926 5290 1015 5346 Pauli

270 5380 381 5440 Persae
400 5379 542 5440 auctoris.

1114 3427 1184 3510 Κεφ.
1210 3420 1253 3485 Α’.
1272 3425 1338 3488 Ιιιο.
1350 3421 1453 3486 ‘nne
1469 3422 1507 3486 τό
1525 3449 1556 3488 τι
1580 3418 1666 3499 εἶναι,
1686 3424 1765 3490 ἄλλο
1782 3415 1815 3490 ἀὲ

1068 3531 1104 3593 το
1129 3527 1311 3593 ἁντικεῒθκι.
1337 3532 1380 3594 Τὸ
1405 3529 1459 3617 μὲν
1483 3529 1543 3620 γὰρ
1568 3525 1672 3597 εἶναι...

1114 3642 1187 3724 Κεφ.
1214 3636 1253 3698 u'.
1280 3641 1346 3710 Πῶς
1371 3640 1427 3699 οῦκ
1451 3636 1578 3710 ἄλληλα
1610 3641 1695 3704 αἴτια
1725 3641 1815 3706 ἔσται

1070 3745 1278 3832 Mnmsswn

1115 3856 1191 3938 Κεφ.
1217 3851 1258 3913 Γ’.
1284 3855 1319 3913 Εἰ
1343 3855 1398 3915 οῦκ
1422 3857 1457 3917 ἐκ
1479 3851 1706 3943 παραθέσεως...

1114 3965 1189 4049 Κεφ.
1209 3961 1250 4024 Δ’.
1277 3963 1353 4029 Post
1376 3953 1690 4030 ἀντιθιαστέλλεσθαι
1714 3967 1816 4034 Maius

1069 4091 1132 4134 om.
1153 4079 1218 4145 τοῖς
1236 4069 1402 4158 μέλλουσιν
1427 4068 1550 4134 ἔσεσθαι
1566 4071 1621 4135 τὸν
1639 4073 1727 4148 Θεὸν,
1751 4081 1816 4148 πῶς

1072 4173 1123 4246 tet
1148 4179 1185 4242 τθ
1210 4169 1309 4243 ἀντιθ.

1115 4293 1190 4376 Κεφ.
1203 4288 1242 4362 ς’.
1257 4293 1324 4362 Πῶς
1337 4286 1454 4352 οὔτινα
1468 4287 1583 4377 τρόπον
1597 4287 1656 4379 πρὸ
1670 4298 1725 4353 τοῦ
1740 4281 1817 4352 εἶναί

1068 4395 1100 4458 τί
1129 4395 1264 4484 ἄναρχον
1292 4385 1533 4458 ἀντιθιέσταλτο
1558 4403 1604 4476 τῷ
1628 4393 1754 4484 ἀνάρχῳ
1779 4396 1816 4459 τὸ

1070 4502 1223 4591 ἄναρχον;
1241 4503 1339 4566 καὶεί
1356 4491 1520 4566 teverti...
1537 4510 1583 4583 τῷ
1605 4500 1648 4590 μὴ
1673 4503 1814 4591 παρόντι.

1116 4615 1192 4698 Κεφ.
1217 4612 1261 4676 Ζ’.
1286 4607 1357 4672 Ἐπί
1382 4611 1469 4673 Θεοῦ.

1105 4840 1128 4913 ³)
1146 4841 1181 4896 V.
1202 4858 1258 4897 orn.
1278 4838 1347 4910 μοι’.

1103 4929 1127 5000 ⁴)
1146 4929 1180 4982 V.
1202 4929 1318 4984 desunt.
1338 4931 1441 4981 καὶτοῦ
1461 4931 1538 4981 κακοῦ
1558 4928 1741 5002 κατ”ὰνίιγκην
1760 4933 1815 5002 δογ·

1068 5022 1205 5089 ματίζοντα
1225 5022 1286 5070 ἄλλο
1306 5023 1333 5070 τὸ
1353 5021 1377 5070 τί
1397 5015 1466 5085 ιίναι,
1488 5021 1549 5071 ἄλλα
1569 5023 1594 5072 ii
1614 5024 1641 5073 τὸ
1667 5023 1817 5074 &vetantem

1067 5109 1095 5160 τί
1115 5129 1170 5173 τινι,
1189 5107 1258 5163 Vide
1278 5105 1359 5162 infra
1376 5124 1404 5179 p.
1479 5148 1485 5162 .

1103 5197 1126 5269 ⁵)
1145 5195 1285 5270 Capitula
1297 5195 1393 5252 edidit
1406 5196 1442 5252 A.
1455 5196 1554 5252 Maius
1567 5195 1598 5253 in
1617 5197 1695 5254 Bibt.
1709 5199 1745 5253 N.
1758 5199 1817 5253 PP.

1067 5293 1080 5342 t
1096 5303 1135 5352 ιιι,
1147 5295 1222 5360 part.
1237 5303 1269 5360 ιι,
1281 5305 1308 5360 p.
1324 5287 1411 5343 9301
1425 5285 1488 5343 cod.
1503 5287 1599 5345 Vatia.
1612 5287 1675 5357 n'xr,
1690 5288 1740 5346 fol.
1754 5288 1816 5354 258,
