4022 6072
902 555 940 627 in
955 552 1115 647 psalmos.
1745 565 1782 621 85

236 731 296 795 ἀπό
321 736 399 794 Θεοῦ
424 727 571 816 ἄνθρακες
597 733 625 793 ot
645 727 817 793 ἀπόστολοι
841 739 881 812 τῇ
906 727 980 816 πρός

235 838 333 901 αὐτόν
357 835 462 901 ἑνώσει
485 833 672 923 πυρούμενοι
695 834 749 899 καί
768 843 927 923 φωστῆρες
951 840 982 899 ἐν

237 945 344 1034 κόσμῳ
361 943 552 1032 φαινόμενοι,
565 943 619 1008 καὶ
630 944 698 1032 περί
711 945 813 1006 αὐτῶν
830 944 983 1006 λέλεπται

237 1054 313 1140 πρός
330 1050 390 1124 τὴν
407 1052 619 1140 Ἰερουσαλήμ·
633 1049 737 1138 Ἔχεις
755 1048 908 1137 ἄνθρακας
926 1073 983 1112 πυ-

238 1163 295 1251 ρός,
321 1159 447 1223 καθίσαι
468 1159 514 1224 ἐπ’
533 1157 654 1241 αὐτοὺς,
679 1153 764 1222 οὗτοι
785 1160 910 1222 ἔσονταί
935 1181 982 1220 σοι

238 1268 364 1352 βοήθεια
378 1265 410 1355 ¹).

1037 732 1072 793 ut
1102 727 1210 794 sedeas
1241 749 1336 812 super
1367 726 1457 808 illos,
1487 727 1547 792 tibi
1579 727 1698 794 auxilio
1722 728 1783 816 ipsi

1038 841 1131 903 erunt
1151 885 1178 916 ,.

329 1612 357 1656 r.
387 1592 436 1656 10.
463 1589 522 1652 Καὶ
546 1591 663 1655 ἔκλινεν
687 1590 813 1680 οὐρανόν
839 1589 891 1654 καὶ
915 1581 1048 1674 καπίθη,
1072 1588 1126 1654 καί
1149 1590 1260 1681 γνόφος
1285 1589 1343 1655 ὑπό
1368 1588 1440 1666 τοὺς
1464 1581 1561 1667 πόδας
1586 1592 1694 1655 αὐτοῦ.

450 1701 496 1766 Et
519 1701 688 1766 trutinavit
712 1701 811 1767 coctos
834 1706 863 1766 et
888 1700 1059 1779 descendit,
1084 1707 1113 1765 ct
1135 1701 1237 1783 colipo
1260 1701 1318 1766 sut
1335 1699 1475 1783 peditus
1497 1701 1575 1783 ejus.

282 1919 382 1978 Τοῦτο
406 1913 492 2003 λέγει
510 1924 560 1978 νῦν
578 1918 593 1976 ὁ
613 1903 720 1987 Δαυίδ,
738 1913 787 1977 ότι
809 1913 947 2002 ἀοροίτως
965 1917 980 1976 ὁ

237 2024 312 2099 Θεός
330 2015 448 2094 κατέόη
464 2023 538 2111 πρός
553 2022 589 2085 τό
604 2019 760 2104 βοηθῆσαί
773 2045 826 2107 μοι
842 2021 896 2084 καί
912 2019 983 2094 τοὺς

237 2129 362 2220 ἐχθροὺς
379 2127 631 2218 τιμωρήσασθαι·
650 2127 840 2216 προφητεύει
862 2120 895 2190 δὲ
918 2132 986 2190 λευ-

237 2239 360 2302 κότατα
383 2237 534 2327 περὶτῆς
558 2247 613 2300 τοῦ
645 2238 757 2325 Κυρίου
789 2233 986 2325 ἑνανθρωπή·

240 2367 324 2419 σεως,
338 2343 449 2432 λέγων·
465 2342 610 2404 Ἔκλινεν
627 2340 769 2429 οὐρανοὺς
786 2342 839 2404 καὶ
851 2334 994 2413 κατέθου

238 2455 272 2514 οὐ
296 2449 355 2540 γάρ
379 2441 487 2538 ἔρρηξε
512 2448 583 2524 τοὺς
607 2447 768 2537 οθρανοθς,
793 2439 863 2512 ουδὲ
888 2439 983 2521 δῆλον

238 2558 325 2624 ἔθετο
350 2559 540 2646 μυστήριον,
565 2560 636 2620 ἀλλ’
661 2557 801 2644 ἀφοφητί
825 2555 983 2630 κατῆλθεν

237 2667 288 2732 ἐπί
312 2666 456 2754 τάνγῆν
482 2670 520 2740 ὡς
546 2666 633 2740 υετός
658 2665 709 2728 ἐπί
731 2665 828 2728 πόκον
842 2665 879 2749 ²),
904 2655 984 2729 διότι

238 2767 354 2849 ἄδηλος
365 2770 403 2848 ἦν
417 2774 470 2837 καί
483 2773 636 2844 λεληθυῖα
650 2779 669 2844 ἀ,
686 2771 836 2861 σάρκωσις
848 2770 903 2836 καὶ
915 2772 984 2862 κρό-

183 2971 185 2975 ι
238 2905 303 2972 φιος
319 2887 339 2956 η
356 2885 393 2946 Ιέν
409 2892 449 2966 τῇ
469 2883 628 2969 οἰκονομίᾳ
643 2883 760 2970 πορεία.
783 2877 982 2968 Ιίρυστίθησι·

239 2992 297 3058 Καί
309 2991 420 3082 γνόφος
439 2991 496 3055 ὑπό
514 2989 585 3064 τοὺς
601 2979 699 3064 πόδας
717 2995 822 3070 αὐτοῦ,
840 2992 873 3053 od
892 2988 984 3076 μόνον

238 3098 298 3189 γάρ
315 3097 398 3164 κατὰ
414 3097 474 3170 τὴν
493 3096 631 3168 θεότητα
646 3096 846 3162 παντάπασιν
866 3095 986 3187 ἄγνωσ-

239 3232 301 3290 τυς,
328 3205 409 3270 ἀλλὰ
434 3207 487 3270 καί
510 3205 593 3270 κατέ.
617 3205 758 3281 τὴν“τῆς
791 3205 987 3296 ἑνανθρωπη-

239 3341 313 3390 σεως
330 3315 506 3402 οἰκονομίαν
525 3313 574 3394 (ἢν
594 3305 631 3383 δί,
649 3305 747 3388 πόδας
761 3315 897 3398 οἰητέον)
917 3305 988 3376 δυσ-

240 3423 403 3514 θεώρητος·
420 3425 448 3486 οὶ
463 3421 523 3511 γάρ
539 3411 630 3495 πόδες
649 3420 743 3496 τόπος
761 3421 797 3485 ἀν
815 3420 986 3493 ἑννοηθεῒεν

239 3541 297 3607 τῆς
321 3536 360 3605 ὡς
385 3532 415 3594 ἐν
432 3527 613 3618 πράγμασιν
628 3528 766 3617 πορείας,
789 3527 886 3618 ἤγουν
913 3519 987 3592 διοι-

240 3621 386 3712 κήσεωςῘ
405 3635 546 3700 ἄποπτον
573 3625 606 3698 δὲ
635 3633 786 3723 ἀνθρώπῳ
811 3636 907 3699 παντί
931 3645 986 3699 τοῦ

240 3745 412 3834 μυστηρίου
437 3743 474 3807 τό
493 3741 596 3826 βαίθος·
614 3745 663 3806 ότι
681 3742 735 3830 μέν
752 3741 812 3833 γάρ
837 3742 988 3833 ένηνθφώ-

240 3877 341 3924 πηοεν
359 3856 374 3913 ό
392 3849 571 3940 μυνογενάς,
591 3853 620 3913 έν
637 3851 741 3915 πίστει
763 3841 985 3941 δεδιδάγμεθιι,

243 3963 314 4024 τίνα
331 3952 365 4024 δὲ
388 3959 503 4048 τρόπον
527 3957 632 4031 ἀνείθη
662 3969 699 4042 τῇ
728 3959 818 4048 σαρκὶ
836 3961 889 4022 καὶ
907 3951 986 4024 ἰδίαν

242 4065 396 4154 ἀπέφηνεν
422 4064 535 4142 αὐτήν,
560 4055 713 4128 ἀδύνατον
738 4075 847 4138 νοῆσαι
871 4066 925 4130 καί
948 4071 988 4130 εἰ-

240 4181 318 4236 πεῖν.
343 4172 387 4234 Τό
413 4162 447 4234 δέ
470 4163 589 4243 κατέόη
616 4174 762 4236 λαλεῒται
787 4169 841 4256 μέν
871 4171 988 4261 ἀνθρω-

240 4280 345 4353 πίνως·
363 4279 511 4364 σημαίνει
529 4269 562 4342 δὲ
580 4277 630 4342 ότι
648 4277 792 4342 ἐκένωσεν
810 4279 921 4342 ἑαυτόν
935 4279 989 4343 καί

242 4386 461 4464 ἐταπείνωσεν,
478 4385 599 4476 μορφὴν
614 4377 725 4451 δοόλου
742 4380 847 4451 λαόών
874 4391 889 4450 ό
914 4411 989 4452 παν-

243 4503 343 4582 ταχοῦ
359 4493 475 4583 παρόιν·
495 4495 547 4558 καί
563 4495 676 4587 γνόφου
693 4506 790 4560 πατεῖ
806 4497 860 4560 τόν
873 4496 988 4585 ἡμέτε-

243 4627 292 4692 ρον
306 4601 341 4668 όν
353 4612 416 4691 φῶς
433 4601 596 4682 καλύπτει,
611 4606 645 4668 οὐ
663 4604 774 4680 σκότος
790 4606 988 4694 παρίσταται.

280 5053 301 5128 ¹)
321 5053 362 5110 Is.
382 5068 463 5122 κατι,
485 5049 539 5108 19?

1080 1913 1151 1982 Hoc
1173 1936 1257 1980 nunc
1279 1912 1422 1997 loquitur
1445 1913 1562 1980 David:
1588 1913 1675 1978 Deus
1700 1913 1784 1980 clam

1037 2019 1198 2087 descendit
1221 2021 1253 2086 in
1277 2021 1430 2087 arixilium
1464 2042 1569 2088 mcum
1594 2024 1627 2084 ot
1651 2023 1687 2084 ut
1710 2018 1786 2084 hos·

1039 2131 1086 2192 tes
1117 2129 1300 2213 castigaret.
1324 2128 1528 2196 vaticinatur
1555 2131 1664 2194 autem
1692 2125 1782 2192 lucu·

1038 2232 1143 2300 lenter
1158 2234 1277 2301 Christi
1288 2235 1551 2314 incarnationem,
1565 2234 1685 2299 dicens:
1702 2235 1715 2264 ⁸
1731 2232 1784 2297 In·

1039 2343 1170 2409 clinavit
1193 2343 1297 2409 coelos
1320 2348 1352 2408 et
1368 2342 1527 2408 descendit
1542 2393 1567 2421 ,.
1584 2340 1680 2408 Haud
1702 2340 1786 2405 enim

1040 2453 1143 2520 coelos
1166 2453 1314 2536 disrupit,
1332 2445 1441 2536 neque
1475 2452 1680 2518 manifestum
1708 2450 1786 2515 fecit

1040 2559 1238 2646 mysterium,
1271 2559 1327 2624 sed
1349 2558 1381 2622 in
1414 2558 1599 2624 abscondito
1627 2557 1787 2636 descendit

1028 2667 1078 2736 ad
1095 2671 1224 2748 terram,
1241 2665 1323 2730 sicut
1339 2663 1449 2749 pluvia
1466 2665 1499 2728 in
1515 2663 1627 2744 vallus,
1645 2663 1720 2748 quia
1735 2660 1788 2728 oc·

1039 2774 1127 2841 culta
1139 2777 1208 2840 erat
1220 2777 1253 2839 ct
1264 2773 1428 2860 incognita
1440 2774 1543 2840 carnis
1556 2771 1742 2856 assumptio,
1755 2776 1787 2836 et

1040 2882 1245 2950 absconditus
1268 2881 1301 2946 in
1324 2881 1506 2948 oeconomia
1534 2867 1702 2947 adrentus
1722 2879 1787 2944 Ad·

1040 2988 1107 3055 dit:
1134 2983 1204 3053 ‘'Et
1227 2988 1332 3073 caligo
1355 2987 1415 3053 sub
1438 2987 1571 3072 pedibus
1587 2987 1656 3072 ejus
1672 3010 1705 3066 ,ς
1721 3007 1786 3050 non

1040 3098 1144 3164 solum
1157 3097 1242 3162 cuim
1254 3099 1411 3180 quantum
1423 3095 1463 3161 ad
1479 3094 1679 3169 divinitatem
1692 3113 1786 3178 pror·

1041 3229 1094 3274 sus
1117 3207 1247 3292 ignotus
1270 3209 1328 3285 est,
1354 3203 1409 3270 scd
1434 3203 1531 3269 etiam
1558 3202 1662 3287 quoad
1685 3201 1788 3267 iucar-

1041 3314 1180 3381 nationis
1203 3313 1419 3380 oeconomiam
1444 3314 1538 3396 (quae
1554 3333 1611 3396 per
1628 3310 1724 3395 pedes
1740 3309 1788 3374 i'n·

1033 3420 1217 3505 ⁸talligcnda
1234 3421 1307 3500 cst),
1321 3418 1452 3503 cognitu
1467 3421 1515 3483 est
1527 3415 1675 3482 difficilis.
1690 3414 1788 3480 Pedes

1042 3529 1126 3594 enim
1160 3528 1292 3594 innuero
1320 3532 1453 3613 possunt
1484 3527 1590 3592 locum
1620 3523 1785 3591 incedendi

1041 3635 1131 3719 quasi
1147 3635 1180 3699 in
1197 3639 1297 3715 actus,
1315 3634 1462 3700 videlicet
1476 3632 1648 3698 incolatus:
1670 3631 1785 3714 imper-

1042 3744 1094 3830 via
1123 3747 1230 3810 antem
1266 3746 1315 3808 cst
1344 3743 1458 3825 cuique
1490 3740 1611 3807 homini
1640 3738 1787 3825 mysterii

1042 3849 1189 3916 altitudo.
1214 3849 1305 3925 Quod
1329 3849 1413 3914 enim
1442 3848 1675 3914 humanitatem
1706 3845 1785 3912 Uni-

1042 3958 1171 4043 genitus
1195 3957 1377 4043 assumpsit,
1393 3957 1426 4022 in
1442 3957 1502 4022 fide
1522 3955 1705 4034 didicimus;
1721 3975 1785 4037 quo

1044 4069 1150 4132 autem
1170 4069 1265 4148 pacto
1282 4064 1370 4129 carni
1385 4063 1494 4128 unitus
1511 4061 1563 4141 sit,
1577 4081 1710 4145 eamque
1725 4057 1786 4123 sibi

1043 4172 1206 4257 propriam
1222 4171 1345 4250 feccrit,
1362 4192 1421 4236 nec
1437 4169 1590 4254 cogitare,
1607 4189 1666 4232 nec
1681 4165 1787 4230 dicare

1042 4279 1091 4346 fas
1114 4283 1172 4345 est.
1206 4277 1291 4345 Illud
1321 4299 1397 4342 vcro
1424 4276 1646 4351 “descendit,
1672 4271 1790 4336 dicitur

1043 4390 1183 4455 humano
1206 4408 1305 4467 more,
1333 4387 1503 4468 monetque
1535 4382 1619 4467 quod
1651 4380 1789 4465 seipsum

1043 4495 1216 4561 exinanivit
1248 4498 1282 4558 ot
1309 4490 1508 4571 humiliavit,
1538 4488 1674 4554 formam
1704 4485 1789 4552 serui

1043 4602 1211 4688 accipiens,
1226 4601 1295 4686 ipso
1318 4601 1373 4684 qui
1390 4599 1582 4681 ubicumque
1599 4595 1699 4675 adest,
1715 4615 1789 4659 uos·

1043 4715 1190 4794 tramquc
1221 4707 1391 4793 caliginem
1421 4704 1541 4785 calcat,
1565 4723 1660 4787 quom
1682 4700 1791 4765 lumen

1045 4817 1220 4892 abscondit,
1243 4839 1307 4882 nox
1330 4819 1437 4882 autom
1460 4834 1525 4878 non
1547 4809 1733 4878 circumdat.

1078 5047 1102 5121 ²)
1120 5047 1170 5104 Ps.
1188 5039 1318 5114 amsii.
