3978 6070
521 563 653 636 Iterum
672 565 714 636 de
732 561 862 655 duplici
882 563 1057 637 brutorum
1077 567 1294 640 animali-one.
1626 583 1680 638 133

135 739 238 827 ὥσπερ
262 733 316 800 καί
338 735 376 800 τό
401 744 492 825 σῶμα
514 740 545 802 έν
570 731 595 822 ᾧ
618 737 713 802 ἔστιν·
738 735 776 799 τὀ
794 725 828 800 δὲ
845 729 884 798 αύ
900 729 977 800 εἶναι
993 760 1064 800 τινα
1078 739 1099 825 ¹)
1125 731 1190 815 ζῶα
1214 737 1327 830 ἄλογα,
1347 741 1401 804 καί
1425 741 1469 830 μὴ
1495 743 1553 807 ὑπὸ
1578 741 1679 834 ψυχῆς

132 843 324 934 ἀνθρωπίνης
341 837 585 936 ζωογονούμενα,
604 844 714 910 πιστὸν
732 834 784 909 διά
799 844 854 908 τόν
870 855 928 920 τῆς
945 845 1120 934 μεσότητος
1136 847 1242 937 λόγον·
1260 852 1287 912 εἰ
1303 846 1363 939 γάρ
1380 848 1421 914 τά
1445 851 1499 940 μέν
1521 851 1604 940 ρυτά
1622 864 1678 918 τοῦ

131 955 239 1044 τρίτου
264 951 393 1042 μετέχει
416 963 474 1030 τῆς
490 949 592 1043 ψυχῆς
610 945 718 1035 εἴδους,
736 943 857 1018 ἀδεκτα
873 952 949 1018 όντα
966 950 1067 1044 ψυχῆς
1085 954 1288 1046 ἀνθρωπίνης,
1312 957 1384 1022 τινά
1409 949 1441 1024 δέ
1465 971 1528 1025 τῶν
1553 961 1677 1052 ἀλόγων

131 1055 218 1140 ζώων
242 1059 292 1126 ὑπ’
317 1059 508 1151 ἀνθρωπίνης
532 1057 687 1150 ψυχοῦται
703 1057 817 1150 ψυχῆς,
833 1055 910 1126 εἶναι
928 1051 1029 1134 δήπου
1047 1062 1101 1126 καί
1117 1061 1157 1126 τά
1175 1062 1255 1152 μέσα
1276 1063 1396 1129 τούτων
1422 1068 1599 1157 μετέχοντα
1624 1069 1679 1157 μὲν

90 1199 103 1239 ι
131 1167 235 1245 πάσης
259 1177 319 1244 τῆς
343 1169 461 1260 ἀλόγου
480 1162 572 1246 ζωῆς,
589 1168 644 1233 καί
667 1167 769 1256 ταύτῃ
795 1170 962 1258 κρείττονα
985 1179 1048 1234 τῶν
1073 1179 1176 1259 φυτῶν
1201 1171 1287 1237 ὄντα·
1312 1173 1405 1263 χωρίς
1431 1166 1464 1240 δὲ
1487 1175 1679 1268 ἀνθρωπίνης

131 1284 173 1355 εἰς
197 1275 279 1343 αύτά
301 1276 459 1368 παρούσης
483 1273 586 1367 ψύχης
609 1269 724 1360 ζῶντα,
748 1275 802 1341 καί
825 1275 928 1363 ταύτῃ
953 1286 1016 1341 τῶν
1041 1276 1095 1342 καί
1115 1279 1232 1356 ἐκείνης
1250 1281 1447 1370 μετεχόντων
1465 1285 1599 1374 χείρονα·
1624 1283 1679 1348 καί

129 1398 232 1453 ταῦτα
257 1384 335 1450 ἀλλο
359 1409 396 1450 τε
420 1383 504 1449 ἀλλά
532 1383 689 1476 γίνεσθαι,
715 1383 855 1475 καθάπερ
879 1385 933 1449 καί
957 1394 1020 1449 τῶν
1045 1384 1213 1475 ἀνθρώπων
1237 1389 1316 1453 ἀλλο
1341 1413 1376 1455 τε
1400 1392 1492 1456 ἀλλοι
1517 1383 1678 1482 δαιμονίας

129 1495 288 1572 ἐπιπνοίας
312 1492 507 1585 μετέχουσιν.
533 1501 634 1560 Τοῦτο
659 1494 723 1584 μὲν·
739 1487 790 1560 ούν
819 1492 1010 1570 ἐπιστάσεως
1034 1487 1119 1574 ἀξιον
1143 1495 1197 1560 καί
1219 1490 1442 1586 παραύλητέον
1466 1510 1512 1586 τῷ
1535 1511 1594 1579 τῆς
1619 1525 1679 1590 με·

130 1601 265 1678 σότητος

74 1844 101 1884 ιο
129 1825 152 1890 f.
179 1823 262 1889 184:
286 1819 384 1913 λόγῳ,
408 1821 464 1885 τόν
488 1819 550 1885 ἀπό
573 1831 628 1886 τοῦ
654 1810 774 1887 δεῖσθαι
796 1819 853 1898 τάς
871 1830 933 1886 τῶν
950 1819 1074 1912 ἀλόγων
1091 1817 1192 1911 ψυχάς
1208 1831 1266 1897 τῆς
1291 1819 1484 1914 ἀνθρωπίνης
1507 1821 1609 1916 ψυχῆς
1635 1832 1676 1904 εἰς

129 1929 145 1995 θ
169 1927 352 2018 συνέχεσθαι
374 1927 489 2020 παρ’)
513 1931 622 2010 αὐτῆς,
648 1929 773 2019 μήποτε
797 1927 856 2019 γάρ
880 1937 975 1994 τοῦτο
1001 1927 1056 2016 μὲν
1086 1928 1140 1993 καί
1170 1929 1232 1994 ἀπὸ
1263 1939 1327 1995 τῶν
1358 1931 1542 2022 ἐφεστώτων
1567 1938 1676 2013 αὐταῖς

130 2029 262 2102 δυνατὸν
279 2036 438 2126 ὑπάρχειν,
457 2037 529 2103 ἀνευ
547 2029 580 2104 δὲ
597 2039 771 2128 μεσότητος
788 2037 807 2110 ἢ
826 2039 930 2114 οὐσίας
946 2036 965 2111 θ
984 2033 1065 2118 ζωάς
1082 2037 1101 2110 ἢ
1119 2037 1248 2129 γνώσεις
1266 2029 1419 2105 ἀδύνατον
1432 2043 1673 2133 παραγενέσθαι,

129 2146 182 2210 καί
199 2137 247 2211 δεῖ
259 2170 331 2211 τινα
347 2145 400 2210 καί
417 2147 540 2239 ἀλόγων
557 2140 634 2210 εἷναι
651 2141 737 2226 ζώων
755 2147 842 2237 φύσιν
862 2138 940 2211 ἰδίαν
958 2149 1091 2236 ἔχουσαν
1113 2143 1262 2236 ψύχωσιν,
1287 2149 1390 2241 ὥσπερ
1407 2151 1461 2215 καί
1478 2161 1540 2216 τῶν
1557 2158 1679 2243 ρυτῶν·’
1748 2219 1751 2224 ,

128 2252 181 2317 καί
204 2251 263 2326 τὴν
289 2251 482 2342 ἀνθρωπίνην
513 2251 617 2342 ψυχὴν
642 2257 842 2344 ἁμαρτοῦσαν
866 2245 1025 2320 ἐνδύεσθαι
1049 2253 1109 2324 τὴν
1133 2257 1256 2321 ἐκείνων
1280 2251 1363 2335 ζωὴν
1386 2259 1440 2323 καί
1463 2259 1548 2350 παρά
1572 2261 1673 2351 φύσιν,

73 2383 101 2420 ιο
128 2366 183 2427 ούκ
208 2361 244 2428 ἀν
268 2360 354 2452 παρά
379 2361 467 2452 ρύσιν
492 2364 584 2438 οὔσης
609 2373 666 2439 τῆς
692 2361 932 2450 μεταστάσεως,
956 2365 982 2426 εἰ
1008 2360 1050 2449 μὴ
1077 2351 1208 2427 δυνατόν
1233 2359 1272 2438 ἦν
1304 2362 1406 2440 ἄλλως
1438 2362 1610 2456 ψυχοῦσθαι
1632 2369 1674 2434 τά

128 2469 241 2562 ἀλογα,
265 2469 334 2535 καθ’
360 2471 413 2536 ’ένα
437 2462 470 2536 δὲ
494 2471 587 2561 μόνον
610 2471 726 2561 τρόπον
752 2461 803 2536 διά
827 2466 929 2560 ψυχῆς
950 2468 1152 2560 ἀνθρωπίνης·
1170 2463 1257 2537 οὐδὲν
1274 2471 1335 2563 γάρ
1351 2478 1386 2538 ἐκ
1401 2485 1457 2540 τοῦ
1477 2474 1562 2566 παρά
1586 2476 1674 2565 φύσιν

128 2577 233 2666 μόνον,
258 2579 306 2644 ἀεί
329 2580 452 2669 γίνεται
475 2577 559 2644 κατά
582 2579 689 2669 φύσιν·
714 2579 752 2644 τό
776 2574 828 2644 οὖν
852 2578 958 2644 πάντα
981 2577 1147 2670 γεννᾶσθαι
1170 2579 1255 2670 παρά
1279 2580 1367 2671 φύσιν
1390 2581 1475 2654 πλὴν
1499 2584 1672 2676 ἀνθρώπου,

128 2689 291 2763 παντελῶς
316 2686 445 2755 ἀτοπον.
469 2688 547 2754 ’Ότι
571 2679 605 2753 δὲ
627 2687 713 2779 παρά
729 2687 818 2778 φύσιν
833 2697 903 2763 ταῖς
921 2685 1123 2779 ἀνθρωπίναις
1142 2686 1291 2780 ψυχαῒςιίΙ
1317 2696 1359 2767 εἰς
1383 2690 1424 2756 τά
1441 2691 1552 2784 Ἰἄλογοι
1575 2695 1674 2783 μετά-

127 2788 233 2879 ύασις,
259 2797 293 2861 ού
317 2793 360 2861 τά
382 2797 477 2886 λόγια
509 2796 602 2886 μόνον
627 2788 770 2863 διδάσκει
792 2797 945 2889 λέγοντα·
974 2795 1117 2887 “θεσμὀν
1146 2799 1225 2864 ἀπαί
1248 2799 1426 2890 μακάρων,
1455 2795 1532 2867 εἶναι
1562 2814 1674 2868 τοῦτον

72 2939 99 2976 2⁰
128 2903 245 2970 ἀλυτον
268 2903 327 2978 τλν
352 2903 514 2994 ἀνθρώπου
538 2903 653 2996 ψυχὴν,

454 3114 557 3198 Αύτις,
572 3119 619 3186 ἐπ’
646 3118 813 3211 ἀνθρώπων
837 3121 956 3212 περάαν
982 3123 1048 3208 βίον
1073 3124 1128 3188 οὐκ
1152 3123 1203 3190 ἐπὶ
1227 3121 1338 3213 θηρῶν,

127 3331 167 3412 ῶς
191 3345 249 3413 τῆς
272 3341 313 3412 είς
337 3335 380 3402 τά
403 3335 496 3426 θηρία
521 3337 752 3425 μετοικήσεως,
777 3335 913 3426 ἀθέσμου
937 3329 1019 3416 ζωῆς
1050 3335 1179 3427 ἐκγόνου
1210 3339 1322 3412 οὔσης·
1348 3335 1432 3402 ἀλλά
1457 3336 1511 3401 καί
1540 3335 1672 3402 Πλάτων

128 3449 332 3534 ἀμαρτοῦσων
356 3442 464 3534 ψυχῶν
488 3439 565 3510 εἶναι
589 3443 648 3515 τὴν
673 3443 825 3516 τοιαύτην
850 3442 988 3534 ψύχωσιν
1019 3442 1195 3534 τιθέμενος,
1220 3445 1338 3510 ἀτοπον
1363 3437 1401 3515 δὴ
1427 3445 1465 3510 τό
1498 3445 1597 3533 μόνην
1621 3445 1674 3509 καί

125 3561 227 3618 πᾶσαν
252 3552 312 3624 τὴν
336 3561 399 3617 τῶν
423 3553 546 3644 ἀλόγων
571 3553 720 3618 σύστασιν
745 3551 829 3618 κατά
854 3552 941 3642 φύσιν
959 3551 1002 3641 μιί
1020 3547 1107 3630 εἶναι,
1125 3553 1179 3618 καί
1196 3562 1299 3642 φυτῶν
1320 3553 1374 3618 καὶ
1397 3550 1565 3642 ἀνθρώπων
1588 3551 1673 3617 κατά

69 3689 97 3726 ιι
126 3661 213 3752 ρύσιν
238 3645 418 3754 γενομένων.
444 3662 511 3726 Τίνι
535 3659 594 3752 γάρ
612 3664 701 3727 ἔσται
717 3660 802 3728 κατά
819 3661 907 3752 φύσιν
925 3671 994 3738 ταῖς
1011 3658 1144 3751 ψυχαϊςς
1161 3657 1244 3726 ἀλλά
1259 3671 1358 3726 πᾶσαι
1374 3660 1458 3747 παρά
1474 3661 1561 3752 ρύσιν
1581 3656 1672 3740 ζῶσιν

125 3775 156 3836 ἑν
180 3769 331 3846 τοιούτοις
356 3764 445 3836 οὖσαι
468 3768 619 3860 σώμασιν·
645 3769 728 3836 ἀλλά
751 3781 815 3847 τοῖς
837 3770 988 3861 σώμασιν,
1007 3773 1078 3835 ἀλλ’
1103 3760 1174 3835 οὐδὲ
1196 3769 1320 3845 τούτοις
1344 3769 1428 3834 κατά
1452 3769 1541 3860 ρύσιν
1566 3766 1672 3859 ψυχῶν

124 3873 209 3943 ούσιν
226 3879 366 3971 όργάνοις
382 3876 468 3968 παρά
485 3877 572 3967 φύσιν
591 3883 696 3956 αὐτοῖς
713 3879 889 3967 χρωμένων·
907 3887 969 3942 πᾶν
986 3876 1046 3969 γάρ
1063 3878 1194 3968 όργανον
1210 3875 1295 3942 κατά
1311 3876 1400 3968 ρύσιν
1418 3881 1502 3943 ἐστιν
1520 3888 1575 3942 τοῦ
1592 3903 1674 3967 χρω-

125 3989 217 4077 μένου
241 3987 326 4054 κατά
350 3987 450 4079 φύσιν.
467 3991 504 4052 Εἰ
527 3979 560 4054 δὲ
585 3979 623 4060 δὴ
641 3988 695 4053 καί
712 3979 868 4076 δαιμόνων
884 3989 952 4052 ἐστι
969 3991 1065 4077 ρῦλον
1083 3988 1209 4079 ἀλογον,
1230 3987 1284 4052 καί
1307 3992 1341 4053 ού
1365 3995 1426 4052 πᾶν
1450 3986 1488 4051 τὸ
1513 3974 1672 4076 δαιμόνιον

123 4097 263 4188 λογικόν.
287 4095 355 4162 έπεί
1120 4097 1122 4102 ’

67 4335 96 4372 ³⁰
124 4316 147 4380 f.
166 4317 227 4381 184
240 4335 289 4380 v.:
310 4313 417 4397 ἷπῶςὴ
433 4311 636 4399 Διότιμαί)...
654 4313 688 4375 ού
701 4309 761 4384 τὴν
780 4309 937 4402 ίερατικάν
952 4312 1050 4400 μόνην
1063 4309 1213 4404 γίνεσθαι]
1230 4302 1281 4377 διά
1295 4321 1350 4378 τοῦ,
1365 4300 1524 4398 δαιμονίου
1543 4307 1670 4397 [γένους

124 4427 151 4487 εί
175 4420 217 4512 μὴ
236 4422 311 4512 πρός
327 4421 383 4508 τῷ]
401 4423 521 4511 λογικῷ
537 4421 570 4484 τί
586 4411 745 4509 δαιμόνιον
765 4419 830 4504 [καί
847 4420 961 4510 ἄλογον
979 4415 1035 4500 ἧνς
1054 4411 1101 4485 διό
1118 4419 1183 4507 καὶ]
1202 4419 1245 4484 τά
1261 4419 1356 4509 λόγια
1379 4417 1467 4481 κυσίν
1493 4408 1670 4493 ἀπεικάζειν

126 4527 229 4594 εἴωθεν
254 4529 308 4595 καί
326 4529 426 4620 πηρὸν
443 4532 624 4605 ἀποκαλεῖν,
642 4533 681 4604 ῶς
699 4537 751 4592 νοῦ
767 4527 820 4592 καί
838 4518 974 4604 διανοίας
991 4527 1130 4619 ἀμοιρον,
1145 4538 1210 4604 πῶς
1226 4527 1297 4617 ούχί
1320 4527 1375 4591 καί
1398 4525 1513 4598 θνητόν
1531 4527 1614 4590 ἐστίν
1638 4548 1671 4589 τι

125 4635 223 4724 μόνως
248 4635 362 4728 ἄλογον
386 4637 474 4727 γένος
505 4630 607 4724 ψυχῆς
640 4632 833 4723 ἀνθρωπίνης
866 4634 1024 4725 ἀμέτοχον
1034 4660 1041 4712 ;
1066 4639 1100 4701 ού
1124 4635 1184 4726 γάρ
1209 4659 1268 4700 που
1297 4637 1424 4698 κάκεῖνο
1448 4633 1587 4723 φήσομεν
1610 4633 1670 4696 ύπό

122 4742 273 4819 τοιαύτης
296 4743 457 4835 γεγονέναι
481 4739 595 4832 ψυχῆς,
621 4733 718 4807 ἀίδιον
742 4741 786 4806 όν·
811 4733 881 4807 οὐδὲ
897 4731 996 4807 ἀϊδίου
1017 4743 1124 4834 γένους
1148 4743 1277 4834 ἀλόγου,
1302 4743 1356 4806 καί
1380 4739 1452 4806 ἀνευ
1478 4739 1669 4831 ἀνθρωπίνης

67 4873 94 4910 ³⁵
123 4851 211 4928 ὄντος
234 4848 347 4941 ψυχῆς,
372 4851 487 4925 θνητόν
512 4843 666 4916 ἀδύνατον
682 4845 759 4916 εἶναι
775 4861 917 4916 τοιοῦτον
934 4853 1087 4942 ρησομεν·
1103 4854 1151 4917 ἔτι
1168 4841 1235 4932 δὲἿ
1259 4849 1396 4922 ἑκάστην
1421 4860 1484 4915 τῶν
1511 4839 1599 4914 ἰδεῶν
1624 4845 1668 4934 μθ

122 4960 206 5027 κατά
230 4961 289 5036 τὴν
313 4961 426 5037 ἑαυτλς
453 4953 598 5034 ἰδιότητα
623 4971 685 5025 τῶν
710 4955 797 5040 ζώων
821 4953 886 5034 εἴδη
914 4971 1033 5052 γεννᾶν,
1059 4959 1143 5025 ἀλλά
1166 4960 1269 5036 πάσας
1294 4950 1414 5024 δεῖσθαι
1437 4967 1508 5045 μιᾶς
1531 4956 1606 5045 πρός
1630 4949 1669 5026 ἧν

122 5061 353 5162 ἀντιδιῄρηται,
374 5073 535 5144 παντελῶς
560 5067 688 5133 ἀτοπον·
713 5059 880 5143 δεήσονται
897 5066 956 5158 γάρ
976 5072 1086 5132 αἰτῶν
1111 5067 1234 5158 ἀλόγων
1258 5061 1345 5144 ζώων
1373 5057 1451 5129 ἰδέαι
1475 5073 1547 5152 μιᾶς
1571 5071 1670 5126 πᾶσαι

159 5322 180 5397 Ι)
200 5323 235 5377 Α.
255 5339 311 5377 om.
331 5341 393 5374 τινα.
956 5317 979 5388 ³)
998 5313 1109 5371 Allatio
1128 5331 1257 5388 persona
1275 5313 1403 5371 videtur.

156 5412 179 5486 ἰ)
198 5411 233 5466 Δ.
253 5413 286 5473 εἰς
305 5415 333 5465 τί
353 5410 493 5478 συνέχεσθαι
513 5405 572 5478 παρ’
592 5407 676 5468 αὐτῆς.
956 5407 981 5477 ⁴)
1000 5405 1035 5458 A.
1056 5405 1107 5456 ίστι
1127 5407 1152 5456 όί
1172 5406 1273 5459 ἰκάοτη.
