4006 6074
579 497 756 573 Sententia
774 523 882 592 aeque
894 503 999 589 jnnta
1017 502 1119 574 sortis
1138 501 1340 574 electionem.
1700 513 1736 568 εο

184 683 334 764 γοῦντων,
358 671 412 737 καί
435 671 702 761 ἀποπληροόντων
719 670 778 742 τὴν
794 673 863 762 περί
878 671 936 758 τάς
952 669 1053 763 ψυχάς
1072 672 1220 758 βούλησιν
1238 683 1295 748 τῆς
1312 662 1401 748 δίκης
1419 672 1556 738 ἅπασαν·
1581 664 1652 746 δίκη
1680 674 1735 764 μὲν

186 780 246 874 γάρ
270 780 325 846 καί
348 775 425 857 θεοίς
448 781 630 871 ἐφέστηκεν,
655 782 827 872 φροόρουσα
850 781 910 853 τὴν
927 783 1068 848 ἑκάστων
1087 775 1175 860 ἀξίαν
1193 786 1223 846 ἐν
1240 791 1286 864 τῷ
1302 781 1407 858 παντὶ,
1432 781 1485 845 καὶ
1509 781 1563 845 τόν
1588 783 1657 871 ὅρον
1681 784 1735 846 τόν

188 879 426 979 δημιουργικόν,
450 879 498 954 διό
521 889 643 972 καὶτῷ
668 881 719 975 διῒ,
744 900 809 965 τοῖς
833 898 940 953 τιτᾶσι
963 888 1020 966 τάς
1045 890 1228 982 ἐγκοσμίους
1253 879 1408 978 διανέμειν
1432 883 1737 978 παρασκευαζομένῳ

187 989 304 1079 λήξεις,
329 995 457 1062 ἕπεσθαι
480 997 540 1070 τῆν
565 989 657 1072 δίκην
681 1003 697 1061 ό
722 997 849 1088 Ὀρφεὺς
873 999 982 1087 φησίν·

149 1167 163 1208 ⁶
512 1166 564 1242 Τῷ
588 1151 622 1224 δέ
646 1149 716 1245 δίκῃ
741 1159 927 1233 πολύποινος
951 1160 1105 1248 ἐφέπτετο
1127 1169 1221 1225 πᾶσιν
1246 1159 1364 1252 ἀρωγός
1378 1157 1413 1248 ¹).

191 1326 224 1385 Et
247 1318 306 1413 γάρ
330 1330 423 1386 πᾶσιν
448 1320 565 1411 ἀρωγός
580 1319 776 1407 πολόποινος,
796 1324 822 1385 εἰ
837 1330 882 1404 τῷ
900 1313 1079 1412 δημιουργῷ
1097 1332 1151 1386 τοῦ
1167 1320 1284 1399 παντὸς
1309 1313 1530 1412 συνδιακοσμεῦ
1552 1319 1593 1387 τά
1617 1319 1738 1404 πάντα,

191 1427 266 1496 θεῶν
290 1429 389 1520 ἄρχει,
414 1419 556 1520 δαίμοσιν
571 1482 578 1497 .
594 1481 601 1497 .
615 1481 645 1497 ..

192 1649 215 1714 ί.
229 1651 248 1714 2
264 1670 292 1712 v.
306 1648 374 1713 ead.
388 1647 502 1714 lacuna
514 1649 534 1712 6
547 1667 646 1712 vern:
664 1642 805 1734 αριτικάς
820 1643 974 1712 τοθτων...
991 1634 1171 1732 δυνάμεις...
1185 1643 1244 1720 τῆν
1262 1644 1447 1736 μιμούμενοι
1463 1644 1523 1719 τὴν
1540 1648 1617 1719 ὅλην
1635 1637 1738 1725 δίκην,

193 1754 293 1842 μέτρα
310 1741 343 1818 δέ
360 1752 471 1828 ἄλλαις
488 1752 583 1829 ἄλλα,
600 1750 742 1842 καθάπερ
755 1755 892 1842 εἴπομεν,
906 1741 1114 1841 διανέμοντες,
1131 1753 1259 1818 καὶτῶν
1273 1753 1439 1843 κρινόντων
1456 1757 1533 1842 ὁμοῦ
1547 1758 1610 1830 ..είς
1628 1756 1699 1818 ἀλλ’
1716 1759 1736 1827 ῆ

192 1871 255 1926 τῶν
279 1861 465 1952 κρινομένων
482 1853 671 1951 διαφορότης
686 1852 862 1936 πολυειδεῖς
878 1870 962 1926 ποιεῖ
975 1860 1031 1937 τάς
1049 1863 1170 1951 κρίσεις·
1189 1862 1285 1927 ἄλλαι
1302 1859 1361 1955 γάρ
1379 1863 1478 1938 ἄλλης
1496 1855 1584 1941 ἀξίας
1601 1862 1654 1926 καὶ
1669 1862 1740 1951 περί

193 1970 297 2035 ἄλλων
315 1969 396 2043 άλλη
419 1965 528 2059 ψῆφος·
545 1975 565 2044 nt
585 1968 639 2058 μὲν
656 1971 759 2033 τοίνυν
777 1959 958 2034 διαδικασία
973 1969 1125 2042 τοιαύτην
1143 1971 1275 2059 ἔμφασιν
1291 1971 1368 2059 ἔχει,
1384 1979 1453 2044 ταῖς
1470 1973 1602 2045 πολλαῖς
1626 1965 1740 2057 ψυχαῖς

193 2077 234 2144 τά
250 2077 365 2161 πολλά,
383 2078 436 2142 καί
451 2089 521 2156 ταῖς
537 2072 786 2171 ἐξηλλαγμέναις
802 2077 845 2143 τά
860 2072 1083 2168 ἐξηλλαγμένα
1100 2076 1224 2168 κρίτικά
1242 2078 1342 2167 μέτρα
1359 2069 1584 2143 διατάττοντα·
1602 2073 1672 2140 καθ’
1686 2076 1739 2140 ἕνα

193 2195 255 2250 τῶν
279 2185 443 2275 κρινόντων
468 2196 537 2252 νοῦν
562 2191 604 2262 εἰς
629 2188 702 2275 μίαν
727 2185 965 2275 ἀνατεινόμενον
991 2175 1113 2274 μονάδα
1137 2184 1220 2252 θείαν
1243 2186 1303 2258 τὴν
1328 2177 1430 2259 δίκην.
1448 2186 1481 2249 11‘
1499 2177 1532 2250 δὲ
1555 2185 1694 2260 κέλευσις
1718 2188 1737 2257 η

194 2283 372 2370 δικαστικλ,
398 2292 481 2382 μετά
504 2293 564 2366 τῆν
582 2286 789 2370 διαδικασίαν,
807 2292 975 2371 ἀκόλουθός
991 2297 1076 2358 ἐστιν
1093 2299 1134 2369 είς
1151 2295 1239 2385 ἔργον
1259 2294 1440 2386 προάγουσα
1463 2292 1522 2365 τῆν
1547 2291 1653 2382 νοεράν
1676 2301 1739 2356 τῶν

195 2391 352 2466 δικαστῶν
376 2401 445 2492 περί
467 2400 607 2468 ἑκάστων
632 2404 741 2493 κρίσιν·
757 2402 811 2468 καί
827 2393 923 2476 δῆλον
940 2402 999 2484 ότι,
1025 2393 1193 2492 ἐπειδήπερ
1211 2404 1245 2466 οὺ
1263 2401 1349 2491 λόγῳ
1373 2401 1563 2484 κελεύουσιν,
1587 2401 1689 2490 ὥσπερ
1713 2404 1742 2464 οί

194 2509 328 2574 ἐνταῦθα
345 2501 533 2588 δικάζοντες,
549 2510 801 2600 προστάττουσιν
818 2513 868 2576 ότι
884 2510 944 2602 χρθΙ
964 2509 1073 2576 παθεῖν
1090 2510 1161 2585 τοὺς
1179 2501 1466 2600 διαδικασαμένους·
1484 2509 1567 2575 ἀλλά
1583 2500 1624 2575 δι’
1643 2511 1740 2583 αὐτῆς

194 2628 252 2694 τῆς
275 2609 357 2695 ζωῆς
381 2629 476 2707 χωρεῖ
497 2628 560 2683 τῶν
583 2641 620 2683 τε
644 2617 809 2707 κριθέντων
833 2619 888 2683 καί
918 2627 981 2682 τῶν
1005 2617 1242 2711 ὑπουργούντων
1275 2623 1380 2694 αὐτοῖς
1411 2609 1565 2707 δαιμόνων
1589 2622 1609 2690 ῆ
1634 2606 1742 2682 τοιάδε

194 2725 342 2807 κέλευσις,
366 2735 431 2803 τοῖς
448 2725 504 2814 μὲν
519 2725 699 2816 πορεύουσιν
717 2726 774 2802 τάς
791 2726 889 2818 ἀρχάς
905 2717 1046 2792 ἐνδίδωσι
1061 2737 1120 2802 τῆς
1136 2737 1304 2818 προσεχοῦς
1322 2731 1363 2803 είς
1379 2725 1436 2802 τάς
1454 2724 1554 2815 ψυχάς
1577 2725 1741 2806 ποιήσεως,

194 2845 260 2910 τοῖς
285 2826 318 2899 δέ
340 2834 555 2924 πορευομένοις
578 2843 636 2910 τῆς
661 2835 712 2900 ἐπί
735 2833 806 2910 τοὺς
829 2836 1045 2925 προσήκοντας
1069 2836 1183 2912 τόπους
1207 2835 1357 2910 κινήσεως
1381 2836 1531 2924 ἀνεγείρει
1553 2831 1611 2909 τάς
1635 2831 1742 2923 ὁρμάς·

195 2941 321 3031 φέρεται
345 2941 399 3028 μὲν
424 2939 485 3032 γάρ
508 2941 639 3018 ἕκαστος
653 2943 677 3029 ²)
701 2941 785 3008 κατά
807 2943 863 3007 τόν
887 2947 918 3008 ἐν
942 2947 1044 3026 ἑαυτῷ
1061 2936 1165 3032 νόμον,
1182 2947 1223 3018 είς
1240 2943 1278 3007 τὸ
1302 2943 1419 3031 όμοιον·
1444 2941 1497 3006 καί
1520 2935 1679 3034 ἐπείγεται
1704 2941 1742 3004 τό

196 3047 250 3138 μὲν
275 3053 316 3123 είς
340 3048 478 3138 οὐρανόν,
503 3049 642 3139 οὺράνιον
667 3049 709 3114 όν·
733 3050 771 3116 τό
795 3039 829 3114 δὲ
852 3055 893 3126 είς
917 3059 989 3140 γῆν,
1013 3047 1147 3138 χθόνιον·
1166 3048 1392 3140 προστιθεμένη
1420 3039 1454 3115 δὲ
1467 3097 1558 3114 .....

195 3267 219 3334 f.
236 3271 256 3334 3
272 3267 387 3333 lacuna
407 3267 548 3332 5·vers.:
573 3267 728 3340 ποιήσεως
752 3265 866 3356 τρόπον
890 3264 909 3338 ἦ
937 3263 1139 3353 ἀσώματοςῆ
1164 3259 1411 3356 ἀσωματοείδης·
1434 3267 1536 3332 κοινόν
1561 3257 1595 3332 δὲ
1615 3266 1743 3333 πάντων

195 3374 245 3438 ότι
269 3363 398 3461 δύναμιν
421 3362 579 3438 ἐνδίδωσιν
601 3381 663 3436 πᾶν
687 3373 725 3436 τό
748 3382 854 3436 ποιοῦν
870 3377 912 3449 εἰς
929 3371 966 3436 τό
989 3369 1113 3460 πάσχον
1138 3397 1209 3437 τινα
1232 3373 1340 3438 καὶτὸ
1356 3367 1466 3456 λαόόν,
1489 3377 1598 3440 ἕπεται
1622 3384 1662 3460 τῇ
1688 3385 1744 3438 τοῦ

195 3471 369 3554 δεδωκότος
394 3471 533 3568 δυνάμει·
549 3479 603 3544 καί
620 3484 652 3544 αί
667 3475 764 3569 ψυχαί
779 3481 883 3544 τοίνυν
899 3479 1082 3569 ὡρμημέναι
1098 3480 1151 3544 καὶ
1168 3485 1220 3570 ἀφ’
1237 3485 1357 3546 ἑαυτῶν
1382 3487 1423 3557 είς
1446 3481 1503 3558 τάς
1528 3481 1661 3558 οἰκήσεις
1685 3479 1743 3558 τάς

141 3603 169 3642 2⁵
194 3589 370 3680 πρέπουσας
393 3580 678 3678 προλαμόάνουσιν,
702 3589 756 3655 καί
780 3588 840 3654 ἀπὸ
858 3597 920 3654 τῶν
938 3580 1094 3653 δικαστῶν
1111 3593 1153 3664 είς
1168 3588 1229 3661 τὴν
1245 3587 1292 3653 ἐπ’
1310 3589 1427 3664 ἐκείνας
1449 3591 1575 3677 πορείαν
1600 3581 1743 3679 δύναμιν,

196 3695 249 3763 καί
272 3689 426 3761 λαθοῦσαι
450 3705 624 3780 κινοῦνται,
650 3695 704 3761 καί
727 3701 878 3787 όρμῶσιν,
903 3696 956 3762 καί
979 3697 1038 3762 ὑπό
1065 3705 1128 3761 τῶν
1159 3696 1412 3787 ἐπιτεταγμένων
1443 3699 1554 3772 αόταῒς
1577 3687 1743 3786 δαιμόνων,

196 3805 437 3896 προσεχέστερον
460 3810 613 3872 τελειοῦσι
636 3804 693 3882 τάς
716 3810 835 3871 ἑαυτῶν
860 3804 967 3897 ὁρμάς,
992 3808 1041 3871 ἵνα
1064 3815 1121 3872 τοῦ
1144 3806 1358 3896 προσήκοντος
1375 3803 1521 3894 τύχωσιν.
1539 3805 1600 3869 Καὶ
1623 3804 1745 3877 ταύτην

197 3913 256 3984 τὴν
281 3911 395 3980 ἀνωθεν
419 3913 596 4004 ἐφήκουσαν
620 3913 886 4005 προσθήκηντῆς
911 3905 1081 4003 δυνάμεως,
1106 3914 1246 3979 κέλευσιν
1269 3922 1433 4002 προσεῖπεν
1458 3917 1474 3977 ό
1499 3911 1603 4002 μῦθος,
1627 3904 1745 3978 ἔνδοσιν

198 4017 291 4088 οὖσαν
309 4013 477 4112 δυνάμεως,
490 4027 530 4100 ὡς
546 4021 606 4096 τὴν
621 4023 681 4088 ἀπό
694 4033 752 4099 τῆς
765 4017 846 4103 ζωῆς
859 4013 1119 4104 ἐπιτηδειότητα,
1131 4023 1206 4111 πρός
1223 4012 1321 4095 τήνδε
1336 4019 1397 4093 τὴν
1412 4014 1503 4100 λῆξιν
1519 4023 1745 4115 ἀνεγείρουσαν.

198 4131 259 4195 Καί
276 4128 337 4219 μὴν
361 4130 457 4204 καὶῆ
485 4122 630 4220 διαίρεσις
654 4140 717 4195 τῶν
741 4123 862 4209 λήξεων
887 4132 928 4208 είς
953 4155 988 4196 τε
1011 4129 1084 4206 τοὺς
1108 4121 1245 4205 δικαίους
1268 4128 1419 4221 γενομένη
1446 4129 1499 4193 καί
1525 4129 1597 4206 τοὺς
1621 4120 1746 4204 ἀδίκους

200 4248 349 4329 μαρτυρεῖ
369 4248 434 4312 τοῖς
459 4241 638 4328 εἰρημένοις·
662 4241 699 4304 τό
718 4239 772 4327 μὲν
789 4237 849 4331 γάρ
866 4249 924 4314 τῆς
942 4230 1139 4314 δικαιοσόνης
1155 4228 1234 4314 εἶδος
1252 4228 1345 4310 δηλοῖ
1367 4236 1427 4308 τὴν
1451 4238 1665 4327 αὐτοπραγίαν
1682 4246 1745 4301 τῶν

198 4344 315 4437 ψυχῶν,
339 4345 393 4410 καί
415 4344 475 4416 τὴν
499 4339 588 4424 τάξιν
612 4345 671 4418 τῆν
697 4349 727 4410 ἑν
752 4348 872 4422 αὑταῖς·
896 4345 933 4409 τό
950 4335 984 4409 δὲ
1000 4355 1058 4421 τῆς
1076 4335 1195 4419 ἀδικίας
1215 4342 1275 4414 τῆν
1300 4344 1585 4434 ἀλλοτριοπραγίαν
1609 4342 1663 4406 καί
1685 4341 1745 4413 τὴν

200 4448 342 4532 ἀταξίαν·
366 4453 516 4544 προσήκει
540 4445 573 4520 δέ
595 4479 656 4520 που
672 4448 759 4533 τάξις
776 4453 831 4542 μὲν
848 4465 913 4530 τοῖς
931 4455 1079 4541 οὐρανίοις
1097 4451 1150 4517 καί
1170 4453 1376 4542 αότοπραγία.
1401 4449 1511 4515 Πάντα
1534 4450 1594 4541 γάρ
1618 4454 1684 4516 ἐκεῖ
1704 4447 1746 4514 τά

199 4565 318 4628 ἑαυτῶν
341 4559 477 4651 πράττει
500 4562 553 4627 καί
569 4552 712 4652 διατηρεῖ
727 4571 787 4636 τῆν
805 4560 984 4651 ἀσόγχυτον
1000 4561 1075 4649 πρός
1092 4559 1219 4632 ἄλληλα
1238 4551 1338 4637 τάξιν·
1363 4560 1612 4649 ἀλλοτριοπαγία
1636 4548 1670 4622 δέ
1693 4557 1747 4621 καί

200 4661 315 4747 ἀταξία
328 4718 416 4733 .....

200 4883 224 4949 f.
242 4885 261 4950 3
278 4905 306 4948 v.
322 4881 437 4948 lacuna
454 4883 473 4947 5
490 4903 588 4948 vern:
607 4877 699 4970 βάρος
715 4880 815 4968 ἔχει...
833 4880 949 4970 φόσεως
966 4872 1157 4973 δυνάμεων...
1174 4872 1381 4948 ἑπιδιιόκοντα
1401 4878 1485 4946 κατά
1499 4878 1541 4946 τά
1558 4876 1747 4945 αὐτῶν...τά

202 4986 256 5076 μὲν
272 4985 455 5078 τεταγμένα
467 4995 530 5050 τῶν
543 4985 744 5076 τεταγμένων
758 4986 912 5080 όρέγεται,
930 4992 1061 5054 κάκεῖνα
1079 4982 1205 5056 σπεῦδει
1220 4983 1425 5055 καταλαόεῖν·
1439 4987 1481 5054 τά
1495 4981 1528 5054 δὲ
1545 4989 1671 5053 άτακτα
1683 4997 1746 5054 τῶν

238 5147 262 5222 ¹)
282 5149 412 5220 Orphica
431 5164 523 5204 earm.
541 5166 569 5222 p.
589 5146 650 5219 386,
663 5163 713 5204 xx.
730 5146 852 5205 Gesner.
865 5147 946 5222 Lips.
1001 5148 1106 5205 eodem
1122 5148 1228 5204 Proelo
1247 5147 1278 5204 in
1296 5130 1373 5204 Plan.
1396 5149 1491 5205 Tneot.
1509 5165 1536 5220 p.
1556 5145 1617 5202 363.

202 5240 280 5310 1764,
299 5237 353 5294 ubi
371 5237 494 5310 ίφιίπιτο,
514 5238 590 5294 alias
609 5240 721 5311 ἐφίπιτο.
740 5237 785 5295 Of.
798 5236 868 5293 edit.
888 5243 946 5293 sto·
1037 5238 1060 5311 ²)
1080 5239 1182 5290 ίιιαστον
1202 5237 1266 5293 ποθ.
1285 5237 1343 5295 Τοῦ
1367 5236 1485 5294 laciniis
1505 5235 1675 5308 deterritus,
1694 5233 1747 5291 vix

202 5335 326 5404 reotypa
344 5326 501 5384 Tauchnit.
519 5325 600 5400 Lips.
621 5329 698 5400 1867,
712 5346 739 5400 p.
755 5328 814 5398 149,
831 5344 880 5382 xx.
900 5327 946 5382 Ex
1000 5332 1117 5386 mutare
1136 5327 1298 5402 quidquam
1315 5327 1422 5386 ausim.

345 5452 440 5511 Αιιιο.
460 5471 488 5526 ν,
507 5454 551 5511 2*.
