3978 6070
266 485 302 542 ⁵2
741 476 904 552 eoelestia
921 474 1119 550 animarum
1137 478 1339 570 spectacula.

265 660 306 735 τῇ
321 648 397 740 κόργΙ
413 639 519 739 δώρων
532 648 712 734 ἀπολαύειν,
726 649 793 714 ἐπεὶ
810 638 837 712 δ’
854 647 890 714 ἀν
906 647 1024 714 λυθῶσι
1039 659 1102 715 τῶν
1120 652 1287 739 σωμάτων·
1303 653 1382 718 ’Ότι
1399 643 1433 718 δὲ
1448 653 1502 718 καὶ
1517 653 1652 720 Πλάτων
1665 657 1813 735 τοιαύτας

266 755 351 833 τινάς
376 751 452 822 εἶναι
475 755 533 833 τάς
557 759 621 822 ἐκεῖ
636 757 711 846 φαίη
731 756 767 821 ἀν
784 766 846 820 τῶν
864 755 970 846 ψυχῶν
988 759 1174 848 εὐεργεσίας,
1190 749 1285 831 δηλοῖ
1298 759 1341 825 τά
1357 763 1388 825 ἐν
1410 761 1562 850 Κρατύλῳ
1587 760 1720 853 ῥηθέντα
1743 766 1813 856 περί

265 876 320 931 τοῦ
345 864 538 943 Πλούτωνος,
562 870 602 942 ώς
627 864 686 955 ἄρα
711 856 750 929 δι’
776 867 887 954 ἀρετῆς
908 864 1036 954 κατέχει
1058 863 1133 954 παρ’
1156 867 1258 948 ἑαυτῷ
1282 864 1339 941 τάς
1363 863 1475 956 ψυχάς,
1498 867 1552 931 καὶ
1575 866 1680 959 θέλγει
1704 873 1813 960 σοφίας

265 976 405 1064 πληρῶν,
429 973 482 1036 καί
505 978 534 1039 οἱ
558 972 740 1050 Πλούτωνος
764 968 850 1038 οὗτοι
867 963 976 1061 δεσμοὶ
992 964 1057 1049 δύο,
1075 969 1124 1048 οθς
1140 963 1211 1038 οὐδὲ
1227 979 1259 1038 αῖ
1276 975 1418 1064 Σείρηνες
1442 973 1558 1040 ἐκεῖθεν
1583 975 1726 1044 ἀπελθεῖν
1750 978 1816 1044 ἑθέ-

226 1107 238 1145 ι
265 1083 373 1146 λουσιν
396 1080 599 1171 κηλούμεναι·
623 1080 803 1147 καὶταῦτα
828 1086 970 1169 Σειρῆνες
994 1076 1146 1168 ούσαιςέ),
1170 1090 1236 1156 τοῖς
1259 1082 1462 1157 πλουτωνίοις
1487 1073 1605 1174 δώροις·

531 1308 577 1371 —2-
599 1287 728 1368 Ἐπειδὴ
754 1287 829 1382 iii)
852 1306 917 1372 τοῖς
941 1298 972 1360 ἐν
1003 1305 1050 1379 τῷ
1074 1297 1203 1386 λείμωνι
1226 1297 1369 1374 ἑκάστοις
1399 1298 1481 1364 ἐ’πτα
1503 1312 1548 1376 ζ-

533 1416 578 1478 -ζ-
599 1402 714 1493 ἡμέραι
726 1401 878 1492 γένοιντο,
891 1402 1090 1480 ἀναστάντας
1103 1403 1253 1487 ἐντεῦθεν,
1269 1396 1356 1491 [δεῖν]
1371 1417 1412 1493 τῇ
1427 1409 1481 1497 όγ-
1503 1421 1549 1483 -ξ-

533 1522 578 1585 -ζ-
600 1501 657 1598 δύῃ
683 1509 864 1601 πορεύεσθαι
883 1511 948 1597 [καί
965 1511 1158 1603 ἀφικνεῖσθαι
1173 1515 1391 1604 τεταρταίους,
1415 1513 1482 1580 όθεν
1506 1528 1551 1591 -ζ-

533 1631 577 1694 -ξ-
599 1618 735 1709 καθορᾶν
760 1617 876 1685 ἄνωθεν
901 1612 954 1685 διά
976 1621 1093 1697 παντός
1116 1631 1173 1689 τοῦ
1197 1626 1324 1712 ούρανοῦ
1345 1622 1400 1687 καί
1423 1633 1481 1714 γῆς
1505 1636 1550 1699 -ζ-

533 1739 579 1801 -ζ-
599 1728 773 1816 τεταμένον
798 1737 860 1817 φῶς
883 1727 965 1813 εύθύ,
982 1724 1044 1793 οἷον
1061 1729 1160 1811 κίονα,
1178 1727 1320 1817 μάλιστα
1342 1740 1383 1816 τῇ
1409 1720 1482 1820 ἴριδι
1504 1741 1549 1803 ÷

533 1849 579 1913 ÷
599 1847 766 1927 προσφερῆ,
790 1836 1008 1929 λαμπρότερον
1026 1828 1128 1902 δὲκαὶ
1151 1834 1378 1927 καθαρώτερον·
1399 1843 1440 1914 εἰς
1465 1835 1481 1902 θ
1504 1850 1549 1912 ÷

532 1958 579 2022 ÷
599 1945 765 2035 ἀφίκεσθαι
787 1944 996 2037 προελθόντας
1019 1947 1192 2036 ἡμερησίαν
1216 1936 1304 2028 ὁδόν,
1328 1947 1382 2010 καί
1407 1936 1481 2012 ἰδεῖν
1504 1960 1549 2022 -ζ-

534 2065 579 2128 -ζ-
602 2051 712 2118 αύτόθι
728 2051 812 2118 κατά
830 2053 923 2143 μέσον
941 2054 979 2119 τό
996 2063 1058 2143 φῶς
1075 2055 1110 2119 ἐκ
1126 2064 1181 2118 τοῦ
1198 2057 1325 2144 ούρανοῦ
1342 2052 1384 2118 τά
1401 2053 1481 2145 άκρα
1503 2067 1549 2129 -ζ-

533 2173 578 2236 ÷
601 2163 695 2226 αὐτοῦ
719 2170 782 2226 τῶν
808 2152 929 2244 δεσμῶν
953 2161 1122 2250 τεταμένα·
1146 2156 1300 2254 εἶναιγὰρ
1324 2172 1419 2226 τοῦτο
1443 2163 1481 2228 τό
1504 2175 1549 2238 -ζ-

533 2282 578 2344 -ζ-
601 2279 663 2358 φῶς
687 2260 856 2358 ξύνδεσμον
881 2279 937 2335 τοῦ
961 2274 1106 2361 ούρανοῦ,
1131 2265 1193 2335 οῖον
1217 2268 1259 2334 τά
1287 2263 1482 2360 ὑποζώματα
1505 2283 1551 2346 ÷

534 2389 580 2452 -ζ-
601 2385 664 2442 τῶν
681 2376 841 2468 τριήρων],
863 2377 944 2442 οὕτω
959 2386 1063 2444 πᾶσαν
1081 2377 1211 2468 συνέχον
1228 2375 1287 2450 τὴν
1303 2377 1481 2468 περιφοράν.
1503 2391 1549 2454 -ζ-

313 2593 376 2670 Τάς
401 2592 456 2684 μέν
479 2596 631 2670 νεοτελεῖς
655 2588 767 2681 ψυχάς,
790 2592 845 2657 καί
867 2590 995 2684 πρώτην
1020 2597 1051 2659 ἑν
1075 2601 1130 2658 τοῦ
1154 2602 1269 2667 νοητοῦ
1292 2593 1478 2682 ποιουμένας
1503 2583 1647 2678 κάθοδον,
1671 2597 1687 2658 ό
1710 2596 1742 2660 ἓν
1765 2603 1813 2678 τῷ

268 2693 395 2794 Φαίδρῳ

256 2924 292 2990 'f.
308 2925 381 3003 128,
398 2922 433 2987 in
445 2921 562 2988 lacuna
575 2921 595 2986 4
609 2941 710 2986 verm:
735 2913 1110 3015 ἐξαλλαγμένα...σαν...
1127 2922 1169 2994 είς
1194 2915 1362 3008 φιλοσόφου
1386 2939 1476 3008 γον...
1499 2914 1559 2987 τὴν
1584 2914 1739 3004 ἐλάχιστα
1762 2913 1817 2980 καί

212 3055 240 3092 ει
268 3027 325 3106 τάς
339 3029 438 3105 ἄλλας
450 3053 541 3096 ...να
553 3027 607 3093 καί
618 3027 773 3095 ἐλάσσονα
790 3029 987 3098 τεθεᾶσθαι...
1004 3029 1023 3102 ἢ
1042 3027 1264 3120 μερικοτέρους·
1279 3031 1310 3093 ἐν
1324 3019 1357 3092 δὲ
1370 3025 1492 3102 τούτοις
1508 3024 1651 3114 περὶτῶν
1664 3029 1816 3091 νεοτελῶν

268 3133 375 3226 ψυχῶν
392 3140 475 3224 ἡμᾶς
493 3125 719 3220 ἀναδιδάσκων,
736 3139 808 3202 ἀλλ’
825 3131 858 3217 ἐξ
875 3137 974 3213 ἄλλης
991 3136 1140 3228 γενέσεως
1158 3140 1200 3212 εἰς
1218 3134 1320 3208 ἄλλην
1338 3134 1597 3223 στελλομένωνῆ
1617 3135 1678 3200 ἀπό
1694 3127 1815 3212 λήξεων

269 3241 436 3332 ἀμεινόνων
460 3241 480 3314 ἣ
504 3243 663 3333 χειρόνων,
686 3255 835 3311 τοσοῦτον
860 3239 942 3324 ἀξιοῖ
969 3254 1074 3310 πᾶσαν
1098 3242 1158 3316 τήν
1183 3244 1265 3309 ούτω
1288 3253 1476 3319 κατιοῦσαν,
1501 3240 1644 3332 γενέσθαι
1670 3251 1735 3319 πῶς
1759 3254 1815 3308 τοῦ

269 3348 388 3440 κόσμου
412 3349 537 3441 θεωρὸν,
561 3351 701 3416 καὶτῶν
725 3355 756 3416 έν
772 3355 873 3435 ἑαυτῷ
890 3350 1012 3422 κύκλων
1029 3350 1082 3416 καί
1097 3360 1160 3416 τῶν
1184 3360 1367 3441 περιφορῶν,
1392 3354 1444 3440 ἀφ’
1468 3344 1510 3415 ὧν
1536 3350 1589 3415 καὶ
1608 3341 1816 3440 ὑποδέχεσθαι

268 3459 324 3524 τόν
337 3462 399 3533 κλῆ
405 3482 453 3549 ρον
477 3459 608 3523 ἕκασται
625 3459 800 3547 μέλλουσιν.
816 3460 878 3524 Καὶ
894 3450 1005 3548 μηδείς
1022 3458 1131 3524 οἰέσθω
1147 3468 1242 3524 τοῦτο
1260 3451 1412 3524 ἀδύνατον
1429 3453 1517 3523 εἶναι·
1534 3468 1657 3548 πρῶτον
1683 3458 1738 3547 μέν
1755 3458 1815 3550 γάρ

214 3589 241 3626 ιε
268 3570 299 3632 ἐν
318 3569 403 3650 αύτῷ
419 3558 478 3644 ἔξω
494 3563 649 3654 σωμάτων
666 3561 743 3631 εἶναι
759 3565 816 3642 τάς
832 3562 943 3656 ψυχάς,
960 3560 1039 3642 εἷκος
1056 3565 1098 3630 τά
1114 3568 1145 3630 ἑν
1162 3575 1208 3649 τῷ
1224 3565 1334 3656 κόσμῳ
1352 3568 1473 3654 μᾶλλον
1490 3570 1562 3656 ὁρᾶν
1579 3564 1598 3639 ἣ
1619 3569 1651 3631 έν
1676 3565 1815 3656 σώμασιν

268 3677 370 3751 οὔσας·
385 3676 511 3739 πολλῶν
527 3671 587 3765 γάρ
603 3679 687 3763 ημᾶς
699 3675 737 3739 τό
755 3676 908 3765 όστρέϊνον
922 3684 1017 3740 τοῦτο
1031 3684 1133 3763 σῶμα,
1146 3673 1233 3764 παχύ
1247 3675 1300 3738 καὶ
1312 3671 1436 3762 χθόνιον
1449 3671 1496 3756 όν,
1509 3673 1622 3739 κωλύει
1638 3673 1817 3762 θεαμάτων,

269 3777 310 3846 ὧν
334 3780 377 3846 τά
401 3780 600 3870 ἁπλούστερα
623 3773 848 3872 περιύλήματα
871 3793 934 3847 τῶν
951 3779 1058 3872 ψυχῶν
1077 3780 1259 3848 αἰσθάνεται
1278 3775 1435 3870 μειζόνως·
1451 3780 1518 3846 ἐπεὶ
1541 3780 1596 3845 καί
1618 3792 1712 3846 τοῦτο
1736 3779 1817 3856 τινὲς

268 3891 393 3979 ἔχοντες
417 3885 455 3955 τό
479 3898 580 3977 σῶμα,
597 3881 648 3954 διά
667 3913 760 3954 τινων
784 3889 1017 3981 ἑγχρισμάτων,
1042 3892 1250 3956 αύτοπτοῦσιν
1275 3890 1329 3954 καί
1345 3878 1500 3978 δαιμόνων
1525 3888 1671 3980 σώματα,
1696 3889 1816 3980 ἀόρατα

268 3996 417 4087 πρότερον
441 3997 528 4080 όντα,
545 3995 599 4060 καί
614 3995 719 4061 ἄλλων
736 4006 894 4086 κοσμικῶν
912 3988 1082 4087 δυνάμεων·
1100 3997 1154 4062 καὶ
1170 4000 1204 4062 ού
1222 3989 1274 4062 διά
1289 3991 1371 4074 ζωῆς
1387 3996 1536 4089 κάθαρσιν
1553 3998 1673 4064 τούτων
1693 3997 1816 4090 τυγχά-

214 4144 241 4180 ³0
269 4128 388 4182 νουσιν,
413 4103 497 4170 ἀλλά
520 4094 651 4193 δύναμιν
674 4103 693 4178 ἢ
719 4103 851 4194 φυσικὴν
882 4102 1058 4171 ὲντεθεῖσαν
1082 4104 1326 4197 ὲκκαθαίρουσαν
1354 4105 1392 4171 τό
1416 4106 1546 4172 όπτικόν
1570 4115 1649 4196 φῶς,
1674 4105 1734 4170 ἀπό
1758 4115 1816 4182 τῆς

268 4215 403 4302 παχείας
426 4211 600 4302 ὑγρότητος
623 4222 681 4288 τῆς
706 4213 974 4303 ἀναμεμιγμένης,
999 4213 1053 4279 καὶ
1075 4223 1139 4279 τῶν
1155 4218 1190 4280 ἐκ
1206 4225 1262 4279 τοῦ
1279 4213 1455 4305 ἐγκεφάλου
1478 4213 1738 4304 περιττωμάτων,
1762 4213 1817 4276 καί

269 4323 368 4385 έκεῖνο
390 4329 578 4400 πυκνοῦσαν,
600 4317 655 4382 καί
678 4309 730 4384 διά
753 4329 812 4396 τῆς
835 4319 1019 4397 πυκνώσεως
1043 4324 1207 4414 ρωννῦσαν·
1233 4322 1344 4387 ἔπειτα
1371 4320 1425 4386 καί
1448 4320 1622 4412 μελλούσας
1645 4323 1693 4386 ἐπ’
1718 4319 1814 4385 ἄλλον

271 4428 336 4512 βίον
360 4437 483 4516 χωρεῖν,
510 4425 589 4501 εἰκός
614 4424 755 4515 μάλιστα
777 4426 853 4493 τότε
875 4425 1009 4493 καθόσον
1033 4427 1151 4501 ἑκάστη

270 4644 294 4711 f.
313 4645 376 4710 128
392 4666 435 4725 ν,
451 4643 486 4708 in
500 4643 618 4710 lacuna
634 4643 654 4708 5
671 4665 771 4709 verm:
790 4634 969 4732 ...πράξεις
985 4653 1078 4708 τῶν...
1105 4641 1232 4734 μώσεως
1247 4642 1300 4707 καί
1316 4647 1377 4711 οἱ...
1394 4647 1424 4708 οἱ
1440 4632 1483 4727 δὲ,
1500 4637 1598 4711 ἦττον
1622 4640 1817 4730 ἐφάπτονται

214 4785 242 4824 υς
268 4748 454 4829 ταύτης...
478 4750 497 4825 ἢ
524 4742 563 4816 δι’
585 4753 756 4843 όνείρων,ἣ
783 4743 823 4818 δι’
841 4749 946 4815 ἄλλων
970 4752 1107 4840 σημείων
1132 4759 1290 4840 μαντικῶν
1314 4754 1651 4842 πολυπραγμανοῦντες
1675 4748 1717 4816 τά
1741 4749 1818 4839 μέλ-

268 4862 377 4924 λοντα·
395 4869 461 4938 τοῖς
479 4850 512 4925 δέ
528 4861 617 4948 μέλει
633 4860 687 4924 καί
703 4870 820 4949 καιροῦ,
837 4859 970 4924 καὶτῶν
988 4859 1187 4947 καλουμένων
1205 4869 1384 4951 καταρχῶν·
1401 4858 1439 4924 τό
1455 4853 1507 4924 ούν
1524 4858 1682 4948 ἀνάλογον
1698 4857 1817 4924 οἴεσθαι

268 4965 328 5057 χρὴ
355 4968 410 5033 καί
432 4971 496 5033 ἐκεῖ
519 4960 701 5058 συμύαίνειν
723 4969 795 5056 περὶ
817 4966 873 5044 τάς
898 4963 999 5057 ψυχάς
1017 4972 1058 5044 εἰς
1075 4968 1177 5041 άλλην
1198 4967 1317 5058 γένεσιν
1342 4967 1562 5058 στελλομένας·
1586 4966 1634 5032 ἔτι
1656 4967 1760 5031 τοίνυν
1785 4971 1817 5032 αἱ

306 5213 328 5284 ¹)
347 5214 470 5288 Aliquid
488 5215 617 5272 fortasse
637 5215 787 5273 exciderit.
1066 5217 1120 5275 bet
1138 5218 1211 5289 μίχρι
1231 5221 1273 5271 τοῦ
1292 5219 1355 5270 οὕτω
1374 5224 1428 5270 κτλ
1443 5215 1509 5273 edm
1522 5214 1589 5272 add.
1603 5221 1661 5284 δεῖν,
1677 5214 1756 5288 quod
1774 5214 1816 5272 vi·

305 5301 329 5376 ⁸)
341 5302 478 5376 Reipubl.
491 5321 519 5376 x,
532 5323 559 5378 p.
572 5305 634 5360 312.
648 5303 718 5363 cod.
731 5308 799 5378 post
812 5306 954 5378 πορεύεσθαι
965 5305 1016 5362 ha·
1068 5305 1155 5363 detur
1173 5305 1261 5379 plane
1279 5304 1409 5362 otiosum
1426 5303 1679 5378 impedimentum.
