3978 6070
246 3978 273 4016 30

297 539 350 594 118
579 529 767 602 Hominum
783 552 849 622 per
866 529 1016 602 homines
1035 537 1066 603 et
1085 529 1185 604 bruto
1203 531 1505 624 metempsychosis,

299 701 469 791 φάσκοντες
486 701 754 790 συναλλοιουμένῳ
778 711 843 777 τοῖς
859 700 1035 790 περιέχουσι
1051 701 1104 767 καὶ
1121 695 1436 793 συσχηματιζομένῳ,
1452 701 1505 768 καί
1520 701 1579 794 γάρ
1597 707 1628 769 ἐν
1645 710 1720 794 ἡμῖν
1738 699 1841 788 οὖσαν,

298 810 444 875 τουτέστι
467 820 532 885 τοῖς
548 809 709 898 ἡμετέροις
726 808 876 898 σώμασιν,
895 803 972 874 εἶναι
988 811 1130 898 λογικήν·
1148 811 1201 874 καὶ
1218 814 1248 876 ἐν
1269 822 1335 888 τοῖς
1358 820 1421 875 τῶν
1447 812 1581 903 ἀλόγων,
1605 813 1732 903 ἄλογον.
1757 815 1843 880 Ἐπεί

298 909 325 980 δ’
345 912 395 981 οὖν
416 928 516 982 ταῦτα
539 921 667 993 πολλοῖς
693 908 730 990 δή
756 941 836 981 τισιν
860 917 980 1007 ήρεσεν,
998 915 1054 992 τάς
1072 916 1127 1006 μέν
1146 910 1375 1008 ἀκριύεστάτας
1392 917 1512 984 τούτων
1532 914 1698 1006 ἐξετάσεις,
1723 927 1753 987 ἐν
1778 935 1842 999 τοῖς

298 1032 338 1101 εἰς
363 1026 422 1096 τήν
447 1016 643 1109 Παλινῳδίαν
666 1031 742 1115 ἡμῖν
767 1035 822 1090 τοῦ
847 1017 985 1114 Φαίδρου
1002 1026 1227 1116 γεγραμμένοις
1242 1023 1267 1112 ¹)
1284 1027 1496 1117 πεποιημένοι,
1518 1031 1665 1120 περιττόν
1682 1031 1843 1122 ἡγούμεθα

298 1135 351 1198 καί
368 1138 398 1199 ἐν
415 1134 538 1209 τούτοις
562 1129 647 1210 αὖθις
672 1127 823 1224 ἀριζήλως
849 1133 995 1224 εἰρημένοι
1020 1138 1050 1200 ἐν
1075 1136 1199 1212 ἐκείνοις
1224 1135 1454 1228 μυθολογεύειν·
1473 1137 1632 1229 συντόμως
1650 1129 1683 1205 δὲ
1700 1139 1741 1205 τά
1764 1165 1843 1228 ουρ.-

296 1243 486 1335 περάσματα
510 1253 572 1308 τῶν
598 1247 663 1308 ἐκεῖ
684 1242 896 1331 πεπιεσμένων
914 1241 1048 1308 ἐνταῦθα
1069 1243 1295 1334 παραθώμεθα,
1313 1234 1363 1310 διά
1379 1244 1416 1308 τό
1438 1236 1519 1335 μηδὲ
1534 1247 1589 1311 τόν
1612 1248 1708 1313 τόπον
1732 1259 1842 1313 τοῦτον

298 1353 511 1442 ἀνενόχλητον
535 1354 594 1418 ὑπὸ
611 1361 673 1416 τῶν
690 1345 854 1442 ἐξηγητῶν
873 1349 1110 1442 ἀπολειφθῆναι,
1128 1362 1190 1416 τῶν
1209 1343 1259 1418 διά
1279 1353 1316 1419 τό
1341 1345 1446 1446 δόγμα
1469 1365 1565 1422 τοῦτο
1587 1358 1661 1447 πρός
1686 1359 1843 1435 ἀλλήλους

299 1462 516 1552 ἀντιρρήσεων.
540 1461 686 1552 Λέγωμεν
698 1459 724 1546 ²)
742 1451 769 1524 δ’
787 1453 839 1524 οὖν
856 1457 904 1527 ότι
919 1459 1043 1536 πάντως
1062 1461 1117 1551 μέν
1136 1460 1219 1527 κατά
1236 1461 1295 1534 τήν
1314 1463 1479 1540 Πλάτωνος
1497 1461 1608 1555 ψῆφον,
1630 1467 1768 1554 μετιέναι
1784 1467 1842 1538 τήν

298 1567 400 1658 ψυχήν
418 1573 459 1645 εἰς
484 1569 586 1660 ἄλογα
609 1562 675 1646 ζῶα
699 1559 751 1633 διά
774 1567 834 1642 τήν
860 1567 1037 1659 ὁμοιότητα
1059 1581 1117 1646 τῆς
1142 1565 1223 1650 ζωῆς
1247 1571 1300 1634 καί
1316 1577 1408 1660 ἡμεῖς
1424 1572 1535 1663 φαμέν,
1561 1577 1632 1638 ἀλλ’
1658 1577 1713 1638 οὐκ
1736 1577 1844 1639 ἐνοικί-

299 1673 407 1757 ζεσθαι
429 1687 495 1753 τοῖς
519 1676 659 1768 σώμασιν
685 1679 797 1741 αὐτῶν·
823 1683 855 1741 αἱ
871 1676 930 1768 γάρ
948 1679 1075 1768 φυσικαί
1091 1671 1308 1771 διοργανώσεις
1329 1680 1487 1770 μάχονται
1510 1684 1584 1772 πρός
1608 1683 1667 1755 τήν
1692 1684 1842 1756 τοιαύτην

300 1781 520 1872 κατάταξινέγ·
546 1791 576 1852 ἐν
601 1787 706 1877 σχέσει
731 1777 764 1852 δὲ
788 1787 865 1878 μόνῃ

298 2007 321 2073 f.
339 2009 420 2074 170:
437 2015 494 2081 τῆς
508 1999 589 2083 ζωῆς
606 1995 795 2091 [συνδεῖσθαι
810 2005 884 2096 πρός
900 2003 960 2079 τήν
977 2007 1101 2071 ἐκείνων
1119 2002 1233 2096 ψυχήν,
1252 2005 1289 2070 τό
1306 2011 1417 2072 οίκεῖον
1435 2017 1526 2097 σῶμα
1542 2004 1742 2098 ψυχύσασαν,
1757 2000 1843 2075 ούδέν

298 2117 368 2202 τῆς]
388 2112 579 2204 ἀνθρωπίνης
596 2105 857 2206 προδεομένηνθ).
878 2117 989 2200 [Τοῦτο
1003 2113 1127 2207 γάρκαὶ
1140 2119 1166 2201 ό]
1184 2120 1337 2192 Ἀσιναῖος
1350 2107 1507 2205 Θεόδωρος
1522 2116 1614 2191 αὐτὸς
1626 2124 1748 2205 πρῶτος
1765 2121 1844 2182 ἑτοι-

299 2217 404 2311 μάζων
421 2223 456 2307 ⁶),
481 2222 534 2287 καί
557 2228 641 2312 ἡμᾶς
659 2223 806 2294 ,ἀνέπεισε
823 2233 942 2313 φρονεῖν
960 2223 1066 2288 τεκαὶ
1082 2222 1220 2314 γράφειν·
1239 2222 1405 2288 συνάπτειν
1424 2213 1457 2287 δέ
1472 2223 1611 2294 ἑκάστην
1628 2223 1664 2288 τὸ
1680 2223 1840 2314 πρόχειρον
1886 2273 1890 2276 -

298 2330 394 2407 πάθος
413 2330 720 2420 συνεφελκυσάμενον
745 2330 783 2396 τό
807 2341 865 2407 τῆς
889 2328 991 2421 ψυχῆς
1015 2330 1107 2407 κύτος
1124 2335 1164 2406 είς
1180 2330 1240 2402 τήν
1257 2335 1368 2396 ἑαυτοῦ
1393 2324 1512 2413 ζωήνὸ)
1533 2331 1587 2395 καὶ
1610 2331 1720 2421 ὁρμήν.
1745 2339 1844 2397 Τοῦτο

299 2441 437 2532 γάρκαὶ
462 2447 478 2506 ὁ
502 2439 600 2530 μέγας
626 2445 736 2516 ίκανῶς
759 2432 961 2513 κατεδήσατο
978 2444 1147 2522 Πλωτῖνος,
1165 2437 1239 2504 ὥστ’
1265 2439 1346 2528 ἐχειν
1371 2444 1454 2527 ἡμᾶς
1477 2437 1551 2528 παρ’
1576 2439 1769 2530 ἀμφοτέρων,
1793 2441 1845 2504 καὶ

300 2552 332 2613 τί
356 2549 394 2614 τό
420 2539 598 2614 συνδετικὸν
622 2554 711 2638 ἡμῶν
735 2549 810 2639 πρός
833 2547 875 2613 τά
898 2548 1012 2638 ἄλογα,
1029 2549 1082 2612 καί
1099 2549 1149 2612 ότι
1164 2545 1261 2622 πάθος
1279 2546 1333 2636 μὲν
1355 2546 1501 2639 συγγενές
1525 2539 1558 2612 δέ
1582 2549 1717 2630 ἐκείνοις,
1743 2545 1785 2624 οἷς
1810 2549 1844 2612 ἂν

300 2651 515 2746 συνδεώμεθα·
540 2669 651 2747 κρατεῖ
672 2656 731 2748 γάρ
756 2657 810 2721 καί
833 2659 957 2722 ἐκείνων
982 2657 1061 2721 ἀλλο
1085 2659 1116 2720 ἐν
1141 2655 1259 2740 ἄλλοις,
1280 2657 1332 2720 καί
1349 2659 1380 2720 ἐν
1404 2661 1479 2745 ἡμῖν
1504 2655 1583 2720 ἀλλό
1607 2661 1639 2722 ἐν
1664 2655 1782 2733 ἄλλοις,
1805 2659 1843 2722 τό

300 2761 335 2831 οὗ
352 2767 375 2854 ⁷)
399 2777 561 2857 κρατῆσαν
586 2771 616 2832 ἐν
642 2773 718 2857 ἡμῖν
743 2757 849 2830 συνδεῖ
869 2767 943 2856 πρός
966 2767 1004 2830 τό
1033 2769 1063 2830 ἐν
1092 2765 1218 2840 ἐκείνοις
1246 2775 1390 2855 κρατοῦν,
1418 2763 1471 2828 καὶ
1503 2763 1609 2853 μέντοι
1639 2764 1693 2828 καὶ
1722 2762 1800 2839 ὅπως
1824 2769 1843 2836 ἡ

301 2876 421 2965 συναφή
446 2876 567 2940 τούτων
592 2877 722 2966 γίνεται,
746 2875 800 2939 καί
824 2875 873 2940 ὅτι
897 2873 981 2939 κατὰ
1004 2871 1064 2946 τήν
1088 2877 1119 2938 ἐν
1144 2871 1248 2962 σχέσει
1268 2866 1362 2958 ζωήν,
1380 2876 1410 2938 ἐν
1435 2878 1510 2962 ἡμῖν
1535 2869 1590 2960 μέν
1615 2870 1675 2964 γάρ
1698 2871 1845 2963 πάρεστιν

299 2989 319 3057 ἡ
345 2982 484 3074 ἡμετέρα
507 2980 603 3072 ψυχή,
629 2973 724 3055 δῆλον
742 2987 781 3057 ὡς
799 2986 829 3046 ἐν
847 2973 1031 3060 κατατάξει,
1048 2979 1101 3043 καί
1117 2982 1148 3044 ἐν
1164 2989 1229 3056 τοῖς
1247 2979 1373 3071 ἀλόγοις
1390 2986 1409 3053 ἡ
1429 2985 1460 3045 ἐν
1477 2983 1592 3057 αὐτοῖς·
1612 2987 1633 3064 ἡ
1658 2972 1691 3045 δὲ
1713 2983 1746 3046 ἐν
1769 2987 1845 3071 ἡμῖν

298 3094 373 3178 πρός
397 3091 456 3164 τήν
480 3095 510 3157 ἐν
535 3093 659 3167 ἐκείνοις
683 3095 713 3156 ἐν
739 3089 845 3179 σχέσει
868 3088 1019 3179 γενομένη
1046 3084 1130 3176 ψυχή
1156 3089 1194 3152 τό
1220 3087 1335 3177 ἄλογον
1364 3082 1474 3167 ἔξωθεν
1498 3094 1661 3179 ἐφεστῶσά
1685 3101 1846 3180 σχετικῶς·

299 3201 366 3267 ἐπεὶ
388 3200 442 3264 καί
466 3203 496 3265 ἐν
522 3190 665 3289 δαίμοσιν
690 3200 811 3289 γίνεται
834 3196 887 3260 καί
910 3200 941 3261 ἐν
966 3193 1056 3272 θεοῖς,
1073 3195 1126 3258 καί
1143 3185 1263 3282 δαίμων
1281 3193 1365 3260 κατά
1383 3196 1488 3286 σχέσιν
1513 3199 1567 3262 καί
1591 3198 1669 3281 θεός,
1694 3203 1766 3264 ἀλλ’
1791 3203 1847 3264 οὐκ

302 3299 512 3396 αύτοδαίμων,
525 3308 579 3371 καί
593 3303 785 3392 αύτόθεοςε),
804 3299 845 3369 ὧν
862 3310 881 3378 ἡ
901 3296 1027 3392 ύπαρξις
1044 3305 1128 3368 ἐστιν
1146 3293 1289 3393 δαίμοσιν
1302 3304 1463 3394 πρέπουσα
1480 3307 1533 3370 καί
1549 3305 1637 3384 θεοῖς.
1650 3307 1771 3372 Ἔοικεν
1787 3308 1847 3398 γάρ

301 3417 354 3480 καὶ
378 3417 429 3481 ἐπί
451 3417 488 3480 τό
513 3415 576 3480 ἀνω
601 3406 818 3481 διαύάλλουσα
841 3414 895 3478 καί
919 3414 970 3479 ἐπί
992 3414 1030 3477 τό
1054 3412 1152 3490 κάτω,
1177 3412 1317 3504 γίνεσθαι
1333 3413 1439 3478 πάντα
1462 3419 1492 3480 ἐν
1518 3416 1624 3505 σχέσει
1646 3417 1699 3481 καί
1724 3417 1764 3482 τά
1788 3420 1845 3508 πρό

301 3529 398 3601 αὐτῆς
422 3525 476 3590 καὶ
500 3523 541 3589 τά
566 3530 636 3614 μετ’
655 3523 765 3606 αὐτὴν,
783 3523 836 3586 καὶ
853 3520 1047 3611 συμφύεσθαι
1063 3531 1150 3589 πᾶσι.
1168 3529 1282 3612 Ψυχῆς
1299 3521 1359 3613 γάρ
1374 3522 1473 3600 όντως
1491 3523 1605 3601 ἀληθὲς
1625 3529 1656 3590 ἐν
1680 3537 1746 3602 τοῖς
1771 3529 1846 3610 βίοις

301 3627 389 3712 τάξιν
414 3638 469 3699 οὐκ
493 3637 614 3718 ἐνεῖναι,
638 3629 781 3722 φέρεσθαι
805 3621 838 3696 δὲ
862 3629 962 3700 αὐτόν
986 3629 1031 3719 ἐφ’
1048 3628 1193 3720 ἑκάτερα,
1210 3629 1265 3694 καὶ
1282 3631 1373 3720 μέχρι
1396 3630 1424 3695 τ’
1444 3629 1572 3722 ἀγαθοῦ,
1598 3633 1651 3697 καὶ
1675 3633 1767 3723 μέχρι
1790 3645 1845 3698 τοῦ

301 3741 476 3830 Ταρτάρου·
500 3741 554 3806 καὶ
576 3739 716 3832 γίνεσθαι
740 3731 790 3804 διά
815 3738 869 3830 μέν
891 3749 962 3803 νοῶν
988 3737 1102 3801 καὶτὸ
1133 3736 1207 3827 ὑπὲρ
1239 3747 1307 3802 νοῦν
1340 3729 1502 3826 δαιμονίαν
1534 3739 1588 3802 καί
1612 3738 1713 3822 θείαν,
1739 3731 1790 3804 διά
1813 3731 1846 3804 δὲ

299 3843 399 3940 ὄρεξιν
424 3849 539 3938 ἀλυγον
564 3850 618 3914 καί
641 3857 772 3941 γνῶσιν,
798 3847 876 3912 ἄλλο
901 3846 955 3912 καί
979 3845 1057 3912 ἄλλο
1081 3872 1113 3910 τι
1135 3855 1198 3910 τῶν
1224 3846 1358 3938 ἀλόγων.
1378 3845 1454 3911 Ὅτι
1479 3837 1513 3912 δέ
1536 3847 1590 3912 καί
1613 3851 1629 3911 ό
1655 3846 1787 3913 Πλάτων
1812 3850 1846 3912 ού

300 3969 364 4034 τοῖς
390 3957 529 4048 σώμασιν
554 3951 694 4035 ἑνοικίζει
719 3967 783 4032 τοῖς
804 3966 867 4020 τῶν

301 4177 324 4241 f.
352 4177 414 4242 170
438 4198 487 4241 v.:
515 4172 651 4265 [ἀλόγων
675 4172 735 4245 τήν
759 4171 915 4263 ἡμετέραν
932 4168 1045 4260 ψυχήν,
1065 4169 1149 4236 ἀλλά
1168 4181 1234 4248 τοῖς
1249 4163 1311 4244 ήδη
1338 4166 1485 4250 ζῶον...
1508 4171 1568 4245 τήν
1586 4171 1640 4262 μέν
1657 4177 1699 4249 είς
1722 4172 1845 4256 κύκνον,

301 4284 360 4356 τήν
386 4275 419 4348 δὲ
444 4289 484 4360 είς
508 4283 664 4373 τέττιγα]
692 4280 750 4352 τὴν
776 4272 809 4346 δὲ
833 4285 875 4356 εἰς
898 4281 1002 4364 ἀετὸν,
1027 4278 1086 4354 τήν
1111 4271 1145 4346 δὲ
1161 4285 1200 4357 εἰς
1215 4332 1221 4345 .
1237 4331 1264 4345 ..
1288 4280 1349 4354 τήν
1367 4273 1400 4346 δέ
1418 4271 1579 4346 ἐνδύεσθαι
1602 4279 1735 4354 πίθηκον
1759 4281 1847 4370 μάλα

339 4570 361 4644 ¹)
380 4571 509 4626 Notatur
521 4567 552 4624 in
565 4567 715 4640 margine:
728 4569 849 4626 Ζητητέον
863 4589 899 4621 σα
913 4574 944 4621 τὰ
958 4570 990 4630 εἰς
1005 4571 1045 4622 τιν
1101 4569 1233 4644 populari
1250 4567 1362 4642 nequit,
1381 4565 1503 4639 organis
1525 4565 1667 4623 rationali
1685 4565 1768 4640 operi
1786 4565 1849 4621 ido-

302 4666 410 4732 Φαῖδρον
429 4665 472 4713 τοῦ
492 4664 624 4721 Πλάτωνος
645 4663 686 4712 τοῦ
707 4661 820 4730 Πρόκλου
840 4661 934 4726 σχόλια.
1099 4662 1172 4720 nois.
1191 4662 1261 4734 Ipse
1280 4677 1350 4716 mox
1368 4659 1493 4715 Proolus
1511 4675 1576 4715 rem
1587 4657 1665 4714 hano
1684 4661 1779 4714 rotam
1798 4675 1849 4729 ap-

338 4752 361 4825 ²)
380 4753 416 4808 A.
434 4751 547 4825 λέγομεν.
1099 4751 1223 4827 pollebit
1234 4751 1444 4823 figmentorum
1457 4749 1616 4821 pelagus».
1628 4748 1662 4804 P.
1672 4747 1733 4817 675,
1747 4753 1807 4804 not.
1821 4750 1849 4804 2.

337 4841 361 4915 3)
380 4839 607 4896 Exoandeeoens
631 4838 745 4895 Maius:
763 4836 1046 4895 «Absurdissimum
1099 4843 1143 4901 Of.
1163 4863 1191 4916 p.
1213 4843 1273 4915 120,
1292 4842 1335 4912 28,
1354 4841 1397 4897 29.

301 4929 593 5003 metempsychoeeoe
612 4928 649 4985 ab
662 4927 781 4984 homino
794 4927 825 4983 in
844 4927 936 4984 elium
954 4928 1046 4984 homi·
1134 4936 1158 5008 ⁴)
1176 4933 1215 4990 M.
1235 4932 1423 5004 προσδεομένην.

301 5039 378 5092 nem,
391 5021 440 5078 vsi
453 5017 544 5076 etiem
556 5017 588 5076 in
600 5019 698 5091 brute,
713 5018 893 5076 sententiam
905 5017 973 5091 quis
982 5017 1047 5091 jem
1135 5025 1158 5100 b)
1175 5023 1216 5080 M.
1235 5019 1385 5092 ῖπιέάιλον,
1405 5020 1436 5076 in
1453 5020 1520 5078 loeo
1538 5038 1617 5078 nuno
1639 5019 1773 5092 evernide,
1794 5019 1851 5076 ssd

301 5111 431 5168 refutare
456 5109 593 5167 laboret?
613 5109 696 5177 Quae
716 5115 747 5165 et
770 5107 862 5183 impin
880 5117 943 5177 est,
963 5108 1047 5164 nullo
1101 5119 1205 5170 contro
1222 5112 1258 5166 A.

301 5219 423 5275 prorsus
449 5199 642 5257 fundamento
661 5198 746 5269 nixo,
767 5217 901 5272 quaeque
924 5198 973 5256 vel
991 5199 1048 5254 hoo
1135 5205 1158 5277 ὅ)
1177 5207 1213 5258 A.
1232 5205 1252 5256 f.
1274 5200 1335 5256 106.

302 5307 370 5359 uno,
390 5295 425 5345 ut
443 5289 487 5344 eit
504 5288 570 5345 heio
582 5289 716 5360 Procius,
730 5293 906 5362 argumento
926 5288 1049 5346 subvsr·
1136 5293 1158 5355 ⁷)
1178 5291 1224 5346 M„
1236 5294 1264 5343 τῖ
1284 5289 1323 5342 οὖν
1343 5295 1447 5360 κρατῶν
1467 5288 1586 5346 omissis
1604 5286 1798 5362 interpositis.

303 5379 387 5451 titur,
408 5379 487 5453 quod
505 5397 609 5453 nempe
635 5379 789 5438 rationalm
816 5378 914 5437 enims
933 5379 1049 5451 corpori
1137 5378 1160 5453 8)
1179 5378 1214 5434 A.
1235 5379 1295 5432 αὐτὸ
1315 5379 1411 5450 δαίμων
1432 5385 1474 5431 καὶ
1494 5380 1553 5433 αὐτὸ
1574 5381 1631 5439 θεός.
