3940 6072
817 516 1017 594 Hermetica

219 1133 280 1192 Τοῦ
305 1125 417 1218 Ἑρμοῦ
440 1125 514 1216 πρὸς
539 1123 687 1214 μαθητὴν
713 1128 807 1190 αὑτοῦ
832 1123 1024 1198 Ἀσκλήπιον
1049 1123 1118 1216 περί
1142 1127 1282 1210 βοτανῶν
1307 1134 1369 1190 τῶν
1396 1127 1437 1209 ιβ’
1461 1118 1479 1204 ζ
1507 1114 1579 1190 δίων
1595 1122 1629 1208 ¹).

195 1341 286 1431 Κρίου
310 1340 518 1429 ἐλελέσφακον
531 1337 568 1424 ⁸).
585 1339 706 1431 Ταύρου
723 1341 925 1430 περιστερεὼν
942 1339 1027 1432 ὀρθά.
1046 1332 1186 1430 Διδὺμων
1203 1339 1404 1432 περιστερεὼν
1421 1342 1529 1410 ὑπτία.
1546 1341 1698 1430 Καρκίνου

146 1445 319 1536 σύμφυτον.
345 1447 474 1523 Λέοντος
499 1446 704 1535 κυκλώμινον.
729 1447 885 1537 Παρθένου
901 1446 1093 1536 καλαμίνὺα.
1111 1449 1211 1540 Ζῦγου
1232 1451 1439 1539 σκορπίουρος.
1465 1449 1619 1538 Σκορπίου
1644 1451 1698 1536 ἀρ-

144 1556 273 1646 τεμισιά
288 1557 322 1636 8).
347 1550 486 1634 Τοξότου
511 1556 662 1649 ἀναγαλίς
686 1555 767 1647 πορά
790 1557 844 1621 καί
867 1557 976 1630 κυανή.
1003 1557 1211 1647 Αἰγοκέρατος
1235 1556 1389 1626 λάπαθον.
1418 1547 1586 1647 ’Υδροχὺου
1619 1547 1699 1646 δρα-

144 1667 266 1750 κοντία.
290 1664 418 1754 Ἰχθύων
444 1665 659 1754 ἀριστολοχία.

192 1772 318 1848 Ταὺτας
343 1764 377 1837 δέ
400 1771 457 1849 τάς
483 1773 618 1856 βοτάνας
643 1763 705 1838 δεῖν
730 1772 889 1864 συλλέγειν
907 1773 961 1837 καὶ
976 1774 1163 1862 χολοποιεϊν,
1182 1775 1257 1837 ὅταν
1274 1772 1398 1864 ὑπάρχῃ
1424 1777 1441 1836 ὑ
1464 1773 1553 1848 ἥλιος
1577 1777 1619 1849 είς
1643 1773 1697 1838 τὺν

146 1869 276 1946 δέκανον
289 1879 327 1965 ⁴),
353 1879 437 1946 ἀλλά
462 1873 573 1947 δὲκαὶ
604 1883 681 1946 ὅταν
713 1880 837 1972 ὑπάρχῃ
871 1886 911 1958 είς
935 1880 966 1946 έν
990 1883 1122 1946 ἕκαστον
1147 1873 1258 1960 ζώδιον
1284 1892 1355 1972 μιᾶς
1388 1881 1525 1957 ἑκάστης
1550 1881 1698 1966 βοτάνης,

145 1987 271 2078 ὑπάρχῃ
298 1979 332 2055 δὲ
355 1989 408 2054 καί
430 1995 449 2064 η
476 1990 593 2064 σελήνη
620 1993 661 2066 είς
687 1991 836 2080 τρίγωνον
861 1999 916 2054 τοῦ
940 1991 1031 2062 ἡλίου
1056 1989 1109 2053 καί
1133 1994 1175 2066 εἰς
1199 1991 1253 2055 τὺν
1277 1989 1478 2082 ὡροσκὺπιον·
1497 1992 1578 2055 ἔστω
1595 1980 1628 2056 δὲ
1644 1989 1699 2054 καί

146 2101 166 2168 η
193 2097 296 2186 ημέρα
321 2097 374 2161 καί
398 2103 417 2170 η
444 2099 508 2188 ὥρα
530 2107 586 2163 τοῦ
610 2089 833 2164 οἰκοδεσπότου
859 2109 913 2162 τοῦ
937 2087 1059 2175 ζωδίου·
1076 2097 1129 2160 καὶ
1145 2098 1242 2174 οὑτως
1259 2097 1295 2163 ἀν
1312 2087 1532 2189 εὑδοκιμήσης,
1557 2095 1658 2173 καθὼς
1682 2100 1698 2160 ὁ

147 2192 336 2281 διδάσκαλος
359 2203 456 2298 λέγει,
481 2203 566 2271 κατά
589 2205 648 2278 τὴν
673 2206 828 2298 κοσμικὴν
852 2215 986 2296 φυσικῶς
1011 2205 1207 2274 ἀποτέλεσιν.

877 2528 968 2596 VIII.

684 2742 759 2833 Περὶ
782 2741 948 2833 χυλώσεως
974 2745 1114 2830 βοτανῶν
1128 2741 1165 2832 ⁸).

191 2956 339 3034 Βασιλεὺς
363 2952 401 3032 ἦν
426 2960 441 3022 ὁ
468 2953 603 3046 Νεκέψω,
630 2955 707 3048 ἀνὴρ
725 2959 976 3050 σωφρονέστατος
993 2959 1048 3025 καί
1064 2959 1148 3047 πάσῃ
1168 2954 1405 3050 κεκοσμημένος
1430 2962 1537 3051 ἀρετῇ,
1552 2958 1641 3050 φύσει
1665 2951 1699 3028 δὲ

147 3068 344 3156 χρησάμενος
362 3066 479 3157 ἀγαθῇ,
495 3065 688 3154 συμπαθείας
705 3067 800 3132 λίθων
813 3070 865 3133 καὶ
884 3071 1023 3153 βοτανῶν
1038 3067 1194 3154 ἑπινὺησε,
1208 3068 1280 3145 τοὺς
1293 3068 1416 3158 καιροὺς
1429 3070 1482 3133 καί
1496 3069 1566 3146 τοὺς
1583 3071 1698 3147 τόπους

147 3175 178 3236 ἐν
203 3170 245 3248 οἷς
271 3165 319 3239 δεῖ
339 3171 395 3249 τάς
421 3172 555 3258 βοτάνας
580 3167 824 3264 ἀναλαμβάνειν.
842 3177 932 3266 Ὁρίις
949 3175 1008 3266 γάρ
1025 3181 1065 3252 ὡς
1083 3176 1209 3240 ἅπαντα
1234 3187 1274 3261 τῇ
1300 3185 1362 3240 τῶν
1387 3177 1524 3266 ἀστέρων
1549 3179 1699 3266 ἀπορροίᾳ

149 3273 275 3358 αὔξεται
300 3281 354 3346 καί
371 3291 504 3369 μιοῦται.
523 3283 568 3347 'rb
585 3272 618 3346 δὲ
634 3287 744 3347 οἰκεῖον
761 3285 883 3349 ἐκείνων
901 3294 1034 3373 πνεῦμα,
1051 3285 1344 3373 λεπτομερέστατον
1362 3284 1500 3375 ὑπάρχον
1519 3277 1570 3350 διά
1594 3284 1697 3360 πάσης

148 3391 250 3467 οὑσίας
275 3381 376 3465 διήκει
399 3389 453 3454 καί
477 3390 619 3480 μάλιστα
643 3396 716 3454 κατ’
741 3392 858 3467 ἐκείνης
889 3391 961 3469 τοὺς
995 3392 1119 3470 τόπους,
1149 3390 1220 3457 καθ’
1245 3391 1294 3468 οὑς
1324 3402 1388 3458 τῶν
1421 3391 1558 3483 ἀστέρων
1583 3391 1696 3457 ἐπί...

148 3499 333 3586 Sequuntur
356 3502 495 3586 quinque
519 3501 596 3567 folia
619 3501 693 3568 alba
716 3507 749 3568 εὑ
772 3523 881 3568 vacua.

892 3827 948 3894 IX.

191 4036 351 4124 ”Αλλος“)
375 4031 408 4106 δέ
432 4065 479 4116 τις
504 4049 566 4104 τῶν
593 4041 750 4115 Ἑλλήνων
783 4041 885 4131 σεφὺς,
909 4039 980 4131 μεθ’
1003 4040 1115 4131 ἑτέρων
1141 4048 1249 4115 τινῶν,
1274 4037 1466 4112 Ἀσκλάπιος
1488 4035 1656 4127 λεγόμενος
1671 4031 1696 4121 ⁷)

150 4148 347 4220 αἰτησάντων
371 4152 536 4238 ἑρμηνείαν
561 4159 623 4214 τῶν
647 4150 774 4216 πάντων
791 4151 967 4240 φιλοσόφων
985 4147 1232 4239 φιλοσοφώτερον
1251 4139 1355 4212 δοῦναι
1380 4150 1484 4223 αὑτοῖς
1509 4145 1602 4235 λόγον
1627 4143 1697 4234 περί

149 4262 226 4322 Θεοῦ
252 4257 380 4345 φάσεως,
404 4262 419 4320 ὁ
445 4248 478 4321 δὲ
502 4258 615 4348 Ἑρμῆς
640 4259 772 4348 σιφέριον
787 4257 811 4342 ⁸)
836 4255 968 4349 ἔγραψεν
992 4257 1109 4333 οὑτως·

192 4380 235 4441 ÷
260 4371 294 4429 Εἰ
319 4366 362 4458 μὴ
387 4366 516 4458 πρόνοιά
540 4391 586 4443 τις
611 4377 666 4432 τοῦ
690 4377 752 4432 τῶν
776 4367 903 4432 πάντων
921 4369 1033 4458 Κυρίου
1050 4369 1084 4430 οῦ
1102 4363 1144 4454 μὴ
1163 4365 1218 4429 τὀν
1239 4364 1334 4453 λόγον
1359 4341 1470 4426 τοῦτον
1495 4355 1696 4445 ἀποκαλύψαι

150 4485 190 4548 -ζ-
213 4466 372 4554 ἑὺοὑλετο,
397 4466 468 4541 οὑδὲ
493 4480 574 4564 ὑμᾶς
598 4473 749 4552 τοιοὺτοις
773 4477 871 4568 ἔρροις
888 4487 1047 4566 κατεῖχεν,
1065 4475 1114 4537 ίνα
1130 4473 1200 4564 περί
1216 4471 1336 4537 τοὺτων
1354 4471 1556 4561 έρωτάσεται·
1577 4470 1613 4530 οὑ
1636 4465 1695 4558 γάρ

182 4726 203 4797 ¹)
222 4727 269 4782 Ex
287 4725 394 4783 iisdem
413 4724 498 4782 codd.
516 4726 610 4798 Mosq.
630 4729 661 4782 et
680 4723 843 4780 vindobon.
946 4723 1010 4780 εἰνο
1025 4723 1103 4796 joco,
1124 4721 1189 4780 είνο
1214 4718 1292 4778 serio
1311 4715 1474 4776 Christiani
1493 4733 1549 4772 ευε
1572 4729 1692 4787 quoque

181 4818 204 4889 ²)
223 4817 258 4873 V.
279 4818 447 4890 ἰλιλίφασκιν.
691 4797 700 4811 “
946 4817 1054 4885 ίρμαειο
1064 4811 1201 4869 certatim
1211 4809 1415 4867 condiderunt.
1424 4805 1506 4861 Ηεοο
1516 4803 1601 4860 nobis
1614 4819 1694 4875 prae·

182 4911 205 4982 ³)
226 4907 425 4980 ῦῖἀραμασία.
946 4903 1011 4959 buit
1030 4901 1166 4959 vatican.
1185 4899 1264 4969 1198,
1278 4898 1314 4954 do
1328 4895 1437 4968 quibus
1449 4893 1485 4950 of.
1499 4891 1693 4950 Montfaucon

180 5000 202 5072 ⁴)
222 4997 311 5054 00³&
333 5001 365 5059 ’ῖς
385 5001 426 5051 τί*
446 5020 470 5066 z·
947 4997 1045 5064 Opera
1063 5009 1086 5050 ε.
1105 4993 1264 5049 Athanasii
1282 4995 1303 5044 t,
1323 5003 1360 5044 111
1379 5005 1408 5059 p.
1426 4986 1489 5040 527.

181 5091 204 5161 5)
221 5089 268 5143 Ex
286 5085 391 5143 eodem
410 5085 591 5160 Mosquensi.
979 5083 1003 5154 ⁷)
1022 5081 1090 5138 Vat.
1110 5082 1265 5137 ’Δοκληπίιν
1282 5077 1426 5151 λιγαμίνου.
1449 5075 1624 5133 contortum
1646 5075 1695 5128 0ὓὺ

181 5177 203 5251 ⁶)
221 5177 269 5233 Ex
285 5175 361 5233 Οτοο
381 5175 453 5233 dum
470 5175 619 5234 Platonici
637 5175 801 5232 evocabant
813 5172 891 5230 'Pris-
945 5170 1109 5228 exordium.
1741 5168 1747 5180 “

149 5266 317 5340 megistum,
338 5271 373 5323 ut
391 5283 447 5324 ευο
465 5265 523 5323 sibi
542 5265 731 5323 sanationum
748 5269 890 5336 portenta
979 5263 1002 5335 ⁸)
1020 5263 1133 5333 υιφίριιν,
1148 5259 1185 5316 de
1198 5276 1257 5331 quo
1270 5257 1339 5314 silet
1351 5254 1461 5327 ubique
1474 5247 1618 5322 cangius.
1632 5249 1696 5306 Aut

150 5363 178 5414 et
194 5356 366 5414 futurorum
385 5359 477 5428 τέρατα
495 5354 700 5414 Ηοίίειιίειιιυε
713 5352 887 5424 vindicaret,
943 5351 1104 5426 legendum
1123 5355 1177 5407 aut
1193 5346 1422 5421 intelligendum
1441 5345 1577 5412 σηεὺἀμνν·
