3944 6074
697 553 752 626 De
770 553 894 627 unione
911 575 1084 645 suprema.
1613 562 1666 618 195

111 726 174 815 πρὸ
198 728 316 803 παντὸς
342 733 420 818 ἱεροῦ
443 727 502 801 τήν
528 727 700 804 ἐκθεώσεως
726 730 840 796 αἰτίαν.
859 730 910 804 Ὡς
928 722 980 793 οὖν
996 727 1038 794 τά
1056 727 1137 818 μετά
1153 726 1194 791 τά
1219 725 1319 799 νοητά
1341 727 1431 816 λόγοι
1456 737 1517 792 τῶν
1542 737 1664 800 νοητῶν

114 839 187 910 εἱσι,
212 836 412 927 συνηγμένων
430 838 538 914 όντων,
555 839 651 914 οὕτως
669 843 684 902 ὸ
702 843 731 903 ἐν
750 840 873 914 ἐκείνοις
897 839 991 928 λόγος
1009 837 1060 902 ἄπ’
1078 837 1177 912 ἄλλης
1196 832 1439 926 ἄρρητοτέρηςι)
1461 827 1568 911 ἑνάδος
1591 841 1666 900 ὑπο-

114 943 203 1027 στάς,
228 945 325 1036 λόγοςΙ
346 946 401 1033 μέν
434 950 501 1010 ἐστι
531 958 590 1021 τῆς
618 947 677 1036 πρὸ
707 956 769 1012 τῶν
794 957 915 1018 νοητῶν
948 957 1054 1036 σιγῆς·
1081 955 1143 1008 τῶν
1169 936 1202 1008 δὲ
1226 954 1347 1016 νοητῶν
1373 944 1552 1034 σιγωμένων
1577 944 1663 1034 σιγή.

115 1051 249 1121 Μήποτε
273 1047 324 1116 οὖν
349 1057 405 1116 οἰκ
428 1054 496 1117 ἔστι
519 1054 637 1117 ταύτὸν
662 1064 711 1118 νοῦ
737 1053 842 1138 ἄνθος,
859 1054 912 1117 καὶ
936 1052 1039 1128 πάσης
1063 1060 1152 1140 ήμῶν
1176 1048 1278 1140 ψυχῆς
1303 1050 1409 1125 ἄνθος·
1435 1050 1518 1115 ἄλλά
1546 1053 1584 1116 τὸ
1608 1053 1664 1139 μέν

73 1186 85 1222 ⁵
116 1163 186 1222 ἐστι
210 1168 267 1234 τῆς
291 1170 396 1249 νοερᾶς
420 1167 508 1248 ήμῶν
526 1155 607 1240 ζωῆς
624 1163 661 1226 τὸ
678 1154 921 1238 ἑνοειδέστατον,
939 1162 976 1226 τὸ
995 1152 1027 1226 δέ
1044 1165 1171 1225 ἁπασῶν
1195 1168 1257 1222 τῶν
1283 1155 1421 1248 ψυχικῶν
1447 1149 1607 1247 δυνάμεων
1622 1158 1664 1236 ἓν,

114 1259 288 1332 πολυειδῶν
313 1273 421 1333 οὐσῶν·
447 1273 480 1333 οὐ
504 1269 565 1360 γάρ
590 1270 680 1358 ἐσμὲν
705 1281 771 1346 νοῦς
793 1271 897 1360 μόνον,
916 1269 999 1334 ἀλλά
1023 1269 1077 1332 καὶ
1101 1259 1232 1344 διάνοια,
1255 1267 1309 1331 καί
1333 1259 1418 1344 δόξα,
1436 1267 1490 1330 καί
1512 1266 1664 1356 προσοχὴ,

116 1373 171 1437 καί
195 1378 379 1466 προαίρεσις,
397 1377 450 1441 καί
470 1378 529 1466 πρὸ
545 1387 607 1441 τῶν
626 1369 785 1466 δυνάμεων
803 1378 923 1443 τοότων
941 1380 1030 1442 οόσία
1055 1379 1110 1468 μία
1134 1399 1171 1439 τε
1194 1375 1248 1438 καὶ
1262 1373 1288 1459 ²)
1312 1373 1428 1452 πολλή,
1453 1375 1506 1438 καὶ
1532 1377 1661 1464 μεριστή

116 1508 153 1547 τε
179 1485 231 1547 καί
256 1485 431 1574 ἀμέριστος,
457 1493 572 1550 Διττοῦ
590 1476 622 1550 δὲ
639 1497 693 1550 τοῦ
710 1488 775 1561 ἑνὸς
792 1485 977 1575 πεφηνότος,
995 1485 1049 1549 καί
1064 1493 1119 1549 τοῦ
1138 1483 1192 1570 μὲν
1209 1493 1266 1556 τῆς
1287 1484 1466 1571 πρωτίστης
1489 1489 1578 1571 ήμῶν
1603 1491 1666 1546 τῶν

117 1584 279 1680 δυνάμεων
304 1592 424 1675 ἄνθους,
448 1594 536 1669 ὄντος
562 1585 595 1660 δὲ
618 1605 675 1671 τῆς
701 1597 776 1682 όλης
801 1596 1048 1682 οὐσίαςκέντρου
1065 1592 1197 1656 καὶτῶν
1215 1591 1285 1681 περὶ
1310 1595 1412 1654 αὐτῶν
1437 1595 1565 1654 ἁπασῶν
1589 1615 1666 1654 παν-

58 1725 86 1760 ιο
116 1703 209 1765 τοίων
235 1692 406 1790 δυνάμεων,
432 1707 528 1768 ἐκεῖνο
553 1703 645 1792 μόνον
669 1709 752 1791 ήμᾶς
778 1702 930 1767 συνάπτει
946 1711 991 1784 τῷ
1010 1700 1109 1787 Πατρὶ
1125 1709 1187 1764 τῶν
1209 1709 1338 1770 νοητῶν.
1362 1699 1472 1788 Νοερὸν
1497 1697 1557 1788 γάρ
1582 1702 1665 1762 ἐστιν

116 1811 159 1873 ἕν·
184 1821 302 1874 νοεῖται
327 1803 436 1875 δὲκαὶ
460 1815 560 1875 ἐκεῖνο
584 1813 643 1875 ὑπὸ
668 1820 723 1875 τοῦ
747 1821 899 1901 πατρικοῦ
924 1820 975 1874 νοῦ
992 1807 1075 1874 κατά
1093 1809 1130 1871 τὸ
1155 1805 1185 1872 ἓν
1211 1809 1247 1871 τὸ
1271 1809 1302 1871 έν
1328 1810 1422 1889 αὐτῷ·
1448 1805 1485 1870 τὸ
1510 1797 1543 1869 δὲ
1567 1805 1665 1891 ἓν,εἰς

117 1918 133 1982 ό
158 1918 257 1983 πάσαι
280 1923 312 1982 αἱ
335 1914 432 2008 ψυχαί
456 1918 509 1982 καί
534 1910 678 2007 δυνάμεις
703 1919 907 1994 συννεύουσιν,
926 1917 1002 1981 αὐτὸ
1016 1915 1041 2004 ³)
1057 1921 1072 1979 ὁ
1090 1916 1181 2005 μόνον
1202 1915 1319 2004 πέφυκε
1335 1913 1504 2006 προσάγειν
1521 1920 1605 2003 ήμᾶς
1621 1924 1666 1997 τῷ

116 2026 243 2090 πάντων
268 2026 409 2092 ἐπέκεινα
433 2037 495 2090 τῶν
520 2027 628 2105 όντων,
652 2027 706 2091 καὶ
723 2027 943 2092 αἰτὸπάντων
960 2025 995 2093 όν
1013 2036 1074 2090 τῶν
1094 2029 1123 2090 ἑν
1141 2032 1217 2114 ἡμῖν
1234 2024 1384 2100 ἑνοποιὸν,
1410 2021 1487 2087 καθὸ
1511 2023 1566 2086 καί
1588 2026 1666 2113 ἐρρι-

117 2128 263 2221 ζώθημεν
288 2139 360 2197 κατ’
386 2136 490 2198 οὐσίαν
516 2139 546 2200 ἐν
564 2137 679 2218 ἐκείνῳ·
697 2135 751 2200 καί
766 2137 804 2201 τὸ
821 2130 1001 2226 ἐρριζῶσθαι
1018 2134 1075 2198 κάν
1091 2137 1256 2224 προΐωμεν,
1275 2139 1330 2198 οῦκ
1347 2131 1593 2220 ἄποστησόμεθα
1608 2142 1666 2208 τῆς

60 2260 88 2296 ¹⁵
116 2244 236 2305 ἑαυτῶν
261 2242 373 2316 αἰτίας.

869 2561 911 2629 E'.

562 2775 704 2866 Πρόκλου
720 2775 745 2862 ⁸)
765 2779 799 2840 ἐκ
824 2787 881 2852 τῆς
906 2778 1003 2852 αὐτῆς
1028 2775 1220 2866 φιλοσοφίας.

162 2995 196 3056 ἹΙ
221 2993 385 3085 φιλοσοφία
410 2993 469 3066 τήν
486 3017 522 3056 τε
539 2991 642 3065 λήθην
660 2992 713 3056 καί
730 2992 905 3080 ἀνάμνησιν
923 3002 985 3057 τῶν
1004 2985 1108 3058 ἄίδίων
1125 2993 1227 3084 λόγων
1247 2998 1398 3064 αἰτιᾶται,
1422 3002 1480 3068 τῆς
1505 2991 1560 3081 μὲν
1585 2996 1664 3057 ἄπο-

118 3104 290 3193 φοιτήσεως
314 3113 372 3177 τῆς
397 3102 458 3166 ἀπὸ
481 3111 544 3165 τῶν
570 3100 659 3185 θεῶν,
684 3101 736 3164 καί
759 3111 817 3176 τῆς
846 3104 894 3165 ἐπ’
913 3101 1025 3176 αὐτοὺς
1046 3107 1243 3190 ἐπιστροφῆς·
1269 3099 1311 3164 τά
1336 3091 1369 3163 δέ
1392 3099 1496 3188 λόγια,
1521 3110 1583 3164 τῶν
1607 3123 1666 3164 πα-

118 3221 230 3300 τρικῶν
255 3209 472 3298 συνθημάτων.
503 3201 632 3292 Συνᾴδει
656 3201 689 3274 δὲ
714 3209 885 3298 ἀμφότερα·
912 3209 1085 3281 συνέστηκε
1108 3207 1168 3298 γάρ
1193 3215 1211 3282 ἡ
1238 3205 1354 3296 ψυχική
1382 3209 1442 3272 ἀπὸ
1466 3217 1529 3271 τῶν
1554 3217 1664 3296 νοερῶν

117 3321 220 3412 λόγων
243 3320 297 3383 καὶ
321 3329 382 3382 τῶν
408 3317 496 3382 θεων
521 3310 697 3407 συμόόλων·
719 3311 760 3380 ὧν
778 3321 807 3380 οἱ
823 3317 878 3403 μὲν
896 3317 970 3381 εἰσίν
989 3319 1049 3380 άπὸ
1066 3327 1128 3381 τῶν
1146 3325 1258 3404 νοερῶν
1276 3306 1375 3392 εἰδῶν,
1393 3311 1434 3378 τά
1459 3305 1492 3378 δὲ
1516 3315 1577 3378 ἀπὸ
1602 3324 1664 3378 τῶν

61 3467 89 3502 20
120 3427 205 3493 θείων
229 3418 355 3492 ἑνάδων·
382 3426 435 3492 καὶ
459 3427 549 3516 ἐσμὲν
574 3425 686 3500 εἰκόνες
711 3425 766 3513 μὲν
791 3433 854 3488 τῶν
875 3435 985 3513 νοερῶν
1011 3428 1132 3509 οόσιῶν,
1150 3423 1326 3514 ἀγάλματα
1351 3413 1384 3487 δὲ
1409 3432 1469 3486 τῶν
1496 3420 1664 3512 ἀγνώστων

120 3535 338 3624 συνθημάτων.
363 3536 423 3600 Καὶ
447 3537 549 3625 ῶσπερ
573 3543 660 3598 πᾶσα
684 3532 767 3623 ψυχή
798 3532 924 3597 πάντων
950 3533 1006 3620 μέν
1031 3537 1097 3597 Ιεστι
1120 3534 1278 3622 πλήρωμα
1303 3541 1366 3596 τῶν
1390 3523 1498 3604 εἰδῶν,
1524 3529 1607 3594 κατά
1632 3522 1666 3594 δέ

119 3647 191 3732 μίαν
217 3645 295 3718 ὅλοις
320 3645 423 3707 αἰτίαν
449 3645 630 3733 ὑφίστησεν,
655 3644 737 3707 οὕτω
761 3641 815 3707 καί
837 3641 964 3707 πάντων
990 3641 1045 3730 μέν
1070 3641 1197 3730 μετέχει
1220 3649 1283 3705 τῶν
1308 3639 1533 3729 συνθημάτων,
1559 3631 1598 3703 δι’
1623 3634 1664 3704 ὧν

116 3751 309 3816 συνάπτεται
332 3762 396 3825 τοῖς
421 3749 520 3826 θείοις·
546 3743 707 3841 διώρισται
732 3743 765 3815 δέ
788 3757 806 3824 ή
826 3743 952 3840 όίταρξις
971 3756 1000 3814 ἑν
1017 3751 1071 3826 ἑνί,
1089 3747 1167 3814 καθὸ
1185 3749 1355 3838 συνάγεται
1377 3755 1439 3812 πᾶν
1464 3747 1501 3810 τὸ
1525 3749 1556 3811 ἓν
1581 3749 1661 3831 αὐτῇ

115 3858 232 3935 πλῆθος
257 3864 299 3933 εἰς
325 3861 398 3948 μίαν
423 3859 570 3948 κορυφήν.
596 3865 647 3923 Δεῖ
662 3858 720 3948 γάρ
739 3859 791 3923 καί
809 3869 903 3924 τοῦτο
921 3852 1045 3933 εἰδέναι,
1062 3864 1101 3933 ὡς
1118 3867 1204 3923 πάσα
1220 3854 1304 3945 ψυχή
1321 3865 1429 3921 πασῶν
1447 3854 1517 3919 κατ’
1543 3846 1623 3931 εἶδος
1637 3852 1663 3941 ⁵)

63 4001 90 4036 ει
118 3957 271 4048 διέστηκε,
297 3967 350 4030 καί
375 3968 444 4030 ὅσαι
461 3965 570 4056 ψυχαί,
586 3978 727 4031 τοσαῦτα
744 3968 797 4030 καί
813 3965 854 4032 τά
870 3959 935 4039 εἴδη
955 3977 1017 4031 τῶν
1028 3962 1142 4054 ,ψυχῶν
1159 3967 1235 4029 ἐστί·
1253 3973 1375 4053 πρῶτον
1393 3964 1448 4053 μέν
1466 3962 1525 4054 γάρ
1546 3962 1616 4028 καθ’
1633 3963 1664 4029 έν

116 4065 193 4150 εἶδος
216 4078 342 4138 πολλῶν
369 4075 494 4162 ἀτόμων
520 4076 689 4152 ὑπόστασις
713 4067 854 4140 ἑνοειδῶν
879 4078 947 4164 περί
972 4099 1007 4139 τε
1024 4073 1083 4146 τήν
1101 4076 1178 4146 ὕλην
1204 4073 1280 4148 ἐστὶ,
1306 4073 1359 4137 καί
1383 4071 1424 4136 τά
1448 4070 1582 4136 σόνθετα
1597 4081 1661 4136 τῶν

118 4182 224 4265 όντων,
250 4193 321 4270 μιᾶς
346 4182 551 4272 ὑποκειμένης
575 4185 690 4272 φόσεως
715 4187 862 4260 ποικίλως
887 4196 941 4248 τοῦ
967 4190 1062 4248 αὑτοῦ
1088 4183 1284 4272 μετεχούσης
1308 4173 1416 4255 εἴδους·
1435 4179 1503 4245 ἐπεὶ
1526 4181 1564 4244 τὸ
1589 4174 1665 4244 εἶναι

118 4301 173 4365 τῆς
198 4288 299 4379 ψυχῆς
324 4291 416 4382 λόγος
441 4296 507 4356 ἑστι
531 4293 585 4357 καί
609 4285 687 4368 εἶδος
713 4297 840 4372 ἁπλοῦν,
866 4291 884 4364 ή
912 4284 998 4357 οὐδὲν
1024 4281 1132 4356 διοίσει
1153 4296 1225 4356 κατ’
1242 4291 1347 4354 οὐσίαν
1372 4285 1455 4378 ψυχή
1482 4313 1529 4362 τις
1554 4288 1664 4364 ἄλλης,

118 4399 135 4470 ή
160 4405 232 4463 κατ’
258 4391 337 4475 εἶδος
362 4399 397 4464 ἄν
423 4391 568 4489 διαφέρει·
594 4400 609 4466 δ
633 4401 693 4492 γάρ
718 4407 785 4466 ἐστι
810 4393 918 4466 διοίσει
944 4401 1048 4491 μόνον·
1072 4403 1140 4466 ἔστι
1164 4393 1197 4465 δὲ
1219 4391 1297 4475 εἶδος
1322 4397 1427 4488 μόνον.
1448 4395 1541 4462 Ὅθεν
1566 4388 1661 4469 δῆλον

65 4537 92 4573 ao
116 4512 155 4581 ὡς
178 4516 265 4571 πάσα
288 4505 372 4597 ψυχή
398 4507 455 4572 κάν
479 4518 542 4571 τῶν
569 4511 669 4572 αὑτῶν
694 4505 713 4594 ᾖ
734 4509 838 4599 λόγων
855 4509 990 4598 πλήρης,
1009 4512 1081 4572 ἄλλ’
1099 4507 1130 4573 ἓν
1147 4499 1226 4584 εἶδος
1243 4509 1358 4596 ἔλαχεν
1377 4505 1575 4595 ἄφοριστικὸν
1599 4513 1662 4568 τῶν

119 4615 233 4699 ἄλλων,
258 4617 360 4706 ὥσπερ
375 4613 399 4700 ⁶)
425 4617 461 4681 τὸ
485 4617 618 4691 ήλιακὸν
643 4607 722 4692 εἶδος
746 4610 974 4707 χαρακτηρίζει
998 4615 1057 4689 τήν
1082 4616 1219 4690 ἡλιακὴν
1244 4611 1359 4704 ψυχήν,
1384 4613 1463 4678 ἄλλο
1488 4611 1602 4685 ἄλλην.

154 4885 176 4958 ¹)
195 4885 264 4943 God.
285 4875 457 4956 ἄρρητοτέρας.
953 4888 975 4956 ⁴)
994 4887 1032 4941 Η.
1050 4885 1101 4943 fol·
1121 4883 1182 4939 158.

152 4973 175 5040 ²)
195 4974 231 5028 H.
250 4972 300 5030 fol.
321 4973 380 5029 157.
952 4977 975 5049 5)
993 4976 1029 5030 Η.
1049 4973 1098 5029 fol.
1119 4974 1178 5029 159.

151 5063 174 5136 ³)
194 5062 262 5119 Cod.
283 5063 358 5125 αὐτῆς
377 5063 445 5120 fort.
465 5063 605 5120 abundat„
953 5065 975 5137 ⁸)
995 5063 1031 5118 H.
1051 5063 1118 5133 ὥπερ
1138 5061 1188 5119 sio.
