4008 6068
261 456 280 512 8
849 448 996 523 uanam
1017 449 1230 524 Athanasius

261 629 318 687 τού
343 625 475 710 Χριστοῦ
491 619 680 710 προσευχὴν,
697 620 891 711 σημαντικόν
908 618 945 685 ἂν
962 621 1008 696 εἴη
1065 628 1114 690 eet
1130 645 1183 692 eos
1196 644 1422 710 permansuros
1437 645 1504 690 esee
1519 622 1553 688 in
1567 626 1709 709 peecata,
1725 621 1806 688 nihil

259 738 315 794 τοῦ
339 731 541 816 ἐναπομεῖναι
563 729 696 806 ἐκείνους
719 738 760 814 τῇ
783 731 931 819 άμαρτύρ,
955 728 1010 793 καὶ
1065 753 1127 816 que
1142 731 1206 797 illis
1224 729 1436 816 profuturum,
1452 730 1493 796 ab
1509 729 1681 802 immunem
1700 749 1810 794 eorum

259 827 358 926 μηδὲν
382 834 595 926 ὠφεληθῆναι,
615 847 656 922 τῇ
675 829 830 927 ύπερύολῇ
849 847 907 913 τῆς
932 839 1010 902 ἀπο·-
1065 837 1250 919 stultitiam,
1266 837 1349 903 hene
1365 835 1552 918 orationem,
1569 834 1630 900 nisi
1645 834 1750 901 fouere
1774 838 1810 900 nt

258 945 352 1021 νοίας,
376 942 437 1015 τὴν
454 943 645 1034 προσευχὴν,
662 945 763 1035 ὥσπερ
783 943 1010 1034 ἐπανακάμψαι
1066 948 1292 1014 reflecteretur.
1307 945 1460 1012 Dominus
1472 945 1555 1010 enim
1568 945 1696 1010 intuens
1711 965 1812 1010 reuer-

258 1052 459 1129 ποιήσαντες·
478 1057 494 1116 ό
519 1052 574 1142 μέν
598 1051 658 1143 γάρ
684 1053 792 1143 Κύριος
812 1052 931 1144 θεωρῶν
954 1055 1010 1118 τὸν
1065 1060 1177 1122 vatum
1198 1054 1263 1120 illie
1285 1053 1452 1122 interitum
1468 1055 1501 1117 et
1517 1057 1692 1120 extremum
1709 1053 1810 1117 inter-

260 1159 528 1250 καταληψόμενον
560 1161 672 1238 αὐτοὺς
701 1160 841 1251 ὄλεθρον,
871 1159 924 1227 καὶ
950 1162 1010 1233 τάν
1064 1163 1238 1243 neoionem,
1262 1161 1395 1246 lugebat
1421 1182 1517 1246 super
1546 1181 1610 1228 eos.
1639 1158 1700 1226 Sed
1731 1158 1811 1225 talia

261 1267 402 1359 ἐσχάτην
428 1268 597 1346 ἀπώλειαν,
614 1267 735 1335 ἐπένθει
751 1270 824 1359 ὑπὲρ
846 1273 956 1335 αὐτῶν.
974 1275 1012 1336 0!
1066 1269 1248 1355 putrebunt,
1268 1271 1306 1334 ut
1321 1266 1440 1333 Christi
1455 1267 1558 1334 oratio
1573 1288 1633 1352 pro
1648 1266 1713 1332 illie
1734 1287 1810 1351 per·

262 1368 296 1443 θέ
318 1387 454 1443 τοιαῦτα
470 1379 637 1468 ἔπραττον,
654 1383 694 1455 ὡς
711 1377 770 1451 τὴν
795 1377 891 1468 εὐχὴν
916 1381 1011 1444 αὑτοῦ
1066 1377 1174 1444 venire
1196 1398 1260 1443 non
1282 1375 1426 1460 potuerit
1439 1374 1479 1442 ed
1494 1397 1587 1442 aures
1605 1373 1729 1470 ¹Patrie;
1754 1375 1810 1440 sed

263 1483 323 1556 τὴν
347 1484 422 1576 ύπέρ
439 1489 542 1550 αὐτῶν
559 1484 603 1574 μὴ
620 1483 883 1575 παραπέμπεσθαι
905 1490 946 1561 εἰς
970 1483 1012 1552 τά
1066 1485 1157 1570 quaei
1172 1505 1357 1569 repercussa
1371 1483 1413 1549 ob
1428 1481 1681 1568 magnitudinem
1698 1481 1811 1566 impie-

262 1585 331 1658 ὦτα
347 1602 402 1658 τοῦ
420 1592 552 1682 Πατρός,
572 1595 645 1656 ἀλλ’
662 1594 767 1682 ὥσπερ
791 1593 1012 1683 άντικρουομέ-
1067 1592 1145 1658 tutis
1175 1613 1302 1674 eorum,
1325 1594 1565 1677 retorqueretur
1594 1594 1627 1658 et
1658 1595 1744 1656 retro
1771 1590 1812 1656 ud

262 1723 320 1774 νην
343 1699 403 1766 tat
427 1709 484 1766 τού
513 1699 662 1792 μεγέθους
685 1713 744 1778 τῆς
768 1705 871 1768 αὐτῶν
896 1694 1012 1768 δυσσε-
1067 1701 1172 1786 ipsum
1194 1703 1384 1767 verteretur.
1408 1699 1442 1766 Si
1457 1697 1542 1765 enim
1565 1697 1645 1764 salvi
1663 1697 1733 1764 fieri
1756 1719 1812 1763 vo·

263 1798 361 1893 ύείας,
378 1804 587 1874 καθέλκεσθαι
602 1807 656 1872 καὶ
672 1811 914 1900 ἐπαναστρέφειν
937 1811 1011 1900 πρὸς
1067 1811 1201 1892 luissent
1213 1813 1247 1876 et
1257 1808 1399 1876 converti
1411 1808 1452 1875 ab
1464 1807 1693 1892 impietatibus,
1701 1806 1812 1872 stetim

264 1914 371 1980 αὐτόν·
396 1920 422 1980 εἱ
438 1914 498 2006 γάρ
515 1909 668 1994 σώζεσθαι
684 1918 816 2007 ἔμελλον
836 1917 890 1982 καὶ
914 1941 1013 2006 μετα·
1066 1918 1235 1984 sulvutorie
1258 1917 1360 1984 oratio
1382 1937 1601 2002 praecurrens,
1619 1914 1687 1980 eine
1708 1913 1812 2014 impe-

262 2025 371 2106 βαλεῖν
395 2033 458 2088 τῶν
477 2016 702 2113 άσεόημάτων,
722 2023 792 2090 εὐθύ
817 2015 1009 2114 θρομοῦσαη
1067 2028 1208 2093 dimento
1223 2026 1275 2092 vel
1290 2025 1466 2108 obstaculo,
1478 2025 1511 2090 in
1526 2023 1657 2104 uuribue
1668 2022 1812 2109 paternis

260 2127 419 2218 προσευχὴ
445 2139 500 2196 τοῦ
525 2141 675 2222 σωτῆρος,
700 2131 869 2208 ἀκωλύτως
898 2130 934 2196 ἂν
958 2132 1013 2197 καὶ
1067 2131 1230 2198 adfuisset.

262 2227 524 2326 ἀπαραποθίστως
556 2239 608 2304 ἐπὶ
637 2237 679 2304 τά
703 2232 772 2304 ὦτα
802 2237 844 2305 τά
871 2238 1011 2322 πατρικά

261 2343 386 2434 παρήει.

835 2664 1035 2734 PSALMUS
1059 2665 1242 2734 XXXVIII.

594 2907 624 2950 v.
650 2885 679 2950 7.
704 2884 818 2948 Μέντοι
843 2907 879 2974 γε
903 2883 934 2947 ἐν
958 2880 1054 2946 εθκόνι
1077 2873 1295 2971 διαπορεύεται
1319 2879 1486 2972 ἄνθρωπος.

669 2993 892 3061 Verumtamen
908 2994 946 3059 ιἰι
961 2993 1102 3077 immine
1112 2992 1296 3074 pertransit
1311 2991 1411 3058 domo.

230 3237 237 3253 ι
309 3200 400 3267 navt
422 3200 494 3278 τοὺς
517 3201 599 3268 πάνυ
617 3201 803 3268 Ἀθανάσιον
821 3202 875 3268 καὶ
901 3203 1012 3292 Κύριλ-
1109 3205 1211 3273 Juxu
1222 3227 1362 3272 enmmoe
1374 3203 1586 3273 Athanasium
1598 3210 1630 3272 et
1644 3205 1813 3292 cyrillum,

265 3313 332 3394 λον,
356 3300 462 3380 taeda
489 3312 520 3372 ἐν
544 3309 648 3391 εθκόνι,
667 3312 728 3374 ὀύκ
752 3313 783 3375 ἐν
808 3308 942 3395 ἀληθείᾳ
965 3320 1016 3374 νῦν
1072 3315 1221 3400 quoniam
1237 3315 1271 3380 in
1286 3314 1435 3400 imagine,
1447 3336 1511 3380 non
1527 3315 1560 3380 in
1577 3315 1712 3381 veritate
1729 3337 1814 3382 nune

268 3406 529 3505 θιαποριύεταιὸ
562 3413 720 3504 ἄνθρωπος
745 3419 776 3500 (ό
803 3414 863 3508 γὰρ
895 3413 1017 3491 ἀληθὴς
1071 3422 1215 3507 procedit
1238 3422 1333 3490 homo
1356 3421 1444 3507 (num
1467 3443 1543 3488 vera
1558 3423 1627 3488 rite
1645 3423 1680 3488 in
1702 3423 1814 3490 futuro

269 3514 334 3600 ζωὴ
361 3519 445 3586 κατά
468 3522 524 3586 τόν
546 3521 707 3610 μέλλοντα
724 3527 820 3586 αἰῶνα
844 3523 952 3607 ἐστὶν),
977 3526 1022 3623 εἰ·Ι
1071 3530 1198 3597 saeculo
1222 3533 1294 3613 est),
1311 3531 1426 3596 merito
1445 3530 1612 3615 psalmista
1627 3553 1686 3615 per
1701 3532 1814 3618 imagi·

267 3630 368 3704 κόποις
392 3634 408 3694 ό
432 3627 562 3718 ψάλλων
590 3629 650 3702 τὴν
675 3632 781 3697 εἰκόνα
810 3632 1018 3720 ματαιότητα
1071 3658 1146 3702 nem
1176 3637 1337 3722 significet
1366 3637 1551 3703 vanitatem.
1580 3636 1700 3704 Veram
1730 3638 1814 3704 eninr

265 3746 440 3825 προσεῖπεν.
473 3727 600 3812 Ἐπειδὴ
627 3739 662 3802 ού
692 3737 752 3811 τήν
782 3737 935 3814 ἀληθινὴν
966 3749 1017 3803 νῦν
1071 3764 1157 3809 nune
1179 3765 1244 3808 non
1267 3743 1402 3808 vivimus
1424 3743 1542 3824 vitum,
1565 3743 1619 3810 sed
1642 3765 1713 3810 eum
1735 3765 1815 3828 quee

266 3838 368 3937 ζῶμεν
393 3839 487 3924 ζωὴν,
512 3844 597 3911 ἀλλά
620 3845 680 3919 τὴν
704 3852 744 3924 ὡς
765 3851 797 3914 ἐν
820 3848 924 3913 εἰκόνι·
948 3839 1018 3913 οὐδὲ
1073 3855 1122 3916 est
1153 3850 1359 3935 imaginaria,
1383 3873 1440 3918 neo
1464 3857 1597 3936 propter
1625 3873 1701 3917 veru
1732 3853 1815 3918 bona

265 3953 338 4044 περὶ
360 3951 403 4020 τά
423 3953 520 4029 ὄντας
536 3951 641 4044 ἀγαθά
657 3952 829 4045 ποιούμεθα
845 3953 904 4026 τὴν
923 3977 1019 4020 σπου-
1073 3980 1182 4024 ourum
1205 3957 1427 4044 impendimus.
1451 3956 1574 4026 Idcirco
1595 3957 1717 4024 frustra
1739 3980 1814 4025 eon·

267 4053 335 4136 θήν·
352 4053 400 4128 διὸ
417 4061 524 4153 μάτην
540 4061 763 4153 ταραττόμεθα
779 4062 848 4152 περὶ
865 4062 1018 4153 κοσμικὰς
1074 4065 1251 4147 turbamur,
1275 4065 1308 4130 in
1331 4065 1500 4133 mundanis
1522 4066 1743 4152 voluptatibus
1766 4066 1815 4132 in-

268 4168 433 4259 ἐπιθυμύας
450 4168 665 4259 στρεφόμενοι,
681 4169 735 4235 καὶ
751 4168 939 4259 συνάγοντες
963 4167 1020 4243 θη·
1074 4172 1186 4254 voluti,
1209 4172 1376 4241 thesauros
1407 4179 1559 4260 cogentes
1589 4195 1725 4260 quorum
1751 4197 1816 4242 non

267 4274 397 4366 σαυρούς
421 4269 463 4341 ὧν
487 4278 543 4342 ούκ
565 4278 655 4366 ἴσμεν
680 4274 751 4352 τούς
776 4266 953 4366 διαδόχους.
1075 4281 1219 4347 novimus
1241 4281 1403 4348 haeredes.

892 4598 1090 4668 PSALMUS
1114 4602 1198 4670 XLI.

455 4839 485 4884 v.
511 4819 541 4884 1.
559 4813 617 4882 ’ον
641 4815 756 4906 τρόπον
779 4813 921 4881 intrudat
940 4820 960 4890 ἡ
986 4817 1100 4906 ἔλαφος
1123 4815 1175 4880 ἐπὶ
1198 4816 1254 4894 τάς
1277 4815 1382 4908 πηγάς
1406 4825 1470 4882 τῶν
1495 4805 1630 4881 ύθάτων.

560 4925 830 5010 Quemadmodum
852 4926 1014 4994 desiderat
1036 4945 1147 4994 cervae
1170 4928 1214 4995 ad
1233 4929 1340 5012 santes
1362 4945 1529 5010 aquarum.

315 5138 408 5207 Κατά
433 5132 466 5206 δὲ
489 5131 561 5217 τούς
578 5138 734 5232 μεγάλους
755 5137 941 5205 Ἀθανάσιον
966 5141 1020 5205 καὶ
1119 5141 1254 5228 Magnos
1266 5141 1360 5226 juxta
1376 5141 1587 5208 Athanasium
1604 5143 1636 5206 et
1649 5137 1817 5226 cyrillum,

270 5247 434 5340 Κύριλλον,
448 5252 573 5339 ἐπείπερ
589 5251 620 5315 ἕν
636 5258 682 5333 τῷ
697 5249 757 5338 πρὸ
772 5249 888 5315 τούτου
904 5245 1020 5338 ψαλμῷ
1075 5249 1150 5336 qnia
1172 5250 1205 5315 in
1228 5247 1353 5335 psalmo
1372 5249 1537 5335 superiore
1553 5249 1674 5316 dietum
1697 5248 1762 5314 fuit
1783 5248 1816 5313 in
