4006 6074
380 491 557 576 Numerus
574 501 712 578 dicatur
730 503 808 580 ιῙοιιί
828 505 953 596 decem,
973 505 1134 600 Neptuno
1151 513 1296 601 σεηίιιω,
1318 505 1457 582 Plutoni
1474 506 1575 584 ιηίἰίε.
1721 513 1760 576 ιο

188 673 263 740 -τδν
286 674 408 766 χρόνον,
432 667 502 741 οὐδὲ
524 687 632 742 πασῶν
656 680 739 743 ἐστιν
764 675 805 754 εἰς
828 678 936 768 χρόνος
960 677 1155 769 τῶνψυχῶν,
1174 670 1320 771 οὐδὲγάρ
1340 690 1439 745 πᾶσαι
1462 683 1517 746 τον
1541 685 1755 759 έκατονταέτη

209 773 398 865 βεύιιύκεσαν
422 783 532 873 χρόνον
553 789 584 850 ἐν
601 796 666 861 τοῖς
683 785 834 876 σώμασιν.
851 788 934 852 ὥστε
949 786 1010 876 χρὴ
1028 788 1083 852 τὸν
1101 786 1228 876 ἀριθμόν
1246 788 1326 871 (ἐστι
1342 783 1423 866 ζωῆς
1439 780 1531 872 εἶδος)
1556 791 1758 880 ἀναπέμπειν·

208 893 243 955 οὐ
255 890 315 981 γάρ
330 891 365 954 ἄν
379 894 528 982 ἐλέγοντο
542 899 573 957 αἱ
585 887 618 972 ἐξ
630 895 740 959 ἀνίσων
754 904 816 958 τῶν
829 900 859 960 ἐν
872 905 912 980 τῆ
931 896 1047 986 γενέσει
1065 888 1260 984 βεύιωμένων
1275 899 1352 961 ἐτῶν
1370 898 1503 970 ἥκουσαι
1518 908 1617 963 πᾶσαι
1632 900 1756 988 χιλιέτη

207 999 398 1076 πεποιῆσθαι
421 1000 481 1075 τήν
505 1003 641 1090 πορείαν,
666 1008 692 1068 εἰ
717 1002 759 1092 μή
785 1012 885 1068 πᾶσαι
907 1015 1057 1069 τοσοῦτον
1081 1001 1161 1079 ἦσαν
1186 1009 1252 1070 ἐκεῖ
1270 1005 1436 1096 γενόμεναι
1456 1007 1577 1097 χρόνον,
1601 1012 1657 1072 οὐκ
1680 1007 1759 1074 ὄντα

168 1138 181 1176 ε
208 1108 323 1184 πάσαις
347 1109 557 1199 ὀφειλόμενον,
575 1101 626 1174 διά
641 1109 701 1183 τήν
719 1110 895 1184 ἀνισότητα
912 1121 976 1175 τῶν
992 1114 1022 1176 ἐν
1041 1111 1181 1200 σώμασιν
1200 1113 1284 1194 βίων
1304 1111 1387 1176 ἀλλά
1403 1123 1499 1178 τοῦτο
1522 1115 1576 1203 μέν
1602 1105 1760 1180 δέδεικται

208 1215 263 1280 καί
287 1205 338 1280 διά
360 1216 492 1283 τούτων.
512 1214 587 1282 Ὅτι
611 1209 644 1283 δέ
667 1217 720 1282 καί
737 1221 752 1281 ό
769 1217 882 1282 ἑκατύν
899 1212 1066 1309 ἐφαρμόζει
1083 1211 1278 1306 συμύολικῶς
1295 1231 1336 1304 τῇ
1356 1230 1413 1308 μιᾷ
1429 1221 1547 1311 γενέσει
1570 1221 1626 1286 καί
1646 1230 1692 1304 τῷ
1715 1221 1759 1286 ἑνί

210 1325 277 1407 βίῳ,
301 1324 499 1413 προείπομεν·
523 1323 577 1387 καί
600 1325 646 1396 εἰη
673 1323 710 1387 ἄν
735 1315 808 1400 δίῖος
835 1325 889 1413 μὲν
906 1330 925 1398 ή
945 1316 1046 1405 δεκάς,
1062 1325 1269 1402 πλουτώνειος
1292 1317 1324 1392 δὲ
1348 1332 1366 1400 ή
1393 1327 1507 1416 χιλιάς,
1532 1318 1700 1394 Ποσειδῶνι
1725 1317 1759 1393 δὲ

209 1431 353 1520 ἀνειμένη
379 1436 400 1505 ή
425 1428 608 1508 ἑκατοντάς·
633 1437 653 1504 ή
679 1433 734 1519 μὲν
758 1431 819 1523 γάρ
842 1435 926 1496 ἐστιν
943 1431 1041 1509 ὄντως
1059 1435 1194 1524 οὐρανία,
1212 1433 1284 1510 τούς
1301 1426 1485 1524 μοναδικοὺς
1510 1435 1656 1526 ἀριθμούς
1680 1460 1759 1525 συμ-

208 1541 406 1627 περαίνουσα,
431 1538 485 1602 καί
508 1544 548 1615 εἰς
572 1537 632 1612 τήν
665 1532 786 1629 μονάδα
809 1538 870 1612 τήν
895 1531 1124 1632 δημιουργικὴν
1149 1543 1389 1632 ἐπιστρέφουσα·
1415 1554 1478 1610 τῶν
1502 1536 1536 1610 δὲ
1560 1545 1706 1634 οὐρανίων
1731 1548 1759 1609 οἰ

155 1675 181 1715 ιο
210 1636 373 1736 μοναδικοί
396 1644 520 1736 ἀριθμοί
534 1645 649 1724 πάντες
666 1647 780 1724 εἰκόνες
799 1638 850 1713 διά
866 1647 925 1720 τήν
943 1649 1114 1722 ἁπλότητα
1130 1649 1189 1721 τήν
1213 1654 1343 1718 ἑαυτῶν·
1361 1658 1381 1727 ή
1408 1644 1441 1720 δὲ
1465 1650 1682 1729 πλουτώνειος,
1708 1643 1759 1719 διά

209 1755 247 1822 τό
271 1746 408 1822 κυύικόν·
431 1756 499 1820 ἐστι
523 1753 583 1846 γάρ
608 1757 670 1823 ἀπὸ

209 1973 232 2038 f.
252 1973 316 2040 120
332 1996 373 2054 v.,
395 1975 508 2041 eadem
530 1975 664 2042 lacuna:
689 1983 784 2040 τοῦτο
808 1985 876 2051 ταῖς
900 1973 1131 2065 ὐποχθονίαις...
1156 1980 1183 2040 εἰ
1199 1965 1232 2040 δέ
1249 1979 1279 2040 έν
1306 1973 1388 2061 μέσῳ
1412 1974 1566 2042 τούτων...
1583 1967 1665 2052 ζωῆς
1689 1977 1757 2039 ἐστι

210 2077 386 2169 σύνθημα...
409 2081 460 2145 ἐπί
477 2072 531 2146 δύο
548 2072 722 2164 διάστασιν,
737 2093 778 2168 τῇ
797 2083 914 2174 γενέσει
930 2083 1105 2173 πρέπουσαν
1122 2083 1176 2148 καί
1193 2072 1273 2148 διότι
1289 2074 1502 2173 τριῳδουμένα
1525 2080 1620 2171 μονάς
1643 2087 1662 2156 ή
1687 2087 1760 2148 ἑκα-

151 2203 154 2211 “
209 2189 323 2266 τοντάς
347 2195 389 2266 εἰς
412 2189 467 2255 τόν
482 2201 677 2281 τριαινοῦχον
696 2191 938 2281 ἀναπεμπομένη
959 2190 1037 2258 θεόν.
1055 2191 1116 2255 Καί
1139 2194 1155 2254 ὁ
1175 2191 1229 2280 μέν
1253 2190 1387 2256 Πλάτων
1413 2182 1465 2256 διά
1487 2190 1638 2268 τοιαύτας
1655 2192 1758 2267 αἰτίας

156 2321 182 2360 ιε
211 2290 381 2364 ἀποδίδωσι
394 2298 453 2370 τήν
466 2289 596 2388 χιλιάδα
609 2310 678 2374 ταῖς
690 2299 749 2364 ὐπθ
766 2309 811 2382 τῷ
827 2299 988 2364 Πλούτωνι
1001 2295 1124 2388 ψυχαῖς·
1140 2303 1155 2362 ὁ
1170 2291 1203 2364 δέ
1220 2298 1346 2388 Ὀρφεύς
1359 2299 1382 2384 ¹)
1400 2290 1452 2364 διά
1464 2301 1649 2389 τριακοσίων
1663 2297 1759 2375 αὐτάς

209 2410 299 2488 ἐτῶν,
323 2406 385 2471 ἀπό
408 2415 470 2470 τῶν
495 2406 601 2470 τόπων
625 2405 696 2497 ἄγει
718 2417 781 2472 τῶν
805 2409 864 2472 ὐπό
887 2417 946 2498 γῆς
966 2407 1098 2472 καὶτῶν
1123 2411 1187 2472 ἐκεῖ
1207 2400 1433 2497 δικαιωτηρίων
1453 2402 1537 2484 αὐθις
1563 2412 1604 2484 εἰς
1628 2407 1758 2498 γένεσιν,

211 2511 354 2602 σύνθημα
377 2513 431 2578 καί
453 2507 542 2590 οὗτος
558 2514 739 2603 ποιούμενος
756 2513 813 2590 τάς
829 2526 911 2606 τρεῖς
928 2508 1142 2590 ἑκατοντάδας
1166 2526 1223 2590 τῆς
1244 2517 1365 2592 τελείας
1389 2505 1532 2606 περιόδου
1556 2525 1619 2579 τῶν
1643 2513 1760 2604 ἀνθρω-

210 2624 305 2688 πίνων
324 2624 397 2707 βίων
414 2621 644 2713 καθαιρομένων
661 2622 705 2712 ἐφ’
724 2619 767 2698 οἷς
784 2615 924 2700 έύίωσαν,
942 2623 1201 2712 ἐπιστρεφόμεναι
1217 2622 1276 2694 τήν
1293 2624 1422 2713 γένεσιν.
1447 2629 1483 2686 Εἰ
1507 2614 1541 2687 δὲ
1556 2621 1616 2696 τήν
1633 2621 1758 2712 χιλιέτη

211 2731 339 2820 πορείαν
363 2728 417 2794 καί
439 2735 481 2806 εἰς
505 2729 561 2806 τάς
585 2733 617 2794 έν
641 2733 759 2820 οὐρανῷ
784 2727 883 2820 ψυχάς
912 2731 1157 2820 ἀναπέμπωμεν,
1183 2731 1285 2808 ἄλλως
1310 2731 1347 2796 ἄν
1371 2735 1437 2812 ἐκεῖ
1459 2731 1622 2820 θεωροῦμεν
1647 2729 1759 2814 αὐτήν,

156 2873 183 2912 20
211 2847 269 2914 τῆς
286 2835 387 2928 ψυχῆς
403 2838 556 2915 πεσούσης
570 2838 624 2931 μέν
642 2845 683 2916 εἰς
700 2840 820 2930 γένεσιν
838 2832 889 2904 διά
905 2849 962 2916 τῆς
979 2830 1200 2922 ἐκατοντάδος,
1218 2831 1308 2905 δυάδι
1319 2839 1380 2912 τήν
1397 2832 1524 2917 αὔξησιν
1538 2838 1759 2928 ύπομεινάσης,

211 2943 440 3036 έπιστρεψάοης
458 2937 491 3010 δέ
507 2936 558 3010 διά
574 2956 633 3024 τῆς
649 2938 812 3036 τριαδικῆς
830 2941 986 3026 αὐξήσεως
1003 2946 1099 3012 πάλιν
1117 2953 1158 3022 εἰς
1174 2946 1234 3018 τήν
1252 2936 1382 3011 δεκάδα·
1398 2937 1538 3035 προόδων
1562 2943 1622 3034 γάρ
1646 2949 1665 3017 ή
1686 2935 1760 3021 δυάς

212 3055 300 3119 αἰτία
322 3063 426 3131 πᾶσιν,
452 3059 643 3144 ἐπιστροφῶν
668 3047 702 3120 δέ
725 3061 744 3128 ή
770 3054 867 3146 τριάς,
889 3051 932 3131 οἷς
949 3057 1049 3128 ἐκείνη
1070 3046 1219 3145 προόδων·
1237 3055 1303 3120 ἐπεί
1320 3049 1371 3118 οὐν
1388 3058 1428 3131 εἰς
1446 3053 1571 3143 οὐρανόν
1595 3059 1614 3127 ή
1641 3043 1760 3134 ἄνοδος,

211 3161 282 3228 ὅθεν
305 3163 359 3227 καί
382 3167 401 3235 ή
427 3151 568 3243 κάθοδος,
594 3160 721 3237 εἰκότως
737 3167 757 3234 ή
776 3161 879 3250 χιλιάς
896 3165 1047 3227 κάκείνων
1065 3154 1160 3234 δηλοῖ
1173 3161 1233 3232 τήν
1252 3155 1345 3240 ζωήν,
1363 3163 1419 3226 οὐκ
1436 3159 1484 3224 ἐτι
1500 3158 1633 3223 καθόσον
1658 3149 1760 3238 κύύος,

212 3267 296 3334 ἀλλά
318 3267 452 3334 καθόσον
476 3267 541 3358 τρίς
564 3260 747 3354 ηὐξημένος,
773 3268 949 3356 ἐπιστρέφει
973 3267 1010 3331 τύ
1033 3268 1123 3342 τέλος
1146 3273 1191 3342 εἰς
1206 3266 1266 3339 τήν
1284 3265 1394 3354 ἀρχήν·
1412 3267 1461 3330 ὅτι
1485 3257 1519 3332 δὲ
1541 3271 1561 3340 ή
1586 3263 1758 3338 ἑκατοντάς

156 3411 183 3450 2⁵
211 3369 289 3453 εἶδός
313 3401 346 3441 τι
362 3370 444 3455 ζωῆς
461 3375 555 3452 ἐστίν,
572 3366 667 3447 δηλοῖ
681 3374 734 3438 καί
750 3378 765 3437 ὁ
782 3383 844 3438 τῶν
862 3379 991 3440 Μουσῶν
1007 3375 1111 3466 λόγος,
1126 3372 1183 3450 τάς
1201 3365 1308 3451 διττάς
1326 3374 1473 3464 ἀρμονίας
1490 3383 1548 3450 τῆς
1567 3370 1760 3464 ἀνθρωπίνης

211 3475 354 3574 περιόδου
379 3492 493 3576 γεννῶν
518 3474 569 3548 διά
591 3493 650 3558 τῆς
673 3473 884 3557 ἑκατοντάδες

212 3701 236 3770 f.
255 3703 329 3782 121,
347 3703 461 3769 eadem
478 3703 612 3769 lacuna:
628 3703 804 3788 πλευρῶν...
820 3698 880 3771 τήν
905 3699 1082 3790 ὁμοιότητα
1097 3709 1155 3776 τῆς
1172 3701 1365 3788 ἀμείνονος...
1392 3697 1503 3782 βαίνων·
1520 3697 1575 3763 τόν
1597 3688 1630 3763 δὲ
1647 3699 1683 3762 ἐκ
1698 3707 1761 3764 τῶν

212 3814 282 3878 ἀν...
296 3807 413 3877 κατά...
425 3831 534 3873 τιστον
551 3807 717 3898 ἄρμονικύν
730 3807 825 3898 λόγον
838 3807 892 3870 καί
904 3807 1150 3897 ἁπλούστερον...
1165 3809 1262 3872 οὐσῶν
1275 3808 1349 3896 πρύς
1362 3805 1506 3881 ἀλλήλας
1519 3815 1577 3881 τῆς
1590 3805 1761 3895 χείρονος...

210 3916 315 3993 πάσης
338 3926 397 3992 τῆς
421 3918 452 3979 ἐν
476 3917 596 4005 γενέσει
611 3910 693 3995 ζωῆς
709 3923 728 3992 ή
747 3915 928 3993 ἑκατοντάς,
945 3921 971 3982 εἰ
987 3917 1041 3981 καί
1057 3922 1077 3989 ή
1096 3917 1151 4005 μὲν
1168 3916 1253 3980 καταί
1276 3925 1345 3981 νοῦν
1370 3919 1465 3996 ἐστιν,
1489 3920 1509 3987 ή
1536 3904 1569 3979 δέ
1592 3913 1677 3979 κατά
1693 3924 1760 3980 νοῦν

156 4069 185 4108 ,0
212 4025 265 4090 καί
280 4023 378 4102 πάθος
402 4023 509 4114 (μόνον
525 4023 584 4116 γάρ
602 4021 678 4091 εἶναι
694 4024 791 4101 πάθος
808 4025 859 4090 ἐπί
875 4021 976 4114 ψυχῆς
994 4023 1198 4115 ἀνθρωπίνης,
1214 4028 1356 4115 ἐνεργοῦν
1376 4020 1460 4088 κατά
1481 4021 1588 4087 πάντα
1612 4023 1667 4087 τόν
1693 4023 1759 4106 βίον

212 4125 391 4216 ἀδύνατον),
408 4133 500 4207 καίή
527 4133 582 4223 μὲν
606 4135 703 4198 ἔοικεν
727 4144 768 4218 τῇ
795 4134 855 4198 ἀπὸ
879 4143 937 4208 τῆς
960 4124 1181 4215 ἑκατοντάδας,
1207 4132 1304 4209 ἰσάκις
1328 4135 1379 4220 ἴση
1406 4130 1555 4222 γενομένῃ
1580 4124 1658 4214 ζωῇ,
1682 4135 1702 4203 ή
1728 4119 1761 4194 δέ

211 4251 252 4326 τῇ
279 4239 340 4305 ἀπύ
361 4239 481 4316 ταύτης
505 4239 637 4304 καὶτοῦ
662 4238 712 4308 ὐπ’
738 4239 837 4312 αὐτήν
854 4237 1009 4304 κατάτύν
1026 4240 1195 4329 ἐπίτριτον,
1219 4238 1303 4303 ἀλλά
1324 4241 1361 4303 τύ
1386 4239 1441 4328 μέν
1466 4239 1567 4302 κοινόν
1585 4228 1693 4311 δῆλον.
1718 4273 1757 4285 -

212 4340 298 4415 Ἡδὲ
321 4347 391 4413 κατ’
417 4347 513 4438 ἄρθρα
537 4340 691 4438 διαίρεσις,
715 4347 758 4413 τά
781 4348 835 4436 μὲν
854 4348 988 4438 μέγιστά
1004 4339 1169 4437 διαιρεῖται
1185 4356 1248 4411 τῶν
1265 4347 1433 4436 ἀμεινόνων
1450 4345 1503 4411 καί
1522 4344 1679 4436 χειρόνων,
1703 4345 1761 4409 ὅσα

211 4456 282 4548 περί
313 4453 397 4532 θεούς
420 4457 439 4527 ῆ
464 4455 574 4545 γονέας
597 4455 682 4520 ἐστίν
706 4455 776 4518 ὅσια
806 4455 860 4519 καί
891 4453 1000 4519 ἀνόσια
1031 4457 1118 4545 ἔργα.
1142 4453 1204 4518 Καί
1226 4452 1285 4544 γάρ
1310 4460 1338 4518 οί
1361 4465 1459 4544 γονεῖς
1487 4453 1641 4545 ἀνάλογον
1671 4459 1761 4541 ήμῶν

157 4607 184 4644 ³⁵
214 4565 344 4656 ἄρχουσι
366 4563 454 4649 θεοῖς,
470 4573 664 4653 προεστῶτες
681 4563 735 4626 καί
751 4563 840 4628 αύτοί
855 4572 913 4638 τῆς
930 4561 1088 4653 γενέσεως,
1105 4562 1159 4626 καί
1175 4561 1246 4637 τούς
1263 4561 1491 4653 γενεσιουργούς
1510 4555 1762 4649 ἐνεικονιζύμενοι

213 4672 307 4751 θεούς,
331 4678 360 4738 οἰ
382 4681 541 4737 κατιοῦσιν
557 4676 645 4757 ῆμῖν,
662 4671 716 4734 καί
732 4671 884 4760 ὀχήματα
901 4662 1166 4760 ἐδημιούργησαν,
1183 4671 1236 4735 καί
1252 4669 1292 4734 τά
1310 4671 1399 4746 ἐκτύς
1423 4662 1580 4735 ἀπέδοσαν
1603 4669 1763 4760 πρέποντα

212 4791 282 4856 ταῖς
305 4772 458 4871 περιόδοις
481 4790 544 4844 τῶν
562 4775 677 4869 ψυχῶν·
699 4770 745 4844 διό
769 4789 827 4855 τῆς
852 4782 950 4854 αὐτῆς
966 4772 1097 4858 ἠξίωσεν
1115 4780 1220 4869 μοίρας
1240 4778 1373 4868 ἐκάτερα
1396 4777 1438 4842 τά
1461 4802 1499 4842 τε
1522 4787 1585 4842 τῶν
1610 4775 1684 4842 θεῶν
1709 4775 1763 4840 καί

213 4885 255 4952 τά
277 4897 341 4964 τῶν
365 4887 491 4979 γονέων,
515 4880 672 4952 εὐσέόειάν
695 4911 732 4952 τε
755 4887 809 4952 καί
833 4878 1014 4952 δυσσέόειαν
1039 4887 1099 4959 τήν
1124 4885 1224 4960 αὐτήν
1253 4885 1437 4976 ἀμφοτέροις
1462 4876 1676 4951 ἀποδέδωκεν·
1698 4883 1765 4949 έπεί

213 4994 267 5060 καί
290 5001 319 5061 οἰ
343 4994 405 5061 θεοί
429 4995 559 5085 πατέρες
582 5001 693 5086 ήμῶν,
717 4995 772 5060 καί
802 5001 830 5060 οἱ
853 4995 984 5086 πατέρες
1009 4993 1073 5060 θεοί
1101 4995 1176 5085 πρύς
1199 4999 1300 5084 ἡμᾶς,
1325 4984 1372 5058 διὸ
1397 4994 1449 5058 καί
1482 5000 1510 5059 οἰ
1533 5004 1596 5060 τῶν
1620 4992 1762 5086 πατέρων

249 5333 272 5410 ¹)
290 5334 375 5392 Novo
393 5339 531 5408 respectu
549 5335 588 5392 ad
605 5334 756 5408 incognita
774 5335 885 5408 Orphei
904 5334 1043 5408 carmina,
1062 5350 1098 5391 οο
1116 5332 1291 5407 diligentius
1311 5333 1452 5391 notanda.
