4022 6072
789 521 896 595 Liber
927 522 1214 596 Testimoniorum
1723 535 1773 590 151

227 708 285 766 que
295 689 425 748 violatus
434 689 639 766 promissionis
648 688 795 747 offensum
806 689 975 764 specialiter
1028 691 1072 750 ita
1085 691 1205 750 diceus:
1219 711 1235 746 e
1248 693 1289 750 Et
1301 691 1464 750 divisiones
1477 695 1681 767 operationum
1694 700 1775 768 sunt,

226 785 324 841 Deum
336 787 483 856 taugeret,
498 782 573 838 etin
592 781 714 840 minoris
726 782 868 856 injuriam
887 783 975 856 culpa
1027 784 1107 841 idem
1129 802 1201 844 vero
1225 785 1308 842 Deus
1321 805 1357 840 a.
1381 785 1421 841 Et
1441 786 1530 858 paulo
1551 790 1634 859 post:
1655 805 1672 839 r
1691 787 1775 844 Haec

227 873 433 932 decresceret?
450 857 491 930 St
507 891 567 930 non
585 874 628 930 ita
646 879 701 933 est.
726 873 803 930 llam
821 873 852 930 in
871 873 974 930 divini·
1028 873 1126 931 omnia
1145 881 1285 948 operatur
1302 893 1382 933 unus
1401 881 1490 949 atque
1509 875 1589 933 idem
1611 875 1773 949 Spiritus».

227 965 307 1036 tatis,
327 965 431 1035 idest,
450 963 549 1022 sencti
567 965 696 1037 Spiritus
719 965 890 1023 ascendisse
909 983 975 1022 con·
1028 965 1123 1033 Quem
1141 963 1172 1020 in
1198 964 1302 1021 eodem
1321 963 1460 1038 capitulo,
1487 963 1582 1038 primo
1601 965 1666 1021 loco
1685 963 1775 1038 Spiri-

228 1055 383 1112 tumeliam
397 1054 537 1128 sacrilegi
549 1054 691 1113 facinoris
709 1055 799 1114 velox
812 1054 973 1127 singularis
1027 1063 1093 1114 tum
1104 1057 1318 1128 nominaverat,
1332 1055 1464 1113 secundo
1475 1056 1573 1113 Deum
1586 1055 1774 1129 significavit,

228 1144 357 1218 exempli
369 1162 465 1217 poena
476 1144 638 1218 perdocuit,
658 1161 726 1202 eum
738 1151 863 1217 uterque
877 1151 974 1201 treus·
1028 1148 1117 1206 tertio
1129 1150 1208 1206 huuc
1222 1149 1319 1205 Deum
1338 1152 1474 1203 sanctum
1488 1162 1555 1203 esse
1574 1145 1715 1220 Spiritum
1729 1147 1775 1203 de·

227 1251 350 1310 gressor
368 1235 425 1293 sub
437 1253 510 1295 voce
528 1235 709 1310 increpantis
723 1235 850 1310 apostoli
868 1235 975 1293 cecidit
1026 1237 1267 1309 monstravit,its
1276 1235 1393 1293 dicens:
1407 1235 1775 1308 «Haeoomnieoperatur

226 1333 258 1383 et
276 1325 449 1401 exspiravit.
1026 1345 1104 1384 unus
1122 1332 1213 1400 atque
1234 1326 1313 1384 idem
1332 1325 1468 1398 Spiritus,
1488 1323 1625 1382 dividens
1645 1325 1773 1399 singulis

261 1417 346 1474 Inter
370 1417 446 1473 haec
469 1416 558 1473 valde
576 1418 780 1474 necessarium
805 1422 853 1474 est
878 1419 973 1475 sancti
1026 1423 1115 1491 prout
1133 1417 1200 1474 vult
1212 1437 1238 1472 a.

227 1504 356 1579 Spiritus
374 1503 527 1562 Deitatem
545 1505 767 1578 proficientibus
785 1507 816 1564 in
835 1506 893 1564 fide
913 1507 973 1564 evi·
1062 1527 1079 1561 r
1098 1505 1251 1574 Dividere,
1275 1505 1380 1578 inquit,
1400 1504 1528 1578 singulis
1550 1510 1639 1578 prout
1656 1507 1773 1564 vult».

227 1593 369 1652 dentibus
380 1593 536 1668 assignare
545 1594 739 1652 documentis.
753 1596 828 1654 Cum
840 1597 879 1654 ad
891 1597 973 1655 Chri·
1026 1597 1152 1655 Divinae
1169 1603 1295 1654 naturae
1308 1602 1355 1654 est
1373 1601 1470 1653 totum
1488 1613 1576 1669 posse
1596 1595 1675 1669 quod
1689 1596 1773 1669 velit,

227 1691 308 1744 stum
329 1685 451 1760 quidem
469 1703 507 1744 ex
528 1686 597 1759 lege
615 1689 753 1747 conversi
775 1687 974 1762 disceptarent
1025 1693 1061 1744 ut
1086 1689 1125 1746 ed
1143 1690 1199 1745 hoc
1225 1688 1304 1763 quod
1325 1688 1460 1762 jusserit,
1486 1686 1585 1745 virtus
1611 1687 1774 1746 famuletur

226 1775 373 1832 adversus
397 1777 529 1847 Petrum,
555 1793 609 1833 cur
631 1777 738 1849 gentili
764 1777 899 1835 Cornelio
924 1778 972 1834 vel
1026 1779 1160 1839 effectus.

226 1884 293 1924 cum
307 1866 373 1940 ejus
386 1866 484 1938 sociis,
498 1868 597 1925 cibum
612 1868 829 1943 participasset,
844 1871 973 1928 asseruit
1062 1889 1078 1924 e
1097 1867 1250 1939 Dividere,
1275 1867 1380 1940 inquit,
1400 1867 1528 1941 singulis
1554 1871 1644 1940 prout
1662 1870 1771 1926 vult».

224 1957 340 2014 iactum
353 1957 419 2030 ejus
430 1957 547 2014 divinae
560 1956 696 2016 lectionis
709 1960 882 2018 auctoritas.
895 1962 972 2018 Nem
1025 1961 1108 2016 Nulli
1130 1958 1284 2016 arbitreris
1304 1959 1476 2027 secundum,
1503 1977 1591 2032 quem
1609 1959 1685 2016 nulli
1710 1979 1776 2035 per·

226 2065 316 2122 super
334 2048 472 2106 eumdem
491 2047 702 2120 centurionem,
722 2051 773 2107 vel
794 2049 826 2106 in
845 2067 896 2107 eos
920 2051 972 2122 qui
1027 2048 1115 2122 spicis
1134 2065 1200 2106 esse
1219 2047 1398 2121 subjectum.

228 2136 317 2195 simul
336 2137 462 2194 aderant
480 2135 576 2209 signis
596 2143 684 2208 atque
706 2137 859 2196 miraculis
879 2140 972 2197 mani·
1060 2157 1078 2190 r
1089 2137 1241 2210 Dividere,
1250 2137 1378 2208 singulis
1390 2143 1478 2210 prout
1488 2138 1644 2194 vultaDe
1658 2153 1774 2193 summa

224 2227 338 2284 festum
356 2226 484 2300 Spiritus
503 2233 624 2283 sauctus
637 2227 804 2300 majestatis
824 2247 896 2287 suae
909 2247 972 2303 pro·
1026 2228 1323 2302 potestateprooedit
1337 2229 1486 2300 voluntas,
1506 2229 1555 2284 cui
1573 2229 1686 2285 nullius
1705 2246 1774 2285 con·

226 2319 352 2376 didisset
369 2317 517 2392 illapsum.
536 2319 584 2374 lta
596 2318 759 2392 apostolica
778 2323 972 2394 consequenti
1026 2317 1145 2374 tradicit
1158 2317 1337 2386 auotoritas;
1352 2317 1462 2390 quique
1473 2317 1575 2373 divine
1587 2335 1711 2374 munera
1720 2336 1773 2391 pro

111 2405 113 2408 ’
224 2408 431 2483 prosecutione
456 2409 584 2481 digessit
607 2409 751 2467 historia:
771 2431 789 2466 ι
807 2413 847 2468 Et
868 2413 971 2470 obstu·
1025 2408 1141 2466 arbitrii
1165 2408 1277 2482 proprii
1292 2408 1361 2481 jure
1387 2408 1548 2482 dispensat,
1568 2408 1667 2482 legem
1688 2426 1773 2483 supe·

224 2505 362 2572 puerunt,
382 2499 487 2573 iuquit,
501 2517 539 2558 ex
558 2501 784 2559 circumcisione
796 2502 909 2575 fideles,
919 2503 971 2575 qui

224 2597 444 2648 venerantoum
453 2591 551 2658 Petro,
565 2591 636 2664 quis
644 2598 675 2648 et
686 2591 717 2648 in
726 2590 863 2650 nationes
872 2593 972 2666 gratia

225 2679 354 2754 Spiritus
373 2680 468 2737 sancti
486 2679 583 2737 effusa
601 2681 680 2755 estl)
693 2701 727 2737 a.

246 2770 333 2838 Quis
345 2775 394 2827 est
410 2770 460 2826 hic
473 2769 623 2842 Spiritus?
641 2777 858 2845 consequenter
875 2779 973 2831 osten·

225 2859 283 2916 dit:
302 2879 319 2913 r
332 2858 508 2930 Audiebant,
528 2857 634 2931 inquit,
652 2859 722 2917 illos
741 2861 899 2934 loquentes
917 2863 971 2920 lin·

224 2948 302 3022 guis,
321 2955 352 3006 et
363 2947 597 3019 magnificabant
607 2950 704 3006 Deum
714 2969 741 3020 ›,
753 2968 842 3022 quem
860 2951 899 3009 sd
909 2971 971 3010 mo-

223 3041 302 3112 dum,
321 3040 380 3098 uisi
402 3041 497 3110 illum,
517 3041 604 3114 cujus
630 3059 663 3098 se
681 3042 813 3116 repletos
837 3061 969 3115 munere,

223 3129 397 3188 diversitate
416 3131 589 3204 linguarum
601 3149 636 3189 ac
649 3133 796 3191 virtutum
809 3133 970 3207 miraculis,

223 3219 432 3277 testabantur?

257 3307 298 3364 Et
324 3309 415 3381 paulo
446 3315 517 3383 post
543 3311 623 3368 huuc
650 3311 766 3382 gratiae
796 3311 972 3384 largitorem

222 3399 319 3455 Deum
339 3417 405 3456 esse
424 3399 606 3470 manifestat,
625 3400 671 3457 ita
682 3400 798 3457 dicens:
817 3423 835 3456 r
848 3402 878 3459 Si
897 3421 969 3474 ergo

174 3511 177 3518 ¹
222 3488 357 3546 eamdem
370 3491 498 3562 gretiam
512 3491 594 3548 dedit
607 3492 668 3550 illis
681 3491 776 3560 Deus,'
787 3493 867 3550 sicut
879 3500 911 3551 et
921 3511 969 3552 uo-

185 3613 186 3616 *
222 3577 277 3647 bis,
303 3596 360 3650 ego
386 3579 455 3651 quis
480 3597 562 3637 eram
589 3583 641 3652 qui
665 3598 784 3654 possem
811 3583 969 3656 prohibere

221 3667 338 3724 Deum?
347 3687 381 3738 »,
401 3667 499 3740 idest,
513 3668 654 3741 Spiritum
668 3676 814 3741 sanctum,
827 3689 865 3729 ne
880 3689 970 3745 super

222 3771 284 3827 eos,
302 3774 429 3829 quorum
448 3757 523 3816 fldes
538 3758 772 3816 benedictionem
791 3760 969 3834 merebatur,

220 3845 367 3904 influeret.

258 3936 400 4010 Sequenti
417 3937 508 3996 etiem
528 3937 721 3997 attestatione
736 3958 808 3998 mox
827 3941 968 3998 subdidit:

221 4047 239 4080 r
252 4027 292 4084 Et
304 4028 450 4086 miserunt
462 4031 630 4088 Barnabam
643 4048 738 4103 usque
748 4029 968 4088 Anthiochiam.

1024 2497 1113 2556 rioris
1131 2498 1258 2571 ignorat

1060 2588 1198 2661 Apostoli
1210 2589 1241 2646 iu
1254 2589 1349 2662 prima
1361 2590 1400 2646 ad
1412 2588 1581 2646 Corinthios
1600 2605 1698 2646 sermo
1711 2595 1770 2646 eet:

1025 2698 1042 2733 ‹
1066 2678 1129 2736 Vos
1153 2679 1228 2737 estis
1253 2680 1398 2752 templum
1422 2679 1479 2736 Dei
1492 2679 1516 2754 ⁴)
1529 2694 1547 2728 r
1570 2679 1610 2734 Et
1634 2678 1701 2751 quis
1724 2679 1773 2736 hio

1024 2769 1107 2826 Deus
1132 2774 1220 2840 esset
1244 2769 1382 2842 exposuit
1408 2768 1524 2826 dicens:
1545 2787 1562 2822 e
1579 2768 1621 2824 Et
1645 2767 1773 2840 Spiritus

1023 2858 1081 2915 Dei
1098 2858 1216 2915 bebitat
1232 2859 1265 2914 iu
1280 2859 1367 2917 vobis
1380 2878 1417 2914 r.
1436 2859 1544 2932 Itaque
1563 2857 1646 2914 Deus
1667 2857 1771 2931 templi

1025 2950 1126 3023 etqui
1146 2949 1314 3007 habitatin
1339 2951 1458 3024 templo,
1479 2967 1539 3007 una
1564 2966 1691 3024 persona
1713 2955 1768 3005 est.

1024 3039 1112 3096 Unde
1130 3040 1273 3114 Spiritum
1286 3047 1423 3098 sanctum
1441 3041 1538 3097 Deum
1555 3056 1622 3096 esse
1641 3037 1773 3096 dilucide

1025 3128 1118 3186 series
1138 3147 1240 3186 sacrae
1258 3131 1397 3188 lectionis
1415 3129 1553 3188 asseruit

1060 3219 1143 3286 Quae
1162 3219 1227 3293 peri
1252 3219 1340 3277 modo
1358 3225 1390 3276 et
1407 3219 1438 3276 iu
1457 3217 1589 3276 secunda
1613 3217 1651 3273 ad
1671 3215 1773 3274 Corin·

1024 3307 1105 3364 thios
1130 3308 1209 3368 hunc
1233 3307 1434 3365 habitatorem
1458 3307 1563 3378 templi
1580 3307 1680 3362 Deum
1703 3321 1772 3360 esse

1024 3401 1162 3464 testatur,
1184 3397 1227 3453 ita
1248 3397 1365 3454 dicens:
1385 3416 1402 3451 e
1419 3396 1460 3452 Et
1480 3392 1654 3452 inhabitabo
1675 3392 1706 3448 in
1727 3391 1771 3449 eis

1024 3493 1054 3543 et
1076 3487 1273 3557 inambulabo,
1296 3493 1328 3544 et
1349 3503 1400 3544 ero
1421 3485 1541 3542 illorum
1558 3486 1642 3541 Deus
1664 3481 1771 3555 stipsi

1023 3582 1111 3633 eruut
1129 3577 1202 3632 mihi
1221 3576 1357 3649 populus,
1381 3573 1453 3630 dicit
1470 3573 1617 3630 Dominus
1640 3571 1771 3644 omnipo·

1024 3671 1091 3722 tens
1099 3667 1122 3739 ⁵)
1135 3686 1172 3720 a.
1192 3665 1341 3739 Propheta
1367 3662 1480 3735 Spiritu
1505 3666 1611 3719 sancto
1636 3660 1770 3733 repletus

1022 3756 1079 3812 hoc
1090 3755 1231 3829 loquitur,
1250 3754 1320 3826 quia
1332 3753 1359 3810 is
1377 3770 1436 3826 quo
1455 3750 1555 3808 ebrius
1569 3754 1693 3820 eructat,
1713 3766 1771 3804 om-

1022 3844 1161 3918 nipotens
1169 3849 1223 3902 est.
1234 3843 1401 3916 Prophetas
1409 3846 1509 3898 autem
1518 3838 1665 3895 instinctu
1673 3835 1770 3894 sancti

1022 3933 1150 4005 Spiritus
1163 3931 1281 4006 populis
1300 3929 1418 3988 dedisse
1438 3930 1635 4002 responsaret
1653 3924 1724 3982 novi
1741 3931 1772 3980 et

1022 4023 1133 4081 veteris
1147 4021 1333 4080 Testamenti
1343 4035 1472 4077 consona
1481 4023 1633 4074 testantur
1646 4014 1770 4087 eloquia.

222 4115 280 4184 Qui
292 4134 361 4174 cum
374 4118 561 4192 pervenisset
579 4126 611 4177 et
623 4119 751 4179 vidisset
762 4120 891 4194 gratiam
906 4119 969 4192 Dei,
1058 4115 1168 4170 Petrus
1189 4110 1345 4186 apostolus
1366 4109 1398 4166 in
1420 4109 1548 4184 epistola
1569 4123 1641 4163 sua:
1665 4104 1769 4174 «Non,

221 4206 347 4277 gavisus
360 4210 481 4283 θεώ»,
502 4209 593 4268 vides
605 4211 723 4283 quoti„
735 4211 767 4268 in
779 4230 841 4269 m
853 4211 969 4268 eadem.
1022 4203 1126 4278 inquit,
1146 4221 1184 4260 ex
1202 4201 1321 4258 homine
1347 4201 1448 4256 adlata
1467 4203 1514 4254 est
1535 4195 1698 4270 prophetia,
1718 4191 1771 4248 sed

221 4312 279 4368 que
291 4299 474 4355 oausahunc
487 4299 604 4371 gratiae
622 4299 859 4372 dispensatorem
871 4301 969 4357 Deum
1022 4293 1134 4368 Spiritu
1160 4301 1265 4350 sancto
1286 4289 1439 4364 insperati,
1465 4287 1558 4345 locuti
1584 4290 1656 4343 sunt
1674 4282 1771 4340 sancti

222 4399 287 4441 esse
301 4386 469 4443 confirmet:
488 4409 506 4442 e
518 4387 602 4458 Quia,
622 4387 726 4461 inquit,
740 4393 771 4446 et
788 4388 819 4445 iu
831 4387 969 4444 nationes
1022 4385 1080 4442 Dei
1095 4385 1232 4442 homines
1242 4403 1259 4437 a
1269 4383 1300 4456 ⁶).

220 4473 320 4547 gratia
332 4474 460 4548 Spiritus
475 4476 569 4533 sancti
588 4475 684 4534 effusa
697 4483 787 4550 est»,
801 4477 968 4535 divinitatis
1058 4475 1157 4533 David
1179 4491 1295 4549 quoque
1318 4471 1429 4544 Spiritu
1450 4474 1553 4528 sancto
1575 4467 1716 4541 repletus,
1740 4467 1771 4520 et

221 4569 269 4620 est
275 4563 479 4622 manifestatio
488 4565 703 4622 charismatum
710 4565 969 4640 profuselargitio.
1022 4565 1122 4638 gratia
1134 4565 1226 4638 hujus
1240 4561 1362 4620 virtutis
1375 4559 1503 4629 afflatus,
1517 4558 1561 4613 ita
1574 4555 1660 4614 dicit:
1679 4573 1696 4607 e
1708 4553 1771 4610 Au·

255 4651 295 4706 Et
322 4670 390 4709 curu
415 4652 474 4709 elio
498 4654 564 4710 loco
589 4653 733 4712 dixisset:
762 4675 779 4710 ‹
797 4655 969 4714 Divisiouee
1009 4655 1103 4711 'diem
1115 4651 1329 4727 quidloquitur
1341 4649 1430 4706 inme
1442 4647 1588 4703 Dominus
1607 4643 1768 4716 meuslt».

221 4739 387 4811 gratiarum
394 4743 425 4815 ⁸),
445 4743 525 4799 idem
543 4750 647 4801 eutem
664 4743 793 4818 Spiritus
805 4764 830 4816 a,
841 4745 909 4817 quis
923 4751 970 4802 est
1022 4745 1119 4801 Deum
1132 4743 1168 4799 de
1181 4760 1214 4800 ee
1225 4741 1314 4814 loqui,
1328 4745 1430 4798 sancto
1442 4738 1645 4796 inflammatus
1657 4731 1771 4808 Spiritu

222 4827 271 4885 hic
283 4830 431 4902 Spiritus?
440 4832 594 4889 Sententia
607 4832 792 4890 conclusione
806 4833 968 4907 perdocuit,
1022 4837 1217 4906 protestatur.

258 5066 281 5138 ¹)
298 5069 364 5123 Act.
384 5085 412 5138 x,
431 5069 476 5123 45.

258 5155 283 5228 ²)
303 5157 369 5212 Act.
387 5173 428 5229 ιι,
449 5158 492 5213 ll.

1060 5075 1084 5147 ⁵)
1103 5091 1114 5130 1
1135 5073 1200 5130 Gor.
1220 5087 1265 5144 111,
1286 5072 1329 5128 16.

1060 5165 1083 5235 ⁶)
1104 5179 1115 5218 1
1136 5163 1259 5231 Gor.v1,
1281 5161 1324 5216 16.

258 5245 282 5314 ³)
301 5245 345 5303 lb.
364 5248 408 5302 St.
1060 5253 1083 5326 ἵ)
1104 5269 1126 5308 ιι
1146 5252 1226 5309 Petr.
1246 5267 1266 5325 1,
1285 5252 1328 5307 st.

257 5337 280 5409 ⁴)
299 5352 310 5392 1
330 5336 394 5395 cor.
413 5354 467 5411 ιιι,
486 5341 512 5411 b,
533 5341 575 5397 ll.
