3978 6070
235 467 289 524 140
783 462 867 550 Quis
885 461 1058 534 oblivionis
1073 464 1230 554 flavius?

239 630 355 723 αἰθέρος
372 637 414 709 εἰς
429 631 489 706 τήν
506 632 611 697 ὑλικόν
626 626 740 710 ὰζωΐαν
753 633 927 711 κατιόντες,
939 633 996 709 τάς
1013 634 1164 723 ἀσχέτως
1181 639 1271 725 ήμῶν
1285 635 1338 700 καί
1351 641 1392 712 εἰς
1409 635 1446 700 τό
1464 639 1536 702 ύλον
1554 641 1781 730 άνηπλωμένας

238 737 318 821 ζωάς
342 743 585 829 κατακλείομεν,
610 743 659 806 ἵνα
682 739 846 834 γενώμεθα
870 733 922 807 θιίι
947 743 1125 816 στενότητα
1148 753 1207 819 τῆς
1231 737 1312 824 ζωῆς
1333 753 1379 827 τῷ
1400 743 1526 835 ἐσχάτῳ
1549 746 1653 831 τούτῳ
1678 739 1782 837 θεσμῷ

238 843 364 942 σύζυγοι
387 851 441 916 καί
464 851 644 941 πρέποντες,
669 855 703 916 ού
726 850 787 943 γάρ
811 847 850 927 ἦν
873 852 911 916 τό
934 855 1045 928 όλικῶς
1069 847 1130 932 ζῶν
1155 851 1240 942 θέμις
1263 862 1309 938 τῷ
1335 854 1540 945 μερικωτάτῳ
1564 850 1671 943 συζῇν·

502 1080 548 1143 ÷
572 1065 753 1140 Σκηνᾶσθαι
786 1061 838 1132 οὖν
856 1068 877 1156 ¹)
901 1065 996 1156 σφάς,
1019 1059 1081 1142 ήδη
1108 1068 1237 1160 ἑσπέρας
1269 1070 1449 1161 γενομένης,
1472 1084 1517 1146 -ζ-

461 1253 463 1267 Ι
502 1189 548 1251 -ζ-
569 1175 654 1267 παρά
673 1177 728 1242 τόν
745 1175 910 1267 Ἀμέλητα
926 1177 1082 1264 ποταμόν,
1103 1171 1147 1262 [οὗ
1164 1178 1201 1242 τό
1218 1169 1299 1270 ύθωρ
1317 1182 1445 1271 ἀγγεῖον
1469 1193 1515 1256 -ζ-

504 1297 550 1361 ÷
572 1276 659 1351 ούθέν
682 1285 813 1376 στέγειν,
830 1285 943 1373 μέτρον
960 1284 1016 1374 μέν
1033 1279 1085 1351 ούν
1102 1286 1135 1349 τί
1154 1296 1209 1350 τοῦ
1226 1277 1340 1363 ύθατος
1356 1296 1450 1352 πᾶσιν
1473 1301 1520 1362 2—

502 1405 549 1469 ÷
571 1396 742 1484 άναγκαῖον
767 1388 844 1459 είναι
865 1405 957 1473 πιεῖν,
973 1393 1045 1472 τοὺς
1070 1386 1104 1460 θὲ
1120 1395 1266 1486 φρονήσει
1283 1395 1326 1485 μή
1353 1391 1450 1476 σωζο-
1471 1411 1516 1472 -ζ-

501 1514 546 1577 -ζ-
570 1501 678 1593 μένους
691 1500 786 1568 πλέον
798 1503 897 1568 πίνειν
908 1513 964 1568 τοῦ
979 1503 1104 1594 μέτρου·
1121 1505 1176 1569 τὸν
1193 1494 1227 1570 δέ
1244 1505 1294 1570 άεί
1309 1504 1447 1591 πιόντα],
1471 1519 1516 1580 -ζ-

500 1623 546 1688 ÷
567 1609 694 1677 πάντων
718 1609 987 1681 ἐπιλανθάνεσθαι,
1011 1625 1056 1688 ÷

182 1849 207 1888 ιν
280 1824 346 1898 Τήν
371 1825 425 1914 μέν
449 1825 591 1917 ἑσπέραν,
609 1837 745 1918 συγγενῆ
763 1839 804 1913 τῇ
824 1828 919 1913 τελέα
935 1826 1054 1895 πτώσει
1070 1839 1128 1905 τῆς
1144 1828 1245 1920 ψυχῆς
1269 1832 1285 1892 ὁ
1305 1828 1398 1918 μῦθος
1415 1831 1618 1921 παρείληφεν,
1642 1835 1682 1906 ὡς
1706 1830 1782 1918 ἐμοί

236 1926 330 1999 δοκεῖ·
356 1935 467 2011 σκότος
491 1934 551 2026 γάρ
575 1936 671 2012 όντως
696 1937 868 2025 συμπίπτει
884 1939 953 2027 περί
970 1935 1070 2010 αύτήν
1085 1940 1121 2002 ἐκ
1136 1949 1194 2013 τῆς
1215 1939 1289 2028 πρὸς
1314 1937 1374 2010 τήν
1398 1939 1476 2010 ύλην
1501 1941 1609 2029 ῥοπῆς,
1631 1938 1685 2002 καί
1709 1939 1784 2004 στέ-

238 2067 323 2132 ρησις
346 2055 402 2109 τοῦ
427 2042 507 2110 θείου
524 2045 635 2135 φωτός·
653 2050 693 2123 ὡς
710 2041 761 2111 οὖν
777 2052 797 2121 ή
816 2049 939 2123 ποίησις
955 2047 1051 2137 λέγει,
1069 2046 1195 2137 ῥιφέντα
1211 2047 1266 2112 τόν
1284 2047 1459 2138 Ἥφαιστον
1477 2051 1515 2130 ἐκ
1527 2057 1583 2112 τοῦ
1609 2047 1783 2139 Ὀλύμπου,

235 2153 427 2243 πανημέριον
452 2153 606 2244 φέρεσθαι,
630 2155 684 2219 καί
707 2154 772 2244 ἅμα
795 2157 892 2238 ἠελίῳ
921 2147 1095 2221 καταθῦντι
1119 2166 1222 2221 πεσεῖν
1246 2161 1287 2232 εἰς
1311 2154 1370 2226 τήν
1401 2161 1545 2243 Λῆμνον,
1570 2157 1624 2222 τόν
1648 2159 1784 2246 ἔσχατον

237 2255 332 2326 ούσαν
358 2261 450 2347 βυθόν
473 2274 532 2340 τῆς
555 2265 643 2340 ύλης,
667 2265 721 2329 καί
744 2266 840 2342 ὄντως
862 2270 1017 2354 λημῶντα
1041 2277 1106 2343 τοῖς
1123 2269 1239 2341 ύλικοῐς
1255 2264 1395 2347 πάθεσιν,
1413 2267 1495 2330 ούτω
1515 2257 1553 2335 θή
1571 2264 1625 2329 καί
1648 2269 1664 2329 ό
1689 2264 1782 2356 μῦθος

182 2387 208 2426 ¹⁵
237 2365 325 2474 οὗτος
349 2369 465 2438 άνωθεν
490 2373 551 2438 άπό
575 2383 633 2450 τῆς
657 2374 819 2466 Λαχέσεως
843 2375 903 2448 τήν
927 2379 969 2450 εἰς
993 2375 1047 2440 τόν
1071 2373 1213 2464 πυθμένα
1237 2383 1293 2439 τοῦ
1317 2373 1435 2463 κόσμου
1458 2382 1521 2438 τῶν
1541 2369 1648 2464 ψυχῶν

237 2588 259 2652 f.
286 2589 366 2656 190:
391 2585 473 2678 ῥύσιν
499 2588 661 2676 ἐκφαίνων,
685 2592 725 2664 ὡς
743 2588 804 2653 άπό
820 2599 883 2653 τῶν
909 2588 1146 2677 φωτεινοτάτων
1164 2593 1205 2665 εἰς
1221 2589 1375 2653 τάναντία
1399 2596 1616 2655 καταντῶσαν.
1634 2585 1782 2676 Ἐσπέρας

235 2686 298 2770 ήθη
324 2696 502 2788 γενομένης,
527 2695 625 2767 αύτήν
650 2695 910 2770 κατασκήνοισθαι
933 2698 1038 2788 φησίν,
1061 2703 1101 2774 ὡς
1126 2702 1168 2773 είς
1191 2698 1228 2762 τό
1253 2707 1365 2774 σκῆνος
1390 2697 1486 2772 όντως
1510 2695 1547 2761 τό
1571 2705 1663 2785 σῶμα
1686 2689 1781 2760 τοῦτο

237 2793 430 2869 σπεύδουσαν
454 2809 485 2869 ἐν
510 2806 613 2890 σκότῳ
638 2816 697 2882 τῆς
719 2800 812 2885 ζωῆς.
830 2845 866 2856 -
888 2809 942 2883 Τίς
966 2802 1018 2872 οὖν
1035 2813 1050 2872 ό
1069 2804 1206 2895 Ἀμέλης
1229 2807 1382 2894 ποταμός,
1408 2801 1443 2870 ού
1466 2806 1504 2870 τό
1519 2796 1600 2896 ύθωρ
1625 2787 1785 2894 ούθένὰγ·

236 2922 319 3004 γεῖον
344 2914 466 3004 στέγειν
490 2915 598 3004 φησίνς
627 2912 767 3006 Λεγέσθω
792 2914 846 3005 μὲν
863 2909 915 2980 οὖν
932 2915 986 2978 καί
1002 2918 1017 2977 ό
1034 2916 1157 3002 ἐνικμος
1174 2911 1234 3004 ἀήρ
1251 2909 1339 2988 ούτος
1360 2917 1376 2976 ό
1391 2915 1554 3004 περιρρέων
1578 2911 1638 2986 τήν
1661 2922 1731 3005 γῆν,
1749 2911 1782 2976 θν

181 3033 209 3071 2⁰
238 3027 252 3086 ό
277 3023 408 3111 Τίμαιος
432 3024 566 3112 όμίκλην
591 3023 749 3108 ἐκάλεσεν,
774 3024 828 3088 καί
843 3023 903 3114 γάρ
915 3033 1028 3088 τοῦτον
1048 3023 1122 3113 ἀέρα
1139 3023 1216 3087 ὄντα
1233 3022 1354 3113 στέγειν
1378 3013 1465 3086 οὐδὲν
1491 3025 1616 3112 ἀγγεῖον
1640 3011 1782 3101 δύναται,

237 3131 291 3196 καί
312 3142 448 3220 ποταμῷ
472 3135 579 3212 ἔοικεν,
598 3133 646 3198 άεί
665 3133 832 3224 φερόμενος
857 3123 908 3196 θεά
931 3130 992 3202 τήν
1017 3131 1156 3197 ἄστατον
1175 3131 1258 3223 ῥοήν·
1276 3129 1415 3222 λεγέσθω
1434 3121 1467 3196 θέ
1483 3131 1537 3194 καί
1559 3138 1647 3194 πᾶσα
1669 3133 1689 3198 ή
1715 3127 1786 3218 περί

238 3237 297 3311 τήν
320 3250 381 3330 γῆν
405 3241 565 3331 ἐπίρρυτος
589 3241 643 3304 καί
667 3241 836 3330 άπόρρυτος
861 3241 989 3330 γένεσις,
1014 3240 1082 3330 όρον
1100 3241 1216 3329 ἔχουσα
1235 3230 1355 3321 οὐθένα,
1379 3237 1434 3302 καί
1456 3247 1550 3303 τοῦτο
1575 3228 1720 3310 δηλούτω
1743 3236 1781 3300 τό

239 3338 337 3436 μηθέν
355 3347 454 3419 αύτήν
472 3352 599 3440 ἀγγεῖον
613 3348 735 3439 στέγειν
745 3347 784 3436 ²),
801 3355 840 3424 ὡς
858 3340 955 3426 είθους
973 3340 1093 3425 οὐθενός
1110 3349 1198 3426 ὄντος
1217 3353 1320 3413 ἱκανοῦ
1339 3349 1461 3439 στέγειν
1477 3345 1537 3417 τήν
1555 3337 1656 3418 δεινήν
1672 3343 1783 3435 ἐκροήν

238 3466 295 3532 τῆς
312 3455 462 3532 τοιαύτης
479 3459 636 3548 γενέσεως.
654 3457 714 3522 Καί
729 3457 789 3548 γάρ
805 3464 845 3534 ῶς
863 3462 987 3548 ἀγγεῖον
1004 3467 1065 3524 πᾶν
1082 3467 1138 3524 τοῦ
1155 3461 1276 3533 ἐνόντος
1293 3455 1630 3548 ύγροῦμορφωτικόνί)
1646 3453 1784 3519 ἐστικαὶ

86 3599 89 3604 -
181 3584 209 3624 2⁵
238 3566 502 3654 σχηματιστικόν,
526 3567 608 3632 οὕτω
624 3565 677 3630 καί
693 3567 731 3632 τό
747 3557 825 3643 εἶθος
842 3575 904 3631 τῶν
922 3571 952 3633 ἐν
969 3567 1088 3658 γενέσει
1104 3567 1286 3657 φερομένων.
1305 3571 1396 3631 Δοκεῖ
1418 3557 1452 3630 δέ
1476 3588 1530 3655 μοι
1549 3563 1603 3628 καί
1619 3567 1635 3627 ό
1653 3567 1783 3651 Τίμαιος

237 3673 360 3752 τούτοις
384 3674 535 3765 σύμφωνα
556 3676 670 3767 λέγειν,
695 3680 726 3742 ἐν
744 3673 787 3753 οἷς
803 3677 908 3767 φησίν,
925 3675 1067 3751 ἐπιούσας
1083 3675 1140 3751 τάς
1157 3671 1258 3764 ψυχάς
1275 3678 1316 3749 είς
1333 3673 1476 3760 ποταμόν
1498 3661 1651 3736 ἐνθεῒσθαι
1673 3669 1783 3752 πολύν,

236 3783 297 3880 τήν
322 3784 529 3875 ἀστάθμητον
546 3785 653 3876 φοράν,
670 3795 733 3851 τῶν
749 3778 828 3871 τῇθε
844 3786 1035 3878 γιγνομένων
1053 3793 1187 3872 ποταμῷ
1204 3783 1258 3846 καί
1277 3782 1371 3858 αὑτός
1394 3772 1534 3859 εἰκάζων.
1550 3816 1594 3829 -
1611 3781 1649 3843 Τί
1667 3770 1704 3850 θή
1730 3773 1783 3842 σύν

237 3895 411 3958 αἰνίσσεται
434 3903 539 3971 τοῦτο,
563 3895 613 3957 ότι
637 3893 750 3983 μέτρον
768 3895 828 3957 άπό
844 3903 900 3958 τοῦ
918 3895 1094 3983 Ἀμέλητος
1110 3891 1242 3956 ἕκαστον
1261 3899 1343 3953 πιεῖν
1369 3891 1550 3978 ἀναγκαῖον,
1574 3888 1629 3953 τόν
1654 3879 1689 3953 δέ
1712 3911 1785 3978 φρο-

237 4005 325 4078 νήσει
348 4001 391 4090 μή
412 3997 586 4091 σωζόμενον
603 4002 732 4077 πλέονος
748 3999 955 4093 ἐμφορεῖσθαι,
979 3999 1086 4065 πάντα
1103 3990 1137 4063 δέ
1153 3999 1208 4063 τόν
1224 3998 1339 4062 πιόντα
1355 3996 1449 4061 πλέον
1466 3995 1485 4068 ή
1504 3999 1635 4062 ἔλασσον
1654 3995 1783 4061 πάντων

182 4123 210 4162 ⁸⁰
237 4112 495 4178 ἐπιλανθάνεσθαι
512 4122 574 4177 τῶν
590 4104 861 4203 προήεήιωμένων;
886 4109 905 4182 ή
924 4119 1019 4174 τοῦτο
1036 4099 1074 4179 θλ
1093 4112 1192 4173 ἐκεῖνο
1208 4108 1398 4195 παρίστησιν
1416 4105 1453 4170 τό
1469 4104 1528 4178 τήν
1545 4101 1649 4195 ψυχήν
1666 4104 1785 4195 γενέσει

238 4233 453 4299 κοινωνοῦσαν,
479 4223 533 4286 καί
556 4223 773 4312 άνεγείρυυσαν
797 4219 847 4285 ἐπί
872 4221 993 4309 μᾶλλον
1009 4215 1065 4294 τάς
1083 4215 1232 4307 ἐμπαθεῖς
1252 4209 1333 4296 ζωάς
1357 4214 1411 4279 καί
1434 4214 1639 4304 φιλογενέσεις
1664 4215 1784 4277 άποτυ-

236 4336 331 4420 φλοῦν
354 4330 471 4402 ἑαυτήν
495 4329 549 4395 καί
578 4328 815 4419 περισπωμένην
840 4326 898 4392 ὑπό
922 4335 985 4391 τῶν
1009 4325 1218 4399 πληττόντων
1246 4325 1277 4390 ἐν
1302 4332 1347 4406 τῷ
1372 4323 1446 4388 τότε
1469 4320 1575 4387 παθῶν
1600 4315 1783 4400 ἐξίστασθαι

237 4452 295 4516 τῆς
320 4441 447 4530 μνήμης
470 4449 533 4504 τῶν
558 4437 746 4530 ἔμπροσθεν·
769 4447 856 4502 πᾶσα
880 4435 941 4528 γάρ
966 4435 1104 4526 ἐνέργεια
1129 4445 1187 4510 τῆς
1211 4429 1349 4523 ψυχῆς*)

239 4657 261 4723 f.
279 4659 341 4723 190
354 4680 404 4724 ν.ς
423 4657 648 4746 [φανταστικῆς
666 4657 739 4719 εί...
759 4645 842 4737 ἀξία]
859 4650 879 4722 ή
895 4660 958 4715 τῶν
976 4653 1093 4740 ἐφετῶν
1110 4654 1136 4714 εἰ
1152 4659 1209 4724 τῆς
1226 4648 1402 4738 όρε[κτικῇς
1419 4647 1592 4730 παντελῶς]
1612 4645 1785 4733 ἀφίσταται

183 4786 209 4824 ³⁵
239 4767 292 4831 καί
305 4768 472 4831 ἀποστᾶσα
484 4763 538 4829 καί
550 4763 621 4840 τούς
634 4767 665 4829 έν
681 4771 722 4848 τῇ
741 4759 825 4851 ψυχῇ
843 4760 958 4836 τύπους
976 4753 1132 4849 ἀφανίζειν
1149 4760 1264 4848 όφείλει
1280 4765 1338 4831 τῆς
1354 4755 1467 4831 οἰκείας
1480 4754 1639 4830 κινήσεως·
1655 4751 1724 4818 ὅθεν
1738 4743 1777 4820 θλ

239 4875 293 4940 καί
317 4874 396 4940 ἄλλο
419 4897 455 4939 τε
480 4857 585 4938 ἄλλων
601 4878 678 4962 ἡμῖν
695 4873 817 4964 γίνεται
833 4868 929 4949 λήθη,
946 4871 1116 4959 προχείρων
1135 4866 1189 4957 μὲν
1206 4866 1304 4931 ὄντων
1319 4866 1442 4930 ἐκείνων
1465 4863 1538 4953 πρὸς
1563 4859 1605 4938 οἷς
1629 4861 1664 4927 ἂν
1689 4861 1777 4938 όντες

238 4982 446 5076 τυγχάνωμεν
458 4983 482 5066 ⁵)
497 4985 628 5072 μᾶλλον,
642 4986 682 5058 είς
700 4973 734 5046 θέ
749 4979 852 5055 λήθην
869 4978 1096 5060 ἐκπιπτόντων,
1114 4977 1172 5040 ὅσα
1190 4973 1225 5040 ἂν
1244 4974 1286 5064 μή
1306 4973 1456 5065 πρόχειρα
1472 4968 1634 5060 ποιώμεθα
1647 4959 1687 5034 θι·
1705 4971 1784 5057 άμε-

275 5143 298 5218 ¹)
311 5142 447 5216 Reipubl.
461 5158 489 5213 x,
502 5160 530 5214 p.
542 5140 604 5198 318.
616 5139 687 5199 Ood.
699 5140 738 5197 Η.
751 5139 791 5197 Μ.
805 5142 934 5196 σκήνασθι.
951 5168 984 5180 ·-
1074 5137 1096 5210 ³)
1115 5135 1153 5191 Η.
1172 5133 1193 5190 f.
1214 5134 1274 5189 127.

238 5235 313 5294 nd&
332 5236 485 5309 γιγνομένης.
1073 5225 1097 5292 ⁴)
1116 5223 1238 5279 Inclusa
1255 5220 1295 5276 M.
1315 5236 1371 5275 om.

274 5326 300 5401 ¹)
319 5323 359 5380 Η.
378 5323 481 5396 στέγιις.
1075 5312 1098 5386 ⁵)
1116 5310 1154 5366 Η.
1174 5313 1338 5382 τυγχάνομεν.
