3978 6070
593 511 788 586 Parcarum
807 512 965 586 οονοιῖιισ
982 517 1014 585 et
1032 521 1222 590 concentus.
1649 529 1685 586 85

140 680 260 758 ταότας
274 674 394 774 διαιρεῖ,
407 681 464 760 τὰς
478 684 532 772 μὲν
546 684 720 776 γνωστικὰς
733 685 891 775 τιθέμενος
906 690 1020 770 αὐτῶν,
1037 685 1093 764 τὰς
1112 679 1145 754 δέ
1161 688 1333 765 κινητικὰς·
1348 695 1381 754 αί
1394 690 1447 780 μέν
1462 689 1520 782 γὰρ
1537 683 1687 782 ὑμνῳδίαι

139 800 201 856 τῶν
226 792 401 884 γεγονότων
426 793 480 856 καί
503 793 603 859 όντων
627 793 680 858 καί
704 793 866 883 ἐσομένων,
883 795 937 861 καί
953 800 1035 872 όπῶς
1053 801 1072 870 ή
1092 796 1146 885 μέν
1171 802 1263 887 ὑμνεῖ
1284 795 1325 862 τὰ
1349 799 1504 891 γεγονότα
1529 800 1638 889 μόνως,
1663 807 1682 876 ἡ

140 899 283 990 Λάχεσις·
301 907 320 975 ή
340 892 374 966 δέ
388 900 430 966 τὰ
445 903 588 993 παρόντα
606 905 708 992 μόνον,
722 909 740 978 ή
757 902 885 968 Κλώθω·
900 910 919 977 ή
936 896 969 970 δέ
981 904 1023 970 τὰ
1040 905 1199 994 μέλλοντα
1214 906 1323 994 μόνως,
1337 912 1356 981 ή
1370 907 1535 998 Ἀτροπος·
1554 900 1686 974 δυνατόν

142 1009 196 1099 μὲν
221 1004 272 1074 οὖν
297 1010 411 1102 λέγειν,
436 1011 485 1076 ότι
508 1011 568 1084 τήν
592 1005 681 1090 τάξιν
704 1012 859 1086 ἠθέλησεν
879 1022 941 1107 τῶν
966 1019 1084 1103 Μοιρῶν
1101 1025 1231 1090 ποιήσαι
1254 1015 1409 1106 γνώριμον
1435 1005 1485 1080 διὰ
1509 1027 1572 1081 τῶν
1596 1029 1688 1107 τριῶν

101 1139 113 1175 ε
141 1127 195 1180 τοῦ
219 1117 330 1207 χρόνου
360 1120 483 1206 μορίων·
508 1114 550 1183 ὧν
574 1124 701 1212 ἡγεῖται
725 1120 779 1208 μὲν
804 1120 841 1184 τό
866 1121 1004 1210 γεγονός,
1029 1127 1068 1196 ῶς
1089 1128 1108 1197 ή
1127 1122 1261 1212 Λάχεσις
1277 1134 1348 1187 ταῖν
1373 1115 1465 1189 δυεῖν·
1489 1115 1630 1216 δεότερον
1656 1117 1689 1191 δὲ

143 1223 180 1288 τό
205 1226 315 1315 παρόν,
333 1231 407 1301 ὡςή
427 1226 546 1292 Κλωθὼ
571 1219 709 1317 δευτέρα·
734 1231 840 1318 τρίτον
864 1219 897 1293 δὲ
914 1229 951 1293 τό
969 1229 1124 1318 ἐσόμενον,
1145 1235 1220 1307 ὡςή
1242 1231 1407 1321 Ἄτροπος·
1425 1237 1545 1322 γελοῖον
1568 1229 1639 1323 γὰρ,
1664 1234 1694 1298 εί
1723 1271 1724 1274 ¹

142 1357 188 1408 τις
212 1333 307 1397 οἴοιτο
331 1343 397 1410 τοῖς
413 1334 533 1424 χρόνοις
550 1335 648 1411 ὄντως
664 1325 831 1426 διῃρῆσθαι
848 1334 904 1412 τὰς
922 1337 1075 1426 ὑμνήσεις,
1094 1337 1177 1403 ἀλλὰ
1193 1337 1236 1426 μὴ
1263 1330 1460 1428 συμόολικῶς
1484 1339 1690 1430 σημαίνεσθαι

143 1431 193 1504 διὰ
210 1439 332 1506 τούτων
348 1441 477 1533 πρώτην
497 1444 551 1508 καί
567 1444 665 1532 μέσην
682 1444 736 1508 καί
752 1447 937 1510 τελευταίαν
955 1445 1089 1519 νοήσεων
1107 1448 1270 1536 ἐνέργειαν,
1287 1457 1394 1512 πασῶν
1413 1448 1467 1537 μὲν
1485 1449 1558 1540 ὑπὲρ
1575 1449 1687 1540 χρόνου

142 1551 250 1633 οὐσῶν,
274 1561 330 1614 τοῦ
355 1542 388 1616 δέ
405 1550 501 1641 μόθου
519 1543 571 1618 διὰ
587 1562 650 1617 τῶν
666 1562 817 1644 χρονικῶν
835 1551 997 1643 ὀνομάτων
1022 1552 1082 1626 τήν
1102 1547 1282 1648 ἐξαλλαγήν
1300 1564 1362 1620 τῶν
1388 1555 1527 1645 ἀχρόνων
1551 1555 1686 1621 νοήσεων

90 1677 116 1714 1⁰
142 1660 348 1746 σημαίνοντος

143 1880 166 1944 f.
186 1880 227 1944 79
245 1901 286 1958 ν.,
304 1878 337 1944 in
354 1878 472 1945 lacuna
489 1881 509 1945 3
526 1903 627 1946 vera:
643 1878 754 1950 ...τὴν
773 1872 886 1967 ἁξί[αν]
963 1879 1022 1951 τήν
1039 1889 1101 1944 τῶν
1120 1881 1273 1971 Σειρήνων
1292 1880 1467 1970 ἁρμονί[αν]
1547 1875 1690 1970 στρέψας,

145 1980 229 2051 εἶπεν
254 1991 270 2050 ό
295 1985 399 2075 μῦθος,
423 1984 483 2058 τήν
498 2041 505 2055 .
519 2040 549 2055 ..
574 1986 633 2059 τὴν
650 1987 710 2079 γὰρ
727 1991 876 2080 ἁρμονίαν
893 1987 1030 2054 ἕπεσθαι·
1049 1980 1098 2054 δεῖ
1111 2000 1153 2075 τῇ
1172 1992 1263 2058 ῶ...
1287 1986 1427 2078 καθάπερ
1445 1991 1477 2070 ἐν
1494 1999 1558 2065 τοῖς
1579 1989 1691 2078 Νόμοις

148 2086 413 2183 ἐδιδάχθημεν...
437 2097 503 2184 ἔχει
528 2094 594 2184 μέν,
613 2096 792 2162 ἀκολουθεῖν
810 2095 924 2188 ῥυθμόν
942 2089 1007 2183 ᾠδῇ
1026 2089 1069 2180 δέ,
1088 2096 1181 2187 μέλος
1202 2094 1361 2184 [ἐντ]αῦθα
1377 2105 1473 2162 τοῦτο
1490 2095 1575 2162 κατὰ
1597 2086 1692 2188 λόγον

145 2204 239 2267 ἐστίν·
256 2206 365 2286 πολλῷ
381 2202 529 2295 πρότερον
543 2208 574 2269 ἐν
591 2215 636 2287 τῷ
652 2207 750 2270 παντί
764 2217 858 2271 τοῦτο
875 2205 959 2271 κατὰ
976 2207 1073 2296 ρόσιν·
1093 2198 1139 2272 δεῖ
1154 2209 1258 2272 τοίνυν
1274 2207 1328 2271 καὶ
1343 2217 1412 2283 ταῖς
1425 2207 1577 2295 ὑμνήσεσι
1587 2203 1612 2292 ¹)
1628 2215 1691 2269 τῶν

94 2337 119 2374 ιε
146 2317 265 2402 Μοιρῶν
282 2310 408 2377 ἕπεσθαι
423 2323 492 2388 ταῖς
509 2315 669 2403 ἁρμονίαις
685 2323 747 2378 τῶν
766 2317 930 2404 Σειρήνων·
950 2315 965 2381 θ
991 2307 1025 2381 δέ
1046 2308 1083 2380 δι’
1102 2313 1262 2406 ἐπίκρυψιν
1279 2317 1415 2405 ἔμπαλιν
1437 2315 1612 2403 ἁπερένατο
1637 2312 1693 2388 τὰς

145 2427 257 2510 Μοῖρας
274 2423 378 2507 ὑμνεῖν
393 2421 468 2510 πρός
485 2419 544 2493 τήν
565 2423 714 2512 ἁρμονίαν
731 2432 793 2486 τῶν
812 2424 977 2514 Σειρήνων,
995 2428 1052 2514 οὐχ
1069 2429 1108 2498 ὡς
1125 2424 1281 2510 ἑπομένην
1298 2423 1397 2510 ἐκείνῃ
1416 2421 1569 2513 προτέραν
1586 2414 1691 2502 οὖσαν,

146 2530 217 2591 ἁλλ’
235 2532 275 2603 ῶς
295 2528 363 2616 όρον
381 2531 461 2614 αὑτῇ
481 2531 534 2594 καί
552 2530 664 2621 μέτρον
681 2531 869 2622 ἐπάγουσαν·
887 2543 981 2597 τοῦτο
1000 2531 1054 2620 μέν
1079 2534 1182 2597 τοίνυν
1204 2532 1297 2622 σαρές
1319 2530 1432 2596 οὑτωσὶ
1456 2530 1582 2621 γέγονεν
1605 2535 1691 2618 ημῖν·

145 2640 171 2700 εἰ
196 2626 229 2701 δέ
254 2635 358 2720 βοὺλει
382 2637 436 2701 καί
459 2636 527 2701 καθ’
553 2639 655 2729 ἕτερον
679 2638 795 2729 τρόπον
820 2649 946 2703 σκοπεῖν
970 2648 1032 2703 τῶν
1050 2649 1200 2728 χρονικῶν
1218 2639 1320 2728 ὕμνων
1345 2636 1404 2710 τήν
1429 2629 1590 2729 ἐξήγησιν,
1616 2634 1692 2700 αὑτό

147 2740 201 2832 μέν
225 2741 285 2834 γὰρ
302 2745 380 2819 όλως
397 2753 452 2807 τοῦ
466 2749 583 2834 ὑμνεῖν,
601 2737 696 2818 δηλοῖ
708 2745 768 2818 τήν
786 2746 938 2836 ἐνέργειαν
957 2749 1059 2810 αὐτῶν
1076 2739 1228 2819 εἶναιτὴν
1246 2744 1363 2836 νοερὰν,
1381 2751 1421 2822 είς
1445 2744 1501 2821 τὰς
1526 2745 1692 2836 ὑπερτέρας

93 2874 119 2911 ιι
146 2853 245 2928 αἰτίας
269 2853 539 2942 ἐπεστραμμένην·
564 2863 597 2918 αἱ
619 2853 679 2945 γὰρ
704 2855 848 2943 ὑμνήσεις
872 2863 934 2919 τῶν
960 2853 1034 2919 θεῶν
1059 2853 1246 2945 κρειττόνων
1271 2853 1357 2936 εἰσὶν,
1383 2853 1452 2918 ἀλλ’
1478 2856 1512 2918 οὑ
1535 2853 1693 2944 χειρόνων·

146 2949 242 3032 δῆλον
267 2955 319 3024 οὑν
344 2962 394 3024 ότι
418 2971 535 3025 νοοῦσιν
560 2961 616 3039 τὰς
641 2966 672 3027 ἐν
696 2975 736 3048 τῇ
764 2963 862 3054 μητρί
884 2973 947 3028 τῶν
971 2962 1097 3028 πάντων
1122 2963 1235 3040 αἰτίας,
1259 2961 1314 3026 καί
1337 2962 1412 3026 εἰσὶν
1435 2961 1533 3036 ὄντως
1558 2952 1695 3049 ὑμνῳδοὶ

145 3079 203 3144 τῆς
228 3069 357 3159 μητρός,
381 3061 487 3143 ἐπειδή
514 3061 589 3146 δέή
617 3072 672 3161 μὲν
697 3083 754 3148 τῆς
776 3072 939 3162 Λαχέσεως
963 3072 1067 3148 νόησις
1085 3070 1218 3162 περιέχει
1232 3069 1290 3146 τὰς
1307 3069 1510 3152 τῶνᾶλλων,
1534 3074 1555 3143 ή
1581 3059 1615 3135 δε
1637 3079 1695 3144 τῆς

147 3176 291 3254 Κλωθοῦς
315 3177 374 3250 τήν
398 3187 457 3254 τῆς
479 3182 601 3256 λοιπῆς,
626 3180 668 3245 τὰ
688 3180 818 3270 χρονικὰ
842 3180 984 3268 ὀνόματα
1008 3179 1196 3269 συνθήματα
1219 3181 1434 3269 παρείληπται
1457 3190 1515 3254 τῆς
1538 3187 1695 3267 περιοχῆς·

147 3285 189 3350 τὰ
213 3285 267 3376 μὲν
284 3286 343 3376 γὰρ
363 3287 529 3379 γεγονότα,
548 3287 707 3376 μέλλοντα
723 3287 776 3350 καί
790 3287 942 3376 παρόντα·
960 3287 1069 3379 γέγονε
1084 3287 1232 3376 πρότερον
1250 3285 1292 3350 τὰ
1310 3275 1343 3350 δὲ
1362 3285 1514 3376 παρόντα,
1539 3285 1695 3376 γεγονότα

94 3411 120 3448 2⁵
149 3384 182 3459 δέ
205 3394 298 3458 οὑπω·
322 3393 363 3459 τοί
388 3386 421 3461 δέ
444 3395 604 3484 μέλλοντα
622 3395 781 3484 μέλλοντα
805 3395 865 3484 ἄρα
887 3395 980 3484 μόνον
998 3395 1093 3474 ἐστὶν,
1110 3397 1183 3460 οὔτε
1200 3385 1234 3460 δέ
1248 3394 1392 3485 παρόντα
1414 3403 1479 3469 πῶς
1503 3397 1599 3477 ἐστιν,
1623 3395 1694 3459 οὔτε

147 3506 256 3586 πολλῷ
280 3507 400 3591 μᾶλλον
425 3501 590 3598 γεγονότα,
614 3500 877 3592 περιεκτικώτερα
901 3495 953 3566 οὑν
977 3500 1019 3566 τὰ
1042 3501 1199 3593 γεγονότα
1223 3501 1278 3590 μὲν
1305 3510 1369 3566 τῶν
1392 3503 1509 3566 λοιπῶν
1533 3501 1695 3590 παρόντων

148 3611 201 3676 καί
226 3612 432 3701 μελλόνίτων]

146 3831 169 3897 f.
195 3831 247 3911 80,
263 3830 298 3894 in
314 3829 468 3896 lacuna‘d
489 3851 589 3895 versa
614 3851 721 3918 ...αγ
736 3881 743 3894 .
759 3880 788 3895 ..
814 3827 889 3891 ὥστ’
915 3821 992 3891 εἶναι
1016 3818 1182 3900 δῆλον...
1210 3823 1397 3914 [Λα]χέσεως
1421 3825 1541 3902 νοήσεις
1557 3829 1693 3901 ...λαις

147 3937 221 4004 εἰσὶν
245 3937 392 4011 νοήσεων·
417 3927 490 4010 ήδέ
513 3917 594 4009 τήν.
610 3988 639 4005 ..
655 3936 805 4028 ρικωτέρα
822 3935 879 4026 μέν
895 3948 954 4014 τῆς
978 3939 1008 4002 ἐν
1032 3947 1073 4023 τῇ
1098 3935 1232 4026 Λαχέσει
1246 3987 1252 4000 .
1267 3985 1296 3999 ..
1320 3932 1501 4023 πτικωτέρα
1526 3924 1559 3997 δέ
1583 3943 1641 4011 τῆς
1665 3936 1695 3999 ἐν

92 4057 119 4093 ³⁰
147 4058 187 4132 τῇ
211 4047 416 4136 Ἀτρόπῳ...
442 4047 526 4110 οὑπω
551 4043 605 4133 μέν
623 4045 660 4111 τό
676 4045 775 4136 παρόν
793 4049 877 4110 ἐστιν
894 4045 1031 4135 γεγονός,
1049 4044 1190 4134 μέλλίον]
1212 4035 1245 4108 δὲ
1268 4041 1418 4133 πρότερον
1442 4037 1491 4114 ήν.
1517 4040 1552 4104 ‘H
1577 4033 1611 4106 δέ
1634 4052 1692 4118 της

147 4155 301 4246 Ἀτρόπου
326 4155 519 4247 μερικωτέρα
543 4156 675 4240 ἐκείνων,
693 4155 777 4245 εἴπερ
801 4155 839 4219 τό
856 4155 970 4244 μέλλον
988 4155 1072 4219 υὺπω
1088 4154 1187 4244 παρόν
1204 4155 1300 4233 ἐστιν,
1317 4150 1387 4216 ἀλλ’
1406 4141 1477 4215 οὑδέ
1501 4149 1637 4241 γεγονός.
1661 4154 1697 4215 Ei

148 4260 199 4330 οὖν
224 4272 257 4330 αί
280 4266 400 4342 νοήσεις
425 4267 538 4342 αὑτῶν,
563 4269 603 4341 ὡς
628 4269 669 4339 είς
692 4262 734 4328 τὰ
759 4262 899 4353 θειότερα
923 4261 1194 4352 ἐπεστραμμέναι,
1219 4259 1364 4350 ὑμνήσεις
1386 4257 1695 4350 προσηγορεύθησαν,

148 4381 275 4464 ὑμνοῦσι
300 4365 333 4439 δέ
356 4398 416 4439 που
433 4373 487 4439 καὶ
503 4383 632 4455 νοοῦσιν,
654 4371 828 4462 ὑλικώτερα
849 4372 903 4460 μὲν
921 4378 940 4447 ή
958 4370 1090 4461 Λάχεσις
1107 4368 1220 4456 νοητὰ,
1239 4367 1431 4459 μερικώτερα
1447 4357 1481 4430 δέ
1496 4371 1516 4439 η
1530 4366 1695 4456 Ἀτροπος,

151 4485 229 4570 μέσα
254 4475 287 4548 δέ
310 4489 329 4556 ή
356 4482 485 4565 Κλωθὼ,
509 4482 613 4565 τούτῳ
631 4472 678 4547 δεῖ
690 4481 715 4565 ²)
733 4479 752 4546 ἁ
769 4473 807 4553 δὴ
826 4481 880 4546 καί
896 4481 955 4553 τήν
973 4491 1035 4546 τῶν
1054 4481 1189 4554 νοήσεων
1209 4486 1318 4555 ἱκανῶς
1343 4469 1446 4558 δηλοῖ,
1470 4474 1525 4539 καί
1548 4473 1607 4546 τὴν
1632 4483 1695 4538 τῶν

93 4606 121 4642 ³⁵
150 4590 302 4656 νοοὺντων
326 4585 517 4683 ἐξαλλαγήν.
541 4591 603 4656 Καὶ
628 4590 689 4678 μήν
714 4589 768 4654 καί
783 4589 840 4667 τὰς
857 4589 1020 4666 κινητικὺις
1043 4593 1146 4656 αὐτῶν
1171 4590 1335 4682 ἐνεργείας,
1358 4597 1399 4672 τῇ
1425 4593 1487 4649 τῶν
1512 4582 1655 4674 γυώσεων
1670 4583 1694 4664 ³)

151 4692 238 4776 τάξει
262 4693 487 4788 συμόαινοόσας
513 4699 682 4788 ἁκοόομεν·
706 4705 725 4772 ή
752 4699 806 4787 μὲν
830 4697 889 4790 γὰρ
915 4697 1034 4764 Κλωθὼ
1065 4709 1105 4784 τῇ
1136 4690 1224 4782 δεξιᾷ
1247 4694 1328 4786 χειρί
1352 4704 1446 4776 κινεῖ,
1471 4693 1523 4757 καὶ
1548 4683 1696 4764 δηλονότι

151 4807 210 4879 τὴν
234 4807 285 4872 ἐπὶ
309 4799 394 4886 δεξιὰ
417 4800 568 4898 περίοδον·
593 4815 612 4882 η
640 4800 673 4873 δέ
696 4806 856 4897 ’Ἄτροπος
880 4817 920 4893 τῇ
948 4810 1105 4898 ἀριστερᾷ,
1130 4805 1183 4870 καὶ
1208 4797 1304 4880 δῆλον
1322 4794 1360 4876 δή
1382 4800 1427 4869 dn
1450 4801 1504 4866 καί
1528 4801 1609 4873 αὑτη
1636 4797 1695 4872 τήν

150 4917 198 4983 ἐπ’
216 4916 380 5007 ἀριστερὰν
397 4917 572 5007 περιφοράν·
590 4923 609 4991 ή
629 4907 662 4982 δὲ
678 4915 811 5006 Λάχεσις
828 4916 963 5007 ἑκατέρα
977 4926 1048 4980 ταῖν
1065 4924 1191 5004 χειροῖν,
1208 4918 1248 5000 ὡς
1264 4911 1322 4987 τὰς
1340 4908 1575 4999 συναμφοτέρας
1591 4907 1697 4999 περιά-

150 5050 259 5119 γουσα.
284 5025 383 5090 Πάλιν
408 5019 458 5090 οὑν
483 5031 502 5098 ή
529 5025 584 5114 μέν
608 5023 752 5115 Λάχεσις,
777 5024 949 5114 ὑλικωτέρα
973 5034 1043 5089 ταῖν
1069 5015 1161 5088 δυεῖν·
1181 5027 1200 5094 ή
1228 5011 1261 5086 δέ
1285 5017 1403 5085 Κλωθὼ
1427 5028 1615 5109 προηγεῖται
1638 5027 1696 5094 τῆς

187 5279 209 5352 ¹)
230 5284 282 5340 Τὰς
302 5279 415 5349 ὑμνήσεις
435 5279 626 5348 exspectatur
645 5280 676 5331 εὑ
693 5273 862 5348 requiritur.
953 5272 1142 5332 mandatione
1161 5289 1199 5330 ex
1218 5269 1330 5345 duplici
1347 5285 1438 5328 manu
1456 5268 1593 5328 discordi.

188 5372 211 5444 ²)
230 5367 377 5426 Ιοίιέοεὺο
396 5365 545 5441 scriptura
564 5377 595 5425 οε
614 5366 781 5440 corruptela
799 5383 852 5440 pro
872 5383 899 5424 σ-
989 5366 1012 5439 ³)
1031 5365 1126 5437 Supra
1144 5362 1255 5420 lineam
1274 5362 1398 5436 γινὲιιων.
