3940 6072
743 539 799 612 De
816 537 902 631 είῳίο
919 542 1070 614 remisso,
1629 537 1683 596 311

176 711 333 804 (Τρόπος.)
357 709 545 800 Ἐφέλκεται
569 701 603 778 δὲ
627 709 681 776 καί
705 710 895 800 αὐτονομίαν
918 709 1101 792 ποιητικὴν,
1120 714 1166 786 ,ῶς
1189 707 1243 774 καί
1266 706 1352 785 θεοὺς
1376 700 1409 786 ἐξ
1433 709 1560 799 ούρανοῦ
1586 729 1688 770 κατα-

128 821 230 912 φέρειν
254 819 308 885 καί
332 819 450 884 ἀνιέναι
473 818 526 885 καί
551 809 760 909 διαλέγεσθαι·
778 817 847 884 ὅθεν
864 817 918 884 καί
934 816 997 884 θεοί
1013 820 1087 909 παρ’
1104 808 1261 908 Ἡροδότῳ
1285 817 1423 902 βασιλεῖς
1448 825 1506 891 τῆς
1525 812 1686 905 Αἰγύπτου

31 943 36 952 ’
128 929 330 1001 πεποίηνται·
355 928 488 1018 ὀνείρους
512 917 547 992 δέ
569 925 751 994 πλάττεται
774 927 828 992 καί
851 925 1023 1017 χρησμούς.
1101 983 1104 988 .

177 1035 334 1125 (Τρόπος.)
350 1033 556 1108 Πολιτεύεται
572 1026 653 1100 δὲέν
670 1026 724 1101 δύο
741 1044 799 1110 τῆς
811 1031 835 1118 ¹)
853 1037 1020 1126 ῥητορικῆς
1036 1025 1158 1101 εἴδεσιν·
1175 1029 1277 1114 ἔξεστι
1296 1032 1357 1127 γάρ
1382 1035 1436 1099 καί
1459 1024 1682 1122 συμύουλεύειν

130 1143 186 1210 καί
208 1136 431 1236 πανηγυρίζειν
456 1142 632 1234 ἀνειμένως.
656 1143 692 1210 ⁴0
717 1133 751 1210 δέ
767 1146 910 1233 Ξενοφῶν
935 1148 966 1208 ἐν
991 1155 1060 1220 ταῖς
1084 1135 1242 1221 Παιδείαις
1266 1143 1410 1235 ἐκέρασεν
1435 1143 1607 1234 ἀμφότερα,
1624 1165 1688 1208 πο-

131 1252 256 1316 λιτείαν
279 1250 425 1341 εἰσάγων,
447 1255 488 1330 ῶς
512 1254 528 1314 ό
551 1249 700 1336 Πλάτων,
723 1251 778 1318 καί
800 1253 855 1318 τόν
880 1257 977 1344 Κῦρον
994 1245 1172 1344 θαυμάζων,
1190 1258 1230 1331 ῶς
1247 1252 1428 1342 Ἰσοκράτης
1445 1252 1500 1318 τόν
1521 1250 1686 1342 Διάγοραν·

135 1356 252 1449 Πέλοψ,
277 1365 454 1453 Σκῆπτρον,
479 1359 584 1452 κρούει
607 1358 742 1452 στράτος
766 1352 892 1450 Ξέρξου,
916 1359 1027 1450 κράτει
1049 1361 1103 1426 καί
1126 1360 1169 1428 τά
1192 1372 1325 1428 τοιαῦτα
1347 1360 1428 1428 πολύ
1452 1359 1611 1452 σύμφωνα.

180 1470 215 1534 Ἡ
239 1460 273 1535 δέ
296 1468 461 1564 ἐναγώνιος
485 1461 639 1548 σύνταξις,
656 1474 676 1542 ἡ
696 1466 751 1558 μέν
764 1469 788 1553 ²)
803 1467 875 1558 περί
891 1477 998 1534 καινοῦ
1021 1470 1104 1546 τινδς
1128 1469 1182 1535 καί
1204 1468 1246 1536 τά
1270 1459 1460 1560 διλήμματα
1475 1468 1531 1534 καί
1547 1466 1589 1532 τά
1605 1467 1687 1532 πάνυ

133 1579 264 1644 ποικιλα
287 1575 330 1643 τά
353 1577 514 1670 πρέποντα
536 1578 683 1662 συντόνῳ.
708 1579 753 1643 Τό
778 1567 812 1642 δέ
835 1568 1055 1669 ίαμύόκροτον,
1079 1578 1181 1670 ὥσπερ
1206 1569 1303 1654 δῆλον
1326 1577 1387 1671 γάρ
1405 1579 1473 1645 ἐστι
1492 1586 1558 1654 τοῖς
1575 1579 1687 1643 Ὀλυν-

134 1685 222 1764 θίοις·
245 1688 295 1752 ὅτι
318 1685 361 1754 τά
382 1696 518 1754 τοιαῦτα
541 1685 612 1778 γάρ,
637 1685 692 1754 καί
716 1687 747 1752 ίν
773 1687 922 1770 συντόνῳ,
947 1687 1107 1776 φευκτέον.

181 1909 243 1971 Τοῦ
261 1896 295 1972 δὲ
311 1907 467 1994 ἀσφαλοῦς
484 1909 521 1972 ού
535 1905 573 1970 τό
590 1905 662 1972 λίαν
679 1905 823 1995 κεχηνὸς,
839 1908 879 1981 ῶς
896 1905 1015 1971 οἴονταί
1030 1927 1123 1990 τινες,
1137 1900 1210 1970 οίον·
1223 1900 1373 1994 Ἀχιλλέα
1390 1899 1495 1968 ἐπόθει
1510 1899 1632 1976 Ἑλλάς.
1647 1937 1687 1950 -

136 2011 406 2104 Κλυταιμνήστρα
430 2015 655 2106 Ἀγαμέμνονα
679 2013 867 2080 ἀπέκτεινεν·
892 2013 975 2080 ἀλλά
999 2016 1037 2081 τό
1060 2012 1172 2104 σαφές,
1197 2012 1272 2102 ὅπερ
1296 2009 1365 2076 ἐστί
1392 2011 1449 2100 μία
1472 2017 1535 2074 τῶν
1560 2012 1688 2100 ἀρετῶν,

137 2117 200 2187 οἷον
218 2112 383 2211 Ἡροδότου
405 2121 652 2212 Ἀλικαρνασέως
677 2124 813 2212 ἱστορίης
837 2113 1038 2209 ἀπόδειξις,ἣ
1057 2113 1090 2188 δί
1106 2122 1161 2187 καί
1183 2123 1221 2188 τό
1245 2121 1338 2209 μέσον
1361 2129 1417 2185 τοῦ
1441 2118 1613 2208 κεχηνότος
1636 2117 1690 2182 καί

138 2232 304 2318 ἀσφαλοῦς
327 2231 366 2295 τό
391 2230 446 2321 μέν
469 2229 529 2322 γάρ
558 2231 816 2322 καταγέλαστον,
838 2232 876 2296 τὸ
902 2223 936 2297 δέ
959 2231 1157 2321 ἐσκεμμένον.
1178 2227 1273 2296 Ὅθεν
1297 2219 1369 2294 ούδέ
1391 2232 1423 2294 ἐν
1455 2227 1592 2311 συντόνῳ
1614 2231 1688 2316 παρ’

137 2337 308 2428 Ἰσοκράτει
325 2329 376 2404 διά
393 2337 452 2411 τὴν
476 2331 636 2429 ἀκρίύειαν
660 2348 724 2404 τῶν
748 2331 925 2428 συνδέσμων
942 2343 1118 2405 ἐπαιτεῖται
1130 2335 1158 2422 ³)
1173 2340 1212 2403 τό
1229 2335 1375 2427 ἀσφαλές·
1392 2336 1430 2401 τό
1447 2326 1481 2401 δέ
1498 2335 1603 2424 μέσον,
1626 2330 1689 2401 οἷον

138 2448 240 2513 ἔννοια
263 2451 340 2538 ημῖν
364 2447 500 2540 ἐγένετο,
523 2448 578 2512 καί
600 2449 659 2514 όσα
683 2448 766 2538 μήτε
790 2447 871 2540 ἄγαν
894 2449 1002 2527 ύπτια,
1027 2449 1110 2538 μήτε
1134 2446 1304 2538 θερμοτέρα
1326 2445 1402 2536 πρός
1425 2437 1610 2535 ύπερόολήν.

829 2663 999 2754 Τρόποι.

184 2877 302 2970 Τρόποι
325 2867 359 2945 δέ
383 2880 539 2971 ἀνείμινοι
550 2877 577 2965 ⁴)
592 2869 666 2946 οίδε·
683 2879 720 2944 τό
745 2868 991 2971 διηγηματικόν,
1009 2876 1115 2946 οίον·ὁ
1139 2867 1336 2954 Θουκυδίδης
1360 2880 1474 2963 (κῶλον
1486 2877 1512 2964 ⁶)
1528 2871 1568 2952 ἦν
1591 2879 1693 2967 όλυμ-

138 2989 293 3072 πιονίκης)
316 2985 390 3052 ἔνθα
413 2990 518 3078 φησίν·
545 2988 714 3079 Ἰίγίλασεν
739 2991 755 3051 ό
779 2989 869 3072 λέων,
886 2993 926 3065 ὡς
942 2988 1114 3079 πρέποντος
1130 2984 1289 3075 ἀνειμένου
1313 2995 1369 3051 τοῦ
1394 2976 1605 3077 διηγήματος.
1630 2983 1691 3050 Καὶ

141 3086 312 3184 Ἡρόδοτος·
336 3099 463 3185 Κροῖσος
486 3091 524 3171 ἦν
540 3147 548 3164 .
562 3147 592 3164 ..
617 3095 679 3159 Καί
702 3099 857 3185 Ξενοφῶν·
881 3100 978 3186 Κῦρος
1001 3091 1040 3170 ἧν
1055 3146 1063 3163 .
1078 3146 1108 3163 ..
1131 3093 1185 3160 καί
1208 3093 1250 3160 τά
1274 3091 1418 3184 ἀρκτικά

187 3200 346 3291 (Τρόπος.)
370 3203 478 3292 Χαίρει
501 3195 535 3268 δέ
551 3211 596 3286 τῷ
612 3203 800 3292 ἐκφαντίρῳ,
824 3199 886 3267 οίον
904 3207 920 3266 ὁ
936 3192 1133 3278 Θουκυδίδης
1157 3201 1199 3267 τά
1223 3200 1366 3292 Θρᾳκικά
1379 3251 1386 3266 .
1401 3251 1430 3266 ..
1455 3200 1509 3266 καί
1532 3191 1694 3292 Ἡρόδοτος

142 3305 303 3396 Αἰγύπτιά
326 3330 362 3373 τε
385 3309 440 3373 καί
463 3307 603 3374 Σκυθικά
625 3310 679 3374 καί
702 3303 833 3395 λιύυκά,
857 3309 912 3376 καί
935 3314 1078 3401 Ξενοφῶν
1102 3313 1133 3376 ἐν
1158 3320 1228 3386 ταῖς
1252 3301 1451 3376 Ἀναύάσεσι.

186 3415 344 3506 (Τρόπυς.)
369 3419 465 3482 Φιλεῖ
479 3408 514 3483 δέ
529 3419 567 3483 τό
585 3420 720 3484 ἀστεῖον·
738 3423 754 3482 ό
772 3417 827 3507 μέν
844 3413 896 3483 οὖν
914 3423 1070 3508 Ξενοφῶν·
1089 3411 1282 3498 δικάζεσθαι,
1299 3409 1370 3484 ούδί
1386 3420 1477 3495 ὅλως,
1493 3415 1695 3483 αἰσθάνεσθαι

143 3513 176 3588 δέ
200 3515 247 3590 δεῖ
269 3535 325 3590 τοῦ
349 3535 467 3617 καιροῦ,
491 3525 549 3591 κάν
575 3526 629 3618 μίν
655 3527 808 3617 σύντομος
831 3533 851 3602 η
878 3518 1011 3605 διάλεξις
1027 3525 1060 3614 ᾗ,
1077 3519 1254 3617 ἀδιαίρετος
1268 3524 1487 3618 προσφορίσθω
1510 3527 1565 3590 καί
1587 3527 1695 3616 ἀπερί·

142 3653 239 3722 εργος·
262 3637 288 3698 ti
312 3626 346 3699 δὲ
370 3633 486 3725 μακρά,
511 3626 617 3726 εἰμέν
642 3629 914 3726 συμύουλευτικῶς
930 3639 1102 3726 ὑποφαίνει,
1119 3628 1168 3703 δεῖ
1187 3633 1454 3727 σπερματικῶςἽ,
1478 3638 1535 3700 οὐκ
1559 3627 1692 3725 ἀκριύῶς

141 3741 201 3812 τὴν
217 3751 275 3816 τῆς
298 3753 523 3833 πραγματικῆς
547 3744 689 3836 ἀγράφου
714 3745 803 3835 φύσιν
827 3749 858 3812 ἐν
883 3744 945 3812 ἔθει
968 3747 1022 3810 καί
1045 3736 1169 3829 δυνατῷ
1193 3745 1248 3810 καί
1263 3750 1294 3810 ἐν
1319 3736 1396 3829 δόξᾳ
1420 3744 1474 3809 καί
1497 3744 1693 3835 συμφέροντι.

188 3853 224 3913 Εί
239 3841 273 3916 δέ
295 3862 527 3944 πανηγυρικῶς,
542 3855 644 3943 ἐχέτω
661 3846 807 3945 διαίρεσιν
824 3855 1021 3946 μιμουμένην
1036 3858 1074 3920 τό
1090 3854 1237 3920 σύντονον
1255 3855 1286 3920 ἐν
1303 3878 1339 3920 τε
1354 3855 1500 3945 ἐγκωμίῳ
1517 3855 1572 3918 καί
1591 3853 1696 3920 ἐπιθα-

142 3962 247 4051 λαμίῳ
263 3960 318 4026 καί
333 3963 487 4053 ἐπιταφίῳ
499 3960 538 4050 ⁷),
554 3962 638 4035 πλὴν
656 3956 818 4053 μονῳδίας·
836 3967 895 4037 όλη
913 3962 973 4056 γάρ
998 3962 1118 4054 θρῆνος,
1142 3963 1196 4029 καί
1220 3969 1254 4028 ού
1278 3961 1364 4029 κατά
1388 3966 1520 4054 μίμησιν
1544 3963 1694 4030 συντόνου

143 4069 352 4160 περιφέρεται,
366 4069 451 4136 ἀλλά
466 4063 668 4161 τραγῳδεϊον·
686 4063 861 4162 διαιρείσθω
878 4063 911 4138 δέ
928 4075 1012 4162 μόνῳ
1026 4073 1198 4163 ἀφυλάκτῳ
1212 4071 1417 4165 θρηνητικῶς,
1434 4072 1538 4163 ὥσπερ
1554 4082 1600 4158 τῷ
1616 4076 1696 4139 Θου-

143 4169 264 4266 κυδίδῃ·
289 4177 455 4270 Κορινθίων
479 4173 630 4270 πρεσύεία
653 4181 738 4272 μόνῳ
756 4174 875 4266 δικαίῳ,
892 4181 946 4246 καί
962 4185 993 4248 ἐν
1011 4191 1074 4256 τοῖς
1091 4180 1198 4258 ἀλλοις
1213 4173 1440 4266 ἐπιδεικτικοῖς,
1457 4181 1540 4260 ὅπως
1562 4180 1693 4272 γνήσιόν

143 4309 175 4350 τι
197 4297 308 4376 κτῆμα
331 4298 391 4364 τῆς
416 4291 582 4379 ῥητορικῆς
608 4291 654 4363 είη
680 4293 697 4353 ὁ
722 4291 890 4378 ἀντόμενος.

188 4397 233 4460 Τό
257 4387 291 4462 δέ
315 4398 468 4488 ἱστορικόν
492 4399 615 4488 γενικόν
647 4402 679 4462 ἐν
703 4401 789 4482 αύτῷ
814 4390 981 4490 διαιρεῖται
1005 4401 1047 4476 είς
1072 4423 1106 4465 τε
1134 4397 1361 4492 συγγραφικόν,
1386 4400 1469 4489 μήτε
1494 4401 1568 4490 πρός
1591 4399 1693 4490 χάριν,

147 4504 229 4591 μήτε
254 4502 400 4594 ἀπεχθῶς
422 4506 493 4596 περί
515 4508 672 4598 νεωτέρων
696 4507 904 4599 πραγμάτων,
929 4508 983 4573 καί
1008 4509 1161 4598 ἱστορικόν
1185 4506 1362 4597 ὁμώνυμον,
1379 4513 1410 4574 ἐν
1427 4503 1452 4594 ᾧ
1468 4518 1514 4593 τῷ
1539 4506 1625 4597 μύθῳ
1650 4499 1697 4573 δεῖ

144 4617 213 4706 περί
227 4616 462 4706 παλαιωτέρων·
486 4614 554 4682 ὅθεν
578 4621 594 4680 ὁ
618 4609 814 4693 Θουκυδίδης
838 4619 876 4683 τό
901 4617 955 4708 μὲν
973 4629 1093 4707 κτῆμα,
1110 4620 1148 4683 τό
1165 4609 1199 4683 δέ
1215 4617 1380 4710 ἀγώνισμα
1398 4615 1628 4708 προσαγορεύει·
1653 4609 1695 4680 ὧν

145 4725 182 4787 τό
207 4723 261 4814 μέν
286 4724 439 4801 συντόνως
464 4715 660 4817 δημηγορίας
684 4721 948 4817 στασιαζυμένας,
971 4729 1009 4792 τ“ο
1038 4717 1071 4791 δὲ
1099 4725 1266 4816 ὁμοφώνως
1298 4717 1497 4817 ἐπιδέχεται,
1520 4731 1560 4803 ὡς
1584 4726 1636 4791 ἐπί
1658 4726 1696 4791 τθ

183 4939 206 5014 ¹)
224 4939 294 4998 0062
315 4942 338 4994 ἐν
358 4942 400 4994 δύο
419 4945 478 5003 τοῒι-
946 4945 1051 5016 editos,
1070 4949 1106 5001 ut
1118 4942 1237 5000 dicatur
1248 4941 1302 4999 ubi
1313 4940 1374 4999 sint
1387 4941 1452 4998 λοσε
1470 4941 1607 5014 adducta,
1618 4958 1695 5013 quae

180 5031 203 5104 ²)
222 5031 266 5086 Id.
286 5029 309 5084 ίν
329 5031 383 5102 μέν,
946 5035 978 5090 in
996 5035 1053 5092 hoc
1069 5033 1213 5107 οραοουίο
1224 5033 1351 5106 plurima
1364 5039 1396 5090 et
1408 5034 1535 5091 obscura
1548 5037 1630 5106 ειιιιῖ,
1643 5030 1696 5087 im-

181 5121 205 5196 3)
224 5120 294 5178 0οά
314 5121 462 5195 scriptura
480 5119 630 5195 ambigua
948 5142 997 5181 mo
1010 5129 1148 5180 truncata
1160 5122 1307 5194 videntur,
1320 5141 1376 5180 σου
1387 5123 1448 5181 nisi
1460 5142 1480 5181 ο
1491 5123 1585 5198 primo
1602 5123 1694 5181 verbo

180 5213 204 5283 ⁴)
222 5211 266 5267 Id.
286 5215 418 5284 ἀνιίμινις.
948 5213 1087 5272 indicata
1106 5213 1282 5270 -Inclusa
1299 5213 1403 5286 glossa
1421 5212 1572 5273 videntur.

181 5298 204 5374 Β)
224 5298 295 5356 Οοᾶ.
313 5305 416 5374 aperte
435 5302 515 5354 πόλιν*
533 5297 571 5358 ἦν.
598 5301 681 5359 Solet
704 5299 796 5359 editio
821 5299 897 5376 prin·
986 5303 1098 5378 ⁶)Cod.
1116 5308 1167 5356 δεῖν
1185 5302 1366 5375 σπιρμάτεραθ

147 5411 215 5469 ceps
228 5393 349 5452 liberari
363 5412 382 5451 ε
393 5393 516 5453 fastidio
528 5393 668 5454 versandi
683 5411 786 5453 omnes
804 5392 896 5452 libros
987 5397 1011 5469 ⁷)
1030 5395 1100 5455 eod.
1120 5395 1243 5469 ίτιτάρρ.
