4022 6072
876 508 914 584 ίη
925 506 1089 604 psalmos

210 687 356 763 τησαντα
379 685 432 754 καί
460 679 611 754 δείκνυσιν
635 689 736 778 ὥσπερ
767 698 956 779 χαρακτῆρα

210 807 268 872 τῆς
285 796 437 872 τοιαύτης
451 790 595 873 ἀπαθείας
613 795 746 861 κατὰτὸ
763 795 892 871 λεληθὲς
906 800 958 884 ἑμ-

209 905 401 994 φολευοόσης
415 916 455 990 τῆ
470 903 567 995 eloqu.
581 905 641 976 riv
655 917 758 982 κακῶς
776 907 955 994 ὰλλομένην

209 1014 334 1076 κακίαν·
359 1012 413 1076 καί
436 1019 475 1089 ὡς
494 1006 665 1104 διέφθειραν
689 1011 730 1078 τὰ
748 1015 907 1104 σπαρέντα
924 1015 954 1077 ἐν

210 1123 316 1196 αὐτοῖς
341 1125 413 1211 ὑγιῆ
438 1122 509 1210 περὶ
525 1126 604 1186 Θεοῦ
629 1122 810 1212 σπέρματα,
835 1122 889 1186 καί
912 1131 952 1207 τῇ

209 1238 272 1292 τῶν
289 1220 425 1295 εἰδώλων
444 1221 599 1320 βδελυρῶν
615 1231 745 1320 λατρείᾳ
757 1229 886 1305 ἑαυτοὺς
899 1255 957 1296 πα-

212 1327 419 1430 ραδεδώκασι,
432 1337 491 1410 τὴν
505 1330 647 1404 aestates
665 1330 849 1426 διελόμενοι,
862 1339 902 1413 είς
919 1359 956 1402 τε

209 1445 269 1517 τὴν
294 1450 456 1521 παντελῶς
482 1444 586 1511 ἁθείαν
610 1446 665 1510 καί
691 1444 877 1523 πολυθείαν,
902 1445 956 1510 καί

209 1554 251 1618 τό.
276 1553 435 1619 ἀκόλουθα
460 1547 603 1645 δρῶντες,
625 1565 690 1632 τοῖς
708 1555 807 1632 ἀθέοις
831 1555 885 1620 καί
908 1560 956 1621 ἑν-

210 1654 408 1751 διαστρόφοις
425 1667 528 1728 αὐτῶν
545 1655 803 1752 ἐπιτηδεύμασιν,
828 1669 870 1739 είς
893 1672 954 1729 πᾶν

210 1761 289 1847 εἶδος
308 1773 375 1854 βίου
400 1769 574 1860 μοχθηρίας
598 1771 884 1861 περιπεπτώκασιν·
905 1773 956 1836 οὖν

211 1903 271 1954 τοις
289 1871 477 1955 Ιεκόαλόντες
492 1889 550 1955 τῆς
568 1883 688 1944 ἑαυτῶν
713 1877 814 1970 ψυχῆς
833 1879 892 1952 τὴν
911 1882 957 1944 εὐ·

210 1979 344 2064 ceteras,
359 1991 388 2052 ot
404 1985 530 2076 ἄφρονες
543 1986 641 2076 ἤγουν
654 1994 683 2051 ol
696 1985 790 2064 ἄθεοι,
808 1979 956 2051 συνεκόε-

209 2085 365 2168 traxero
390 2097 470 2178 αὐτῆ
489 2099 528 2169 ῶς
548 2096 685 2178 βασιλίσι
700 2103 804 2159 πᾶσαν
830 2092 955 2182 ἀρετ-λυ,

209 2200 263 2265 καί
278 2204 443 2278 πείσαντες
462 2202 572 2278 αὐτοὺς
590 2193 711 2290 μηδένα
727 2213 793 2277 τοῖς
809 2211 866 2276 τῆς
888 2202 957 2265 κτί-

210 2334 285 2387 σεως
309 2304 404 2388 οἴαξιν
429 2309 606 2399 ἐφεστάναι,
624 2301 721 2387 ἀδεῶς
744 2319 806 2376 πᾶν
830 2311 880 2374 ότι
904 2319 955 2374 νῶν

210 2408 415 2509 δεδράσκασιν
439 2418 567 2484 ἄτοπον.

1703 523 1755 584 103

1010 691 1229 775 grassabatur,
1246 715 1283 760 ao
1299 693 1394 760 simul
1410 695 1649 764 demonstratur
1665 701 1756 783 qnasi

1009 798 1175 866 character
1186 801 1370 886 hujusmodi
1386 804 1562 889 impietatis
1575 829 1657 892 quae
1672 807 1755 874 clam

1009 905 1139 991 irrepsit
1169 909 1202 973 iu
1233 911 1389 992 animam,
1421 912 1569 979 videlieet
1599 915 1755 980 malitiam

1009 1014 1092 1082 male
1108 1017 1334 1084 introductam.
1351 1019 1398 1086 Ae
1414 1020 1497 1087 sicut
1513 1027 1665 1108 corrupta
1681 1027 1756 1088 sunt

1009 1145 1086 1190 sana
1097 1126 1218 1193 semina
1229 1126 1263 1192 in
1278 1127 1365 1212 ipsos
1377 1153 1396 1196 a
1409 1129 1478 1196 Deo
1490 1153 1611 1215 sparsa,
1623 1131 1696 1198 inde
1709 1154 1756 1198 se·

1010 1236 1077 1297 met
1100 1233 1282 1318 spuriorum
1306 1236 1463 1303 idolorum
1487 1239 1663 1305 adorationi
1688 1242 1756 1305 tra·

1010 1340 1168 1421 dideruut,
1193 1341 1348 1428 eligentes
1367 1345 1465 1411 divini
1488 1347 1595 1413 cultus
1618 1350 1757 1414 contem·

1009 1451 1101 1532 ptum
1116 1471 1175 1533 per
1190 1451 1403 1518 omnimodam
1419 1452 1480 1518 Dei
1495 1455 1700 1540 negationem
1722 1458 1756 1520 et

1010 1554 1270 1641 polytheismum,
1294 1563 1326 1624 et
1349 1564 1474 1626 caetera
1488 1560 1657 1646 implentes
1680 1582 1755 1628 con·

1010 1663 1156 1745 sestaria,
1180 1664 1343 1731 irruerunt
1365 1666 1399 1732 in
1415 1667 1547 1734 consilia
1570 1667 1638 1735 Deo
1661 1668 1758 1734 desti·

1011 1777 1083 1839 tuta
1098 1777 1131 1838 ct
1147 1775 1393 1858 contortissima,
1410 1776 1443 1841 in
1459 1799 1693 1863 quamcumque
1709 1778 1756 1843 vi·

1011 1885 1063 1946 tae
1086 1881 1320 1966 impurissimae
1335 1883 1484 1968 speciem.
1509 1883 1560 1950 Ita
1583 1885 1703 1970 pietate
1720 1907 1756 1950 ex

1011 2011 1121 2055 eorum
1148 1990 1254 2056 anima
1282 1991 1429 2076 expulsa,
1455 1992 1659 2077 insipientes,
1691 1994 1757 2060 sivo

1011 2099 1123 2164 atheas
1141 2099 1301 2183 impietati
1325 2101 1408 2167 siout
1423 2101 1555 2186 reginae
1571 2107 1758 2186 postposue-

1011 2211 1088 2272 runt
1111 2228 1237 2272 omnem
1260 2207 1429 2289 virtutem,
1453 2230 1490 2275 ec
1512 2208 1575 2275 rati
1597 2209 1757 2275 nemiuem

1011 2334 1077 2378 esse
1090 2313 1145 2396 qui
1157 2312 1296 2378 habenas
1309 2317 1401 2398 regat
1413 2313 1594 2396 creationis,
1608 2314 1759 2380 audacter

1011 2420 1044 2484 in
1065 2441 1298 2505 quamcumque
1313 2421 1543 2488 absurditatem
1560 2420 1757 2506 irruperunt.

804 2740 1008 2810 PSALMUS
1031 2743 1166 2813 LXVll.

565 2984 595 3028 ν.
622 2963 651 3028 7.
676 2961 711 3024 ‘0
735 2959 813 3036 Θεός
837 2955 1009 3038 κατοικίζει
1034 2959 1244 3050 μονοτρόπους
1268 2963 1299 3025 ἐν
1323 2960 1405 3044 οἴκῳ.

626 3071 718 3138 Deus
733 3070 882 3138 babitare
896 3073 979 3150 facit
994 3073 1167 3140 nucariense
1186 3073 1223 3138 in
1239 3071 1341 3138 domo.

256 3288 321 3350 Οόκ
338 3283 418 3350 ἄλλο
435 3308 471 3350 τε
487 3283 590 3362 ἄλλως
607 3276 799 3374 μεταόοίλλω
816 3285 871 3349 τόν
889 3285 959 3375 τρό-

210 3419 279 3471 πον,
303 3395 357 3460 ἕνα
374 3386 407 3459 δὲ
424 3393 516 3484 μόνον
534 3392 706 3482 κατορθῶν,
724 3393 779 3456 τόν
797 3396 838 3467 εἰς
863 3391 957 3479 ἄκρον

211 3505 331 3577 ἥκοντα
356 3505 479 3592 ἀρετῆς,
498 3504 533 3565 οὐ
556 3503 700 3576 ποικίλας
723 3502 795 3590 ἔχον
821 3490 960 3586 μεταθο-

210 3609 278 3687 λόις,
303 3610 357 3674 καί
381 3619 432 3673 νῦν
455 3609 510 3700 μὲν
527 3609 643 3698 τρόπον
668 3612 762 3698 όργῆς
787 3607 884 3696 φέρων
908 3605 959 3670 ἐπί

212 3728 267 3783 τοῦ
280 3715 459 3807 προσώπου,
472 3725 523 3780 νῦν
538 3708 572 3782 δὲ
585 3707 711 3798 δειλίας,
725 3706 852 3790 ῆδονῆς,
866 3713 960 3802 ἐπάρ-

214 3849 301 3902 σεως,
327 3825 539 3914 φιλαργυρίας·
557 3825 607 3888 ἀεὶ
623 3814 657 3888 δὲ
673 3821 820 3898 ῶσοιότως
837 3819 890 3898 ὢν,
907 3821 960 3885 καί

212 3937 333 4026 φεόγων
351 3957 407 4024 μεν
423 3935 461 3998 τό
477 3925 682 4000 παντοδαπόν
699 3931 753 3996 καί
776 3932 961 3996 πολλαπλο-

212 4046 266 4109 κόν
283 4043 307 4127 ¹)
332 4043 464 4133 τρόπον·
489 4034 609 4108 διώκων
634 4032 668 4107 δὲ
698 4038 860 4122 ἀλήθειαν,
884 4041 961 4103 εἰλι-

213 4153 355 4242 κρίνειαν,
373 4150 571 4227 ἁπλότητας·
587 4155 603 4214 ό
617 4145 702 4214 και-θ.
713 4141 774 4227 ἕξιν
788 4147 842 4212 καί
854 4147 960 4211 πίστιν

212 4258 305 4350 ὀρθλν
325 4249 507 4348 ἀδιαίρετος,
525 4256 579 4321 καί
602 4257 640 4321 τό
665 4256 741 4320 αὐτό
766 4263 883 4344 φρονῶν
908 4253 962 4318 καί

213 4365 407 4456 πράττων,ὁ
433 4354 589 4454 μηδεμίαν
611 4354 744 4434 διπλόην
760 4361 910 4450 πονηρίας
934 4359 963 4424 ἔ-

213 4497 291 4564 χων,
308 4482 445 4538 τοιοῦτοι
462 4475 490 4536 ot
505 4470 703 4562 praetepuisset,
720 4467 769 4545 οός
785 4468 840 4532 καί
860 4471 891 4532 ἑν
915 4475 961 4549 τῷ

215 4585 289 4666 οίκῳ
313 4585 419 4666 αὐτοῦ,
444 4580 591 4645 τουτέστι
614 4590 655 4664 τῆ
680 4579 847 4668 ὲπουρανίᾳ
870 4577 962 4642 πόλει

213 4684 403 4768 κατοικίζειν
427 4693 442 4754 ό
468 4689 576 4779 Κόριος
600 4687 845 4778 ἐπαγγέλλεται.

251 5027 273 5106 ¹)
292 5025 355 5086 cod.
374 5027 572 5082 πολλαπλουτίν.

1057 3287 1131 3354 Non
1155 3286 1253 3368 aliud,
1276 3286 1402 3372 alioque
1425 3307 1519 3352 sensu
1547 3285 1683 3351 immuto
1711 3283 1760 3350 vi·

1013 3394 1106 3460 vendi
1123 3414 1234 3479 genus,
1248 3394 1302 3460 sed
1318 3415 1417 3459 unum
1432 3396 1519 3460 recte
1531 3392 1661 3476 accipio,
1675 3391 1761 3476 quod

1013 3502 1108 3568 ducat
1131 3502 1171 3566 ad
1187 3501 1310 3585 apicem
1325 3500 1465 3581 virtutis,
1490 3499 1619 3566 minime
1643 3499 1683 3564 ad
1706 3520 1761 3564 va·

1014 3609 1077 3676 rias
1100 3609 1304 3688 mutationes,
1327 3631 1411 3675 nunc
1427 3609 1460 3673 in
1485 3609 1576 3673 vultu
1593 3606 1758 3692 proferens

1014 3716 1079 3782 irae
1096 3715 1220 3796 faciem,
1233 3737 1317 3782 nuno
1329 3737 1404 3780 vero
1419 3715 1575 3800 ignaviae,
1589 3713 1757 3798 cupidinis,

1016 3823 1182 3904 elationis,
1205 3821 1375 3901 avaritiae3
1398 3821 1454 3888 sod
1483 3821 1559 3914 dpm
1588 3820 1671 3886 idem
1695 3840 1757 3905 ego

1015 3953 1141 4016 semper
1154 3953 1237 4012 sum,
1249 3931 1340 4016 fugio
1355 3953 1479 3996 morum
1491 3929 1709 3995 diversitatem
1727 3932 1760 3994 et

1015 4037 1281 4122 complexionem
1305 4059 1458 4123 assequor
1480 4059 1557 4103 vero
1579 4036 1759 4116 veritatem,

1015 4147 1243 4227 sinceritatem,
1267 4146 1518 4231 simplicitatem.
1536 4143 1597 4222 Qui
1621 4166 1679 4230 por
1701 4144 1760 4208 ha·

1016 4256 1120 4320 bitum
1143 4259 1176 4320 et
1197 4255 1293 4320 fidem
1317 4258 1438 4322 rectam
1468 4251 1678 4319 immutabilis
1701 4254 1760 4332 est,

1016 4361 1071 4448 qni
1094 4362 1178 4428 idem
1202 4361 1300 4428 sentit
1323 4365 1355 4428 et
1378 4361 1459 4446 agit,
1480 4361 1536 4446 qui
1558 4359 1680 4426 nullam
1703 4357 1761 4422 ha-

1016 4471 1072 4535 bet
1088 4469 1232 4536 maliciae
1247 4466 1408 4552 duplicem
1431 4473 1564 4547 vestem,
1581 4465 1661 4531 tales
1685 4467 1760 4530 sunt

1016 4578 1191 4659 arnanimes,
1208 4599 1288 4663 quos
1303 4576 1337 4642 in
1354 4577 1448 4642 domo
1460 4599 1526 4656 sua,
1539 4574 1572 4641 id
1583 4578 1632 4640 est
1643 4573 1676 4638 in
1688 4593 1760 4638 coe·

1016 4686 1090 4750 lesti
1119 4685 1247 4750 civitate
1278 4683 1480 4750 habitaturos
1510 4703 1577 4748 ease
1604 4678 1760 4746 Dominus

1017 4791 1198 4877 pollicetur.
