4006 6074
630 531 788 608 Metram
805 531 844 606 in
861 527 987 606 tuma
1004 527 1170 608 uectatus

409 707 565 777 Subditur
586 709 661 777 huic
684 731 818 796 propere
841 709 989 794 princeps
1012 707 1210 776 Sabelleniua
1232 708 1348 776 Abdon

407 815 567 884 Natarum
592 817 728 903 triginta
750 821 853 902 pater,
877 839 952 883 nam
974 815 1150 883 masculina
1172 815 1280 902 proles

409 924 612 1002 Quaterdsua
633 924 706 1007 fuit,
730 923 833 992 multo
857 947 930 992 cum
952 924 1048 990 ditior
1071 929 1164 1005 essct,

341 1030 384 1067 ⁴⁸⁰
408 1032 581 1118 Supposita
603 1032 641 1099 de
664 1054 753 1099 more
776 1055 901 1118 parens,
926 1053 1121 1118 numeroque
1143 1032 1328 1102 nothorum.

404 1139 562 1209 Iudicium
585 1141 697 1227 populi
718 1141 768 1208 bie
791 1145 947 1226 quattuor
969 1141 1094 1208 obtinet
1117 1142 1220 1224 annia,

405 1249 451 1318 Ac
474 1249 547 1316 dein
569 1249 638 1316 sola
660 1249 721 1315 Dei
743 1248 848 1335 viguit
871 1249 998 1317 cultura
1020 1249 1180 1334 perennis,

403 1357 472 1424 Pan
494 1357 587 1424 laetis
610 1363 736 1424 servata
758 1356 837 1424 luit:
862 1377 999 1443 namque
1022 1356 1108 1424 idola
1130 1379 1241 1424 rursus

404 1465 548 1532 Adorata
569 1465 646 1532 viris
669 1466 790 1532 bellum
813 1486 939 1531 movere
962 1469 1141 1532 cruentum.

339 1569 384 1616 ⁴⁸³
407 1572 554 1659 Namque
578 1595 687 1640 omnes
709 1573 866 1640 Dominus
888 1572 1069 1640 bellantum
1094 1573 1235 1640 subdidit
1256 1575 1367 1641 armis.

410 1683 453 1750 Et
475 1705 592 1770 poenae
616 1683 694 1750 lecit
716 1686 830 1750 octono
854 1681 1031 1768 expendere
1054 1681 1168 1750 lustro.

770 1893 776 1902 '
803 1900 902 1968 (luem
924 1898 1014 1968 XIII.

453 2115 522 2182 Illis
546 2117 744 2202 temporibus
767 2117 890 2183 iuvenis
914 2115 1049 2184 Menoec
1062 2112 1087 2197 ¹)
1111 2115 1244 2202 uigebat

408 2224 453 2290 llt
473 2225 613 2292 nondum
638 2225 776 2310 genitor,
799 2224 902 2290 sterili
925 2245 999 2290 nam
1022 2225 1159 2310 coniuge
1181 2225 1301 2290 iuncta.

408 2331 553 2418 Optabat
574 2332 657 2399 votis
679 2332 784 2399 titulis
808 2333 948 2419 gaudere
970 2337 1130 2400 natorum.

343 2436 386 2474 000
409 2440 515 2508 Huius
537 2440 680 2510 mulieris
702 2440 868 2522 Dominus,
893 2463 988 2526 super
1011 2442 1143 2508 aethera
1165 2440 1285 2526 lapsus,

411 2547 536 2630 astitit,
559 2549 676 2616 insueti
698 2548 892 2634 promittens
914 2571 1048 2616 munera
1070 2553 1194 2634 partus,

411 2655 622 2741 Imperitans:
649 2655 787 2724 “Natus
809 2679 849 2723 ne
872 2657 947 2724 vina
969 2661 1002 2724 et
1024 2655 1126 2724 sicera
1147 2656 1247 2736 bibet,

418 2762 518 2844 „Nau
541 2763 702 2831 maculosa
724 2765 809 2832 sinat
830 2765 944 2850 patulo
966 2765 1136 2850 decerpere
1159 2784 1278 2830 morsu.

417 2871 567 2951 „Idcirco
591 2872 742 2958 quoniam
764 2874 887 2940 cunctis
909 2871 1033 2940 felicior
1056 2877 1139 2938 esset

346 2974 388 3012 ⁴⁹⁵
418 2977 615 3061 „Matribua
640 2983 672 3047 et
695 2981 818 3048 numeri
840 2981 993 3048 damnum
1015 2984 1166 3066 pensaret
1187 2980 1220 3046 in
1244 3001 1321 3062 uno,

418 3085 529 3168 ,Nam
554 3087 657 3155 virtus
680 3109 834 3175 generosa
856 3089 922 3172 fiet,
945 3089 1099 3178 nulloque
1121 3087 1233 3156 licebit

417 3194 603 3277 ,Invictum
625 3196 745 3264 violare
768 3201 866 3283 caput
889 3202 922 3265 ct
944 3196 1071 3264 laedere
1093 3196 1191 3264 ferro.

416 3303 491 3384 „Ut
512 3303 614 3372 lectus
627 3300 653 3386 0)
678 3303 825 3386 Domino,
848 3304 983 3373 fecundo
1006 3327 1045 3371 ex
1068 3305 1187 3374 viscere
1209 3304 1326 3387 foetae,

415 3406 640 3497 „[Hebraeoa]
665 3411 782 3478 salvari
805 3415 912 3496 queat,
937 3411 1120 3498 bellumque
1142 3412 1326 3493 retundens,

344 3513 389 3559 ⁵⁰⁰
416 3516 571 3606 „[Plebie
593 3514 643 3604 in]
667 3519 799 3586 hostiles
822 3523 987 3586 convertat
1010 3521 1126 3588 damna
1149 3518 1315 3605 maniplos.

417 3625 586 3715 „[Ouncta
609 3622 682 3712 auo]
708 3627 851 3694 confessa
874 3628 959 3694 viro:
983 3649 1059 3694 nam
1083 3627 1241 3710 flammea,
1265 3625 1357 3708 dixit,

420 3729 546 3823 „[Ora]
571 3735 737 3819 visumque
760 3735 820 3801 Dei
843 3734 1000 3820 fulgentia
1022 3736 1176 3803 honorem

418 3841 562 3931 „[Dmt,
586 3837 694 3927 iussit]
720 3843 776 3926 qui
799 3842 861 3908 Dei
885 3864 1001 3910 nomen
1024 3844 1161 3911 tucubea
1183 3843 1327 3910 tonantis
1342 3839 1379 3926 0).

420 3945 619 4037 „[Magnus]
645 3954 740 4017 natus
763 3951 826 4017 erit
848 3950 888 4017 de
911 3955 944 4018 te
967 3953 1022 4036 qui
1046 3951 1202 4038 gignitur,
1226 3951 1333 4036 inquit
1351 4001 1379 4033 „‚

347 4055 391 4100 505
416 4054 560 4147 [Audiit]
585 4082 717 4127 uxorem
742 4060 823 4126 votis
845 4059 980 4127 Manoca
1001 4061 1132 4146 iugatis,

413 4167 508 4255 [Quis
530 4163 634 4254 vates]
659 4168 758 4235 fucrit
780 4173 919 4250 sanctus,
943 4169 997 4253 pia
1019 4168 1104 4235 dicta
1127 4169 1256 4251 retexit,

411 4272 590 4364 [Postulat]
615 4281 713 4362 atque
733 4299 852 4344 novum
874 4277 983 4344 lumen
1005 4299 1070 4362 quo
1094 4299 1225 4344 noscere
1248 4277 1351 4364 possit

409 4380 638 4472 [Promissum]
662 4388 770 4470 queat,
793 4389 826 4451 et
848 4385 903 4470 qui
926 4384 1067 4451 nondum
1090 4389 1185 4452 natus
1208 4390 1348 4453 ametur.

411 4487 588 4580 [Angelus]
614 4514 631 4559 s
656 4492 745 4560 coelo
767 4491 952 4574 dimittitur,
976 4498 1009 4560 et
1031 4515 1113 4560 nova
1136 4493 1289 4578 pandens,

346 4593 391 4638 ⁵¹⁰
415 4595 629 4688 [Respicitur]
654 4605 851 4686 nuptamque
863 4591 903 4686 ⁴)'
915 4602 1024 4668 videns
1047 4602 1080 4666 in
1104 4603 1249 4688 gramine
1273 4601 1388 4686 fusam,

433 4704 514 4794 Ipsi]
539 4708 697 4792 sepositae
713 4703 738 4792 0)
761 4707 930 4775 confestim
954 4708 1097 4776 cominus
1120 4709 1237 4777 adstat.

416 4705 617 4904 [Exaur]git,
641 4816 823 4902 cursimque
846 4817 916 4884 viro
939 4839 1022 4904 quae
1044 4817 1173 4898 viserat,
1196 4817 1280 4884 infit.

419 4919 602 5013 “[Surge]
625 4924 861 5010 emporitana,
885 4929 1094 5010 sanctumque
1117 4925 1254 4992 invisere
1278 4925 1420 5011 gaudens

175 5189 200 5261 ¹)
217 5189 313 5248 tuneo
331 5189 366 5262 A,
385 5187 419 5247 B.
972 5189 996 5264 ⁴)
1014 5191 1175 5264 ianuptom
1192 5189 1227 5246 A.

173 5280 197 5354 ¹)
215 5282 258 5339 ad
275 5283 366 5339 lectas
383 5281 417 5338 B.
974 5281 998 5354 ⁵)
1016 5281 1147 5352 sepoae'tu
1164 5279 1201 5338 A.

172 5369 196 5444 ³)
215 5372 365 5428 tonum
383 5373 419 5444 Α,
438 5370 472 5429 Β.
