4006 6074
608 522 765 597 Metram
784 525 832 596 od
849 521 976 596 librum
993 523 1159 598 Jodicmn

394 698 534 766 Dotatus
557 700 676 768 tacitae
699 701 828 768 virtutis
851 723 993 785 munere,
1018 701 1140 770 fectum

396 810 532 894 Occulit,
556 815 652 897 atque
676 812 781 879 animo
805 817 972 879 contextus
995 817 1077 878 teste
1099 813 1249 880 laetatur.

394 920 471 986 Post
494 921 617 1005 aliquot
640 920 723 986 redit
745 921 813 1006 ipsc
836 921 914 1001 dies,
938 920 1152 1006 praedamque
1176 921 1312 1005 requirit

330 1025 373 1086 “ll
395 1030 458 1096 Hic
482 1053 555 1097 vcro
579 1027 783 1114 (horrendum
807 1053 844 1097 ac
866 1031 953 1098 dictu
977 1029 1126 1096 mirabile
1149 1033 1328 1097 monstrum
1343 1031 1370 1118 l)

394 1138 493 1207 Mella
516 1140 603 1206 ridet
625 1139 737 1206 mediis
759 1140 792 1205 iu
816 1141 961 1207 faucibus
985 1161 1054 1205 esse
1076 1137 1186 1218 leonis,

393 1247 540 1314 Flavonii
564 1247 723 1333 permixta
746 1246 830 1331 lavo,
854 1243 935 1332 qliae
958 1246 1106 1332 protinus
1129 1245 1236 1312 aufert

392 1356 436 1423 Et
459 1363 557 1443 gustu
580 1361 707 1424 tentata
729 1379 786 1423 suo
810 1356 959 1423 fidentior
982 1356 1077 1420 offert

397 1465 566 1533 Fratribus
590 1465 739 1552 egregiis.
763 1465 891 1531 quenis
914 1464 1040 1548 iamque
1063 1484 1130 1528 esse
1153 1461 1260 1528 timori

329 1567 382 1668 ⁵⁶⁰·
397 1572 552 1660 Coeperat
576 1574 692 1640 eximio
715 1573 844 1640 virtutis
867 1573 995 1640 nomine
1018 1570 1139 1638 multis.

395 1680 458 1748 'l'cr
481 1681 570 1748 denis
592 1682 695 1767 igitur
716 1681 838 1767 pariter
862 1679 1098 1760 comitantibus,
1123 1678 1187 1744 crit

394 1787 576 1856 Praestanti
598 1789 718 1855 virtute
743 1789 837 1868 riris3
862 1794 939 1855 tunc
962 1787 1106 1872 quaestio
1129 1786 1252 1853 cunctis

393 1893 539 1978 Ponitur,
563 1901 597 1962 et
618 1896 760 1981 plectens
782 1895 912 1980 ignaros
935 1894 1038 1961 multa
1060 1893 1196 1974 locatur,

394 2001 440 2068 Ut
462 2008 568 2070 vestes
590 2003 682 2070 niveo
706 2003 874 2070 confestim
897 2003 1033 2098 stamine
1056 2005 1161 2068 textas

328 2103 371 2148 ⁶⁶⁶
394 2109 582 2192 Exhibeant‚
606 2112 633 2178 si
655 2132 732 2177 vera
755 2115 873 2196 queant
895 2133 960 2177 non
982 2107 1130 2196 promere
1152 2109 1232 2176 fatu.

393 2217 553 2304 Incipiens
575 2221 663 2287 veria
686 2218 847 2286 convolvit
870 2219 968 2285 verba
990 2219 1106 2304 figura,

398 2325 477 2392 “Ex
501 2329 670 2394 mandente
694 2327 754 2394 viri
777 2327 955 2394 communis
974 2326 1124 2412 proditur
1146 2347 1227 2404 esca,

378 2483 409 2535 2
425 2435 577 2502 Dulcium
599 2440 697 2520 atque
719 2435 792 2502 savo
815 2435 912 2500 validi
935 2434 974 2500 da
996 2455 1130 2518 corpore
1153 2432 1287 2511 finxit„

389 2543 426 2608 Id
449 2565 548 2628 quum
572 2544 710 2612 veridico
724 2541 750 2628 ¹)
773 2543 881 2610 nullus
904 2543 1105 2629 depromeret
1128 2563 1192 2622 ore,

325 2644 368 2682 ⁵⁷⁰
391 2650 435 2717 Et
457 2655 579 2736 septem
601 2655 674 2738 post
697 2673 801 2737 poeno
823 2652 889 2718 dies
911 2654 1068 2717 remearet
1090 2650 1200 2716 amicis

392 2757 548 2839 Confusis,
573 2763 720 2826 struxere
742 2759 842 2840 dolos,
866 2759 1050 2848 sociumque
1073 2759 1179 2845 perosi

390 2865 442 2935 Ad
465 2867 566 2935 civem
588 2868 699 2934 venire
721 2891 822 2948 suam,
846 2891 943 2954 quam
966 2868 1104 2935 diximus
1127 2871 1211 2948 ante,

390 2974 556 3043 Oonnubio
578 2977 736 3062 placuisse
758 2977 830 3059 viri,
853 2978 1060 3064 rogitantque
1083 2976 1232 3058 minaces,

390 3081 542 3150 Samsoue
565 3087 602 3149 ut
624 3082 696 3150 lueo
718 3087 876 3150 secretum
899 3085 1046 3150 nuntiet:
1069 3107 1105 3151 ac
1128 3083 1161 3148 ni

389 3190 426 3256 Id
448 3189 556 3273 faciat,
580 3191 725 3258 flammas
747 3195 908 3258 testantur
930 3192 1069 3258 vindices
1092 3213 1171 3258 csse.

390 3295 518 3364 Territa
539 3297 678 3365 femineo
700 3297 899 3384 permulcent
922 3303 1055 3384 pectora
1077 3299 1170 3377 flexu,

389 3403 478 3472 Dura
500 3405 560 3472 riri
584 3429 658 3472 nam
681 3407 789 3473 clausa
813 3407 895 3493 tegit
919 3427 1161 3490 memoremque
1184 3405 1311 3490 parenti

385 3513 429 3579 Et
451 3515 548 3580 matri
571 3537 635 3580 nou
658 3514 744 3581 dicta
767 3537 853 3596 suae,
878 3537 935 3581 cur
958 3513 1094 3600 garrula
1116 3517 1238 3600 poscat.

387 3621 450 3689 Sed
472 3623 726 3716 quiddemineus
749 3645 814 3689 nou
838 3623 949 3690 tendat
971 3644 1087 3709 cogere
1110 3623 1229 3688 fletae?

323 3725 366 3763 ⁸⁸⁰
389 3729 538 3799 Vincitur
561 3755 598 3799 ac
620 3732 719 3800 tacite
740 3732 856 3799 mentia
879 3736 1002 3800 secreta
1024 3731 1161 3798 renudat

386 3840 430 3907 Et
453 3840 544 3908 docet
566 3839 624 3907 illa
646 3840 731 3906 viros
755 3845 889 3907 sextena
911 3841 945 3906 in
968 3839 1040 3907 lucc
1064 3839 1135 3906 dici.

388 3943 545 4018 Occiduus
567 3948 664 4015 dubio
687 3948 832 4033 pallebat
853 3948 973 4016 lumine
995 3948 1142 4028 mundus,

390 4057 597 4143 Respondent
622 4056 716 4122 socii:
745 4053 872 4123 ‘Melle
895 4057 972 4142 quid
994 4055 1129 4137 dulcius,
1153 4059 1209 4122 aut
1233 4054 1308 4139 quid

393 4164 550 4242 „Fortius
572 4167 622 4230 eet
644 4167 753 4249 potest
777 4164 878 4230 crines
902 4164 1050 4231 vibrante
1072 4163 1219 4242 lconel„

323 4266 365 4305 ⁸⁸⁵
388 4273 540 4358 Coniugis
563 4295 629 4338 esse
652 4271 741 4338 dolos
764 4273 931 4340 confestim
955 4273 1095 4340 noscitct
1118 4272 1229 4338 heros:

386 4379 429 4446 Et
453 4379 566 4448 simul:
593 4380 768 4459 'Iuvenes
791 4401 856 4446 uon
878 4381 956 4448 haec
979 4381 1137 4447 sententia
1158 4383 1267 4444 vestra
1291 4382 1358 4444 cst:

393 4485 507 4568 „Nam
528 4488 590 4553 nisi
612 4509 663 4554 me
687 4488 805 4556 blando
828 4487 978 4554 lactasset
1001 4488 1120 4554 femina
1142 4509 1249 4567 suasu,

392 4593 558 4681 „Cognita
581 4618 644 4663 non
667 4595 774 4663 fuerat
797 4595 966 4681 permixtis
989 4596 1134 4682 quaestio
1157 4594 1259 4662 causis
1275 4641 1302 4671 ,,.

387 4701 527 4787 Spiritus
550 4703 623 4770 inde
646 4704 707 4770 Dei
730 4703 877 4771 iuvenem
899 4703 1035 4770 dimittit
1058 4703 1092 4768 in
1113 4703 1232 4780 hostes,

322 4805 364 4848 ⁶⁹⁰
388 4810 452 4876 Ter
474 4811 573 4878 denos
596 4812 765 4879 detruncet
788 4833 896 4894 ovans,
922 4817 955 4878 et
978 4817 1092 4879 cuncta
1115 4815 1266 4878 ruentum

305 4893 315 4916 ¹
388 4917 501 4984 Victor
523 4917 632 4998 habet,
655 4922 823 5003 vestesque
845 4917 911 4984 suis
933 4939 1013 5002 quas
1036 4917 1157 4983 dixerat
1180 4915 1283 4982 offert.

389 5025 549 5092 Paulatim
573 5049 648 5092 vero
670 5027 827 5093 virtutum
851 5027 973 5093 semina
995 5032 1157 5104 crescunt3

387 5129 473 5197 Nam
496 5154 585 5199 socer
608 5133 777 5219 ambiguae
801 5132 915 5200 doctus
939 5133 1084 5218 cupidine
1107 5131 1233 5213 mentia,

324 3183 366 3221 t'lb

146 5357 169 5430 1)
190 5357 332 5414 cosa...
352 5359 504 5418 vermem
