4008 6068
666 499 726 572 En
744 496 983 572 eornmenturin
999 496 1038 570 in
1055 494 1214 587 psalmos.
1697 501 1715 558 9

164 672 203 736 ἐκ
226 677 281 735 τοῦ
305 679 444 758 σωτῆρος
468 669 543 758 πρὸς
565 669 621 734 τ“ον
645 669 773 759 Πατέρα
796 670 917 758 εῐρητο·
969 669 1148 738 Serrntoris
1171 692 1306 756 persons
1328 670 1369 737 cd
1390 668 1537 738 Putrem:
1565 667 1715 734 'Resus-

165 777 365 850 Ἀνάστησύν
379 803 418 866 με
430 778 485 842 καὶ
501 769 717 844 ἀνταποδώσω
735 781 852 862 αὐτοῖς,
866 787 916 842 νῦν
968 779 1033 845 eits
1055 799 1115 858 me,
1134 782 1166 843 et
1182 777 1358 844 retribuam
1372 776 1436 842 illis
1454 827 1468 856 ,
1486 796 1570 841 nunc
1587 772 1714 840 erucifi-

166 884 386 974 σταυροκύτων
418 883 581 950 ὑπόκειται
604 886 779 974 πρόσωπον,
804 891 833 950 οἱ
854 909 916 950 πο·
968 886 1113 970 gentium
1126 907 1263 970 persons
1277 885 1479 970 proponitur,
1493 879 1713 967 quiimmanie

165 992 317 1059 πύνθασιν
341 993 512 1078 ἀνήκεστα,
528 984 688 1082 προδήλου
706 993 794 1070 ύντος
810 999 851 1069 ὡς
866 994 918 1058 ύσ-
969 993 1053 1077 pessi
1070 997 1171 1073 erant,
1185 1015 1258 1059 cum
1274 995 1473 1078 compertum
1495 991 1606 1056 nitens
1623 990 1713 1072 post·

166 1125 258 1191 repes
271 1097 571 1190 προσληρθήσονται
587 1099 862 1190 ἑγκεντρισθέντις,
876 1102 916 1179 ὥς
969 1101 1099 1167 modurn
1121 1103 1260 1187 benigne
1276 1106 1420 1186 receptos
1435 1100 1543 1179 fuisse,
1567 1098 1716 1174 insertos,

167 1233 263 1299 φησιν
281 1212 412 1284 Παῦλος,
430 1219 470 1293 τῇ
492 1200 554 1293 ἰδίᾳ
569 1211 660 1294 ἐλαίᾳ
669 1209 704 1294 ¹)·
723 1208 919 1300 μιταγινώσ-
969 1214 1006 1274 ut
1029 1211 1075 1275 eit
1098 1208 1227 1288 Paulus,
1250 1210 1391 1275 sincerae
1414 1207 1525 1274 olivae.
1543 1203 1716 1271 Poenitene
1787 1267 1789 1271 .

166 1339 231 1381 κων
256 1309 308 1380 οὖν
333 1319 349 1380 ύ
375 1314 501 1406 Ἰσραὴλ
525 1326 629 1382 ταῦτα
653 1318 755 1408 φησίν.
969 1317 1071 1401 igitur
1093 1315 1192 1382 Iersel
1215 1315 1294 1381 talin
1315 1314 1471 1401 loquitur.

782 1635 980 1704 Peninus
1002 1635 1103 1702 XLII.

536 1877 565 1920 v.
590 1857 621 1920 2.
645 1853 724 1917 ‘'Oi-r
755 1849 791 1915 σύ
822 1845 859 1936 εἷ,
889 1854 906 1913 ὁ
939 1851 1027 1927 Θεὸς,
1059 1851 1249 1940 κραταίωμά
1281 1875 1350 1940 μου.

600 1963 683 2046 Quia
699 1969 734 2028 tu
750 1982 793 2042 es,
810 1961 911 2042 Deus,
925 1961 1162 2043 firmamentum
1178 1983 1290 2028 mecm.

214 2177 275 2240 Καὶ
298 2181 326 2242 οί
349 2180 384 2241 ἐκ
412 2185 583 2266 περιτομῆς
615 2174 918 2266 μετα-γινώσκονται,
1018 2177 1079 2254 Qui
1095 2201 1134 2244 ex
1149 2178 1385 2245 circumcisione
1401 2177 1601 2262 resipiscunt,
1625 2177 1716 2242 invn-

167 2285 358 2373 κραταίωμα
376 2287 497 2346 ἑαυτῶν
514 2284 569 2348 τὸν
587 2283 665 2348 Θεὸν
681 2282 918 2373 ἐπιγράφονται,
973 2290 1048 2352 cunt
1070 2285 1174 2350 Deum
1206 2285 1253 2350 uti
1276 2307 1369 2350 suum
1400 2285 1654 2363 firmamentum
1677 2303 1716 2348 ex

168 2391 224 2457 καί
248 2397 276 2458 σί
290 2385 323 2469 ἐξ
339 2390 434 2456 ιεθνιῦν
450 2391 671 2468 πιστεύσαντες
693 2403 804 2458 τοῦτον
831 2390 918 2480 ἰσχύν
973 2394 1123 2480 gentibus
1145 2399 1252 2460 nutem
1276 2393 1387 2460 fideles
1402 2393 1522 2459 eumin
1539 2392 1638 2458 robur
1659 2413 1716 2476 pn·

166 2503 289 2564 ἑαυτῶν
313 2498 470 2578 τίθενται,
486 2501 550 2566 ’καί
573 2505 602 2565 nt
625 2500 813 2590 ἀχμαλωτοὶ
844 2505 918 2590 παρ’
973 2507 1066 2584 nunt,
1089 2507 1122 2569 et
1144 2503 1264 2588 captivi
1290 2525 1310 2569 u
1332 2501 1422 2568 nullo
1445 2501 1510 2569 alio
1531 2499 1715 2567 libertatem

172 2609 272 2676 ἄλλον
295 2607 494 2700 λυτρωθῆνοιι
518 2612 573 2675 ούκ
598 2603 773 2690 ἐλπίζουσιν
792 2607 830 2694 ²).
972 2617 1115 2698 sperant.

777 2930 972 2999 PSALMUS
997 2929 1115 2998 XLIII.

258 3169 288 3212 v.
308 3149 359 3227 10,
379 3149 430 3214 11.
447 3145 520 3210 Νυνὶ
537 3136 570 3210 δὲ
587 3144 712 3224 ἀπώσω,
730 3145 783 3210 καί
798 3148 1000 3236 κατῄσχυνας
1015 3151 1110 3235 ἡμᾶς,
1127 3145 1181 3210 καί
1197 3146 1252 3211 ούκ
1265 3136 1408 3230 ἑξελεύσῃ
1422 3147 1453 3209 ἐν
1466 3153 1536 3219 ταῖς
1550 3132 1714 3231 δυνάμεσιν

167 3259 270 3343 ἡμῶν,
295 3251 491 3343 ὰπέστρεψας
514 3260 598 3343 ἡμᾶς
622 3260 663 3331 είς
687 3253 729 3322 τοί
753 3257 849 3322 ὀπίσω
872 3256 958 3347 παρὰ
981 3255 1053 3332 τοὺς
1077 3252 1203 3344 ἐχθρούς
1219 3259 1320 3342 ἡμῶν,
1337 3252 1390 3317 καί
1406 3257 1434 3318 οί
1451 3261 1610 3339 μισοῦντες
1632 3255 1715 3340 ἡμᾶς

167 3353 339 3453 διήρπαζον
363 3364 504 3440 ἑαυτούς.

210 3471 306 3539 Nune
317 3481 423 3540 actem
433 3475 584 3557 repulisti
594 3496 653 3542 nos
665 3481 694 3542 et
706 3476 891 3560 confudisti,
904 3481 933 3542 et
944 3496 1011 3543 υοπ
1023 3475 1207 3558 ορνοιύίονὶσ,
1223 3471 1323 3553 Deus,
1338 3472 1375 3536 in
1391 3470 1565 3539 virtutilms
1575 3468 1710 3547 nostris,

165 3582 315 3648 avertisti
336 3601 397 3650 nos
419 3589 594 3650 retrorsum
615 3590 689 3667 post
711 3564 861 3651 inimicus
876 3589 1014 3664 nostros,
1031 3583 1132 3666 etqui
1148 3581 1283 3648 oderunt
1298 3593 1367 3661 nos,
1389 3578 1630 3660 dissipaverunt
1644 3593 1714 3641 nos.

212 3793 326 3870 Πάλαι,
352 3793 440 3883 φησί,
465 3797 726 3887 συνεστρατήγεις
754 3802 841 3885 ἡμῖν·
865 3805 915 3860 νῦν
1017 3795 1193 3876 Quondam,
1215 3794 1332 3879 inquit,
1348 3790 1477 3879 agmins
1493 3791 1603 3855 nostre
1621 3787 1716 3854 duce-

167 3890 203 3966 δὲ
215 3902 249 3964 ού
263 3900 357 3989 μόνον
372 3902 406 3964 οὺ
420 3901 552 3991 συνέρχῃ
570 3909 658 3991 ἡμῖν,
675 3902 758 3968 ἀλλὰ
776 3895 810 3969 δὲ
826 3903 919 3968 intc-
973 3907 1047 3984 bss;
1063 3927 1147 3971 nunc
1161 3925 1237 3969 vero
1252 3923 1316 3968 nnn
1332 3906 1458 3966 tautum
1470 3897 1636 3965 nobiscum
1652 3917 1715 3962 non

167 4006 283 4098 τρεψας
307 4013 392 4098 ἡμᾶς
416 4009 470 4074 καὶ
493 4009 646 4100 ἐσχάτους
667 4005 776 4090 ἔταξας
799 4013 917 4089 παντὸς
971 4015 1100 4094 incedis,
1124 4013 1178 4080 sed
1209 4011 1357 4097 repulisti
1385 4031 1452 4090 nos,
1481 4013 1515 4075 et
1537 4011 1715 4093 postremos

168 4117 322 4194 ἐναντίου,
339 4121 378 4191 ὡς
395 4117 530 4192 καὶτοῖς
548 4128 686 4206 μισοῦσιν
706 4125 790 4207 ἡμᾶς
814 4119 919 4210 γενέσ-
973 4122 1135 4189 collocasti
1150 4123 1191 4188 ab
1204 4120 1290 4186 omni
1301 4116 1491 4197 edversario,
1504 4117 1551 4181 ita
1563 4120 1601 4180 ut
1612 4113 1717 4180 odien-

171 4221 222 4288 θαι
245 4229 286 4300 εἰς
311 4213 505 4316 διαρπαγήν·
529 4225 583 4290 καὶ
605 4226 810 4316 περιέστηκεν
834 4232 918 4316 ἡμᾶς
972 4229 1054 4308 tium
1077 4251 1134 4294 nos
1158 4227 1276 4313 praede
1298 4225 1375 4291 fecti
1399 4245 1517 4305 snmus,
1537 4223 1570 4288 in
1593 4241 1715 4306 nosque

169 4335 188 4401 ἡ
203 4330 280 4396 τότε
292 4341 497 4421 κατασχοῦσα
513 4331 585 4408 τοὺς
602 4335 770 4422 πολεμίους
785 4333 915 4423 αἰσχύνη
972 4335 1130 4402 incumbit
1141 4332 1326 4420 ignominis,
1338 4352 1421 4417 quse
1436 4331 1543 4396 hostes
1555 4327 1715 4414 quondum

170 4438 224 4501 καί
247 4437 423 4530 γεγόναμεν
447 4439 670 4528 ήλαττωμίνοι
692 4443 761 4530 παρ’
786 4442 918 4516 ἐκείνους
973 4442 1145 4528 ἰιιιρίοίιυίς
1177 4440 1345 4508 inferiores
1374 4439 1452 4523 ipsis
1481 4437 1559 4504 fecti
1590 4456 1714 4516 sumus,

170 4539 211 4610 ὧν
235 4549 424 4636 ἐκρατοῦμεν
448 4545 486 4611 τύ
509 4546 667 4638 πρότερον,
691 4547 745 4613 καὶ
769 4538 920 4638 διηρπάσ-
973 4571 1110 4634 quorum
1133 4547 1252 4615 domini
1280 4547 1420 4632 primum
1452 4566 1594 4624 crsmnn,
1618 4545 1651 4608 et
1674 4542 1715 4608 cb

170 4652 270 4741 θημεν
294 4651 344 4717 ὑπ’
370 4655 473 4717 αὐτῶν
490 4649 539 4729 ούς
565 4645 786 4743 διηρπάζομεν.
809 4661 920 4720 Ταῦτα
972 4657 1037 4724 illis
1059 4657 1204 4742 dissipati
1227 4679 1337 4722 sumus
1358 4677 1438 4742 qnos
1461 4652 1715 4739 disperdidimus.

170 4751 204 4826 δέ
228 4784 321 4851 φησιν
346 4764 361 4824 ὁ
385 4761 476 4850 χορῦς
492 4765 508 4825 ὁ
527 4763 731 4851 προρητικὸς,
756 4761 840 4828 κατὰ
863 4763 918 4827 τὸν
973 4765 1062 4833 Haec
1076 4765 1153 4832 dicit
1167 4764 1283 4831 chorus
1299 4764 1539 4851 prophetarum,
1553 4761 1716 4848 propriam

170 4867 269 4958 μέγαν
293 4864 491 4954 Ἀθανάσιον,
516 4869 723 4959 οἰκειούμενος
755 4879 810 4934 τοῦ
841 4873 919 4936 λαοῦ
974 4873 1035 4938 sibi
1058 4876 1210 4958 reputans
1233 4871 1345 4956 populi
1360 4869 1587 4951 calamitatem,
1603 4889 1714 4935 seeun-

169 4976 228 5052 τὴν
253 4975 422 5066 συμφοράν.
976 4980 1052 5046 dum
1076 4999 1229 5065 magnum
1253 4976 1474 5044 Athanasium.

208 5223 230 5300 ι)
248 5224 333 5281 Rom.
354 5243 395 5298 xr,
415 5228 458 5283 17.
1007 5230 1032 5300 ²)
1050 5226 1149 5284 Etiam
1168 5224 1329 5300 respicitur
1346 5243 1390 5298 ps.
1411 5239 1483 5295 xvrr,
1503 5224 1528 5288 2,
1547 5223 1580 5312 3,Ι

313 5351 409 5408 Auen.
427 5369 456 5424 v,
474 5351 524 5408 fol.
544 5351 587 5408 1*.
