3944 6074
848 537 940 611 Pars
968 537 999 612 1.
1641 554 1695 610 νοτ

153 697 318 796 διορισμός·
344 697 427 780 δῆλα
452 697 485 772 δέ
509 719 611 773 ταῦτα
636 709 696 774 άπὺ
721 721 775 775 τοῦ
800 713 830 776 έν
855 721 895 795 τῇ
950 715 965 773 ὑ
991 703 1189 802 δημιουργὸς,
1215 715 1285 776 ἀλλ’
1304 718 1397 799 ἐντῷ
1417 717 1517 800 οἰκείῳ
1540 707 1615 782 εἴδει
1638 719 1699 794 τὴν

154 811 269 902 μείζονι
285 817 437 907 προτάσει
453 819 663 907 λέγεινημᾶς·
680 829 741 884 πᾶν
757 822 792 884 εὑ
808 813 899 909 μεδε-
952 821 1131 911 ἀκροτάτην
1157 824 1222 911 ἔχει
1246 813 1386 912 δύναμιν.
1411 863 1452 874 -
1477 829 1498 893 l,
1523 830 1564 894 47
1591 827 1625 892 ἂν
1651 830 1702 894 οὔ.

153 925 200 1001 νὸς
224 935 321 989 κακοΰ
347 929 399 988 αἰτ
403 950 455 1001 ιον,
481 950 535 989 και
527 920 698 1015 λνυὺαν
686 951 727 990 ιν
751 933 834 1017 ἡμᾶς
859 929 898 994 τά
951 953 1011 1004 τως
1037 932 1098 1008 εἴη)
1122 930 1219 1004 οὑτως
1244 929 1280 994 άν
1305 933 1363 1002 εἴη,

124 1043 246 1096 ·πάν.
237 1025 485 1123 τροσδιυρισμον,
511 1032 591 1098 ὑνὼ
595 1036 705 1124 ,πρὸς
725 1037 762 1099 τἰι
788 1039 897 1119 αἴτιον,
996 1039 1041 1104 Μ
1066 1039 1123 1104 fol.
1149 1041 1201 1104 21.
1219 1040 1296 1105 -l
1321 1041 1417 1105 48'
1389 1063 1433 1110 ειη
1462 1044 1513 1123 ὡς)
1539 1048 1600 1116 ἠ
1585 1069 1636 1118 ως,
1661 1087 1699 1098 -

152 1141 293 1206 ὃνὺιὺπ
274 1165 455 1230 οκειμενον
473 1167 516 1226 ον
532 1087 709 1220 δῆλὺνὼῌ
700 1157 785 1218 εντῆ
770 1147 899 1231 Ιλέλάτ-
950 1145 1081 1212 150
1047 1168 1159 1210 τοτ
1141 1137 1356 1234 δοναιένου
1349 1149 1460 1232 κακον)
1484 1150 1559 1214 τότε
1546 1142 1726 1230 άδυννι-,

152 1276 220 1317 τονι
243 1250 394 1340 προτάσει
417 1251 734 1344 κατηγοροὺμενον
715 1279 763 1329 ην
952 1251 1181 1339 μίακακὺνμ
1143 1255 1398 1319 -151ἀποπί
1389 1258 1540 1339 ·ττον)άτ·
1530 1259 1619 1322 ,οπίτ
1609 1275 1698 1326 ,τειν

196 1363 241 1429 Μ.
259 1364 316 1430 fol.
336 1367 388 1430 18.
405 1408 443 1417 -
459 1366 482 1431 1.
501 1367 541 1432 18
558 1358 646 1452 ἑξεϊς)
662 1357 742 1442 ἑξῆς.
760 1403 801 1412 -
819 1368 841 1432 l.
855 1371 897 1433 20
951 1407 989 1415 —
1005 1363 1027 1428 l.
1046 1364 1087 1427 52
1106 1361 1230 1450 ἄριστον
1249 1361 1284 1425 άν
1301 1364 1360 1442 εἴη,
1377 1364 1430 1426 m!
1447 1369 1473 1427 εἰ
1491 1365 1587 1430 ἄλλον
1605 1369 1698 1454 ἄλλο)

153 1482 246 1535 τοῦτο
271 1463 408 1558 ἀξίωμα)
433 1471 546 1536 τούτου
565 1465 612 1550 άξ.
640 1513 679 1522 —-
703 1475 726 1541 l.
751 1479 792 1541 22
817 1477 897 1564 ἔχων
952 1469 1087 1557 ἄριστον,
1114 1469 1169 1532 κάν
1194 1465 1213 1555 ι)
1237 1471 1290 1532 καὶ
1310 1474 1336 1534 εἰ
1354 1469 1433 1534 ἄλλο
1450 1472 1559 1541 ἄλλον.
1578 1515 1618 1524 -
1637 1477 1697 1542 Ed.

153 1579 281 1666 μετέχει
299 1575 349 1663 ἂν)
365 1579 436 1666 ἔχον
455 1579 583 1668 μετέχοι
601 1579 648 1648 ἅν.
667 1621 707 1630 -—
725 1584 746 1648 1.
764 1587 806 1650 23
831 1589 898 1647 αἰσ-
952 1601 983 1662 p.
1009 1580 1084 1656 358,
1109 1578 1131 1643 1.
1156 1579 1175 1641 2
1200 1577 1237 1639 τό
1259 1567 1308 1660 δε)
1332 1577 1370 1641 τό
1394 1602 1429 1642 τε
1452 1587 1527 1664 post
1548 1606 1628 1649 corr.
1655 1620 1698 1631 -

153 1695 227 1773 χροῦ
252 1685 399 1774 μετέχον)
425 1691 552 1775 αἰσχροῦ
578 1689 725 1778 μέτοχον.
750 1729 790 1738 -
815 1694 837 1758 l.
856 1695 898 1759 28
951 1685 973 1750 l.
998 1688 1018 1750 3
1044 1689 1070 1748 εἰ
1087 1675 1364 1773 μεταὺλητότερον
1382 1684 1495 1774 γένοιτ’
1515 1686 1563 1770 ἃν)
1583 1691 1700 1778 ἀμετα-

152 1801 255 1856 ταῦτοι
280 1783 457 1874 διέστηκεν)
481 1793 581 1882 ταύτῃ
610 1787 782 1870 διέστηκεν,
951 1783 1146 1880 ὑλητὺτερον
1160 1793 1292 1882 γίνεται·
1307 1798 1334 1856 εἰ
1347 1791 1405 1880 ἄρα
1419 1796 1456 1859 τὺ
1469 1807 1610 1884 κρεῖττον
1624 1799 1698 1886 ἔχει,

197 1901 242 1967 Μ.
266 1902 322 1968 fol.
351 1905 391 1968 18
415 1905 540 1970 v.-1.
562 1907 604 1970 33
627 1909 720 1990 ποιεῖ)
745 1919 830 1994 ποιῇ,
856 1947 897 1958 -
952 1893 1149 1990 μεταὺάλλοι
1162 1925 1193 1964 τι
1206 1911 1269 1966 τῶν
1283 1901 1436 1992 χειρόνων,
1449 1905 1487 1968 τὸ
1500 1897 1700 1993 μεταὺαλλὺ·

151 2013 177 2072 εἰ
193 2007 252 2098 γάρ
270 2008 341 2098 ἄρα)
367 2035 430 2078 om.
455 2011 524 2102 γάρ.
544 2017 624 2082 -1,
650 2021 691 2083 35
716 2009 818 2082 οὐδενὶ
842 2042 899 2081 κα.
952 2032 1042 2097 μενον
1068 2001 1365 2097 άμεταὺλητὸτερον
1385 2009 1494 2100 γένοιτ’
1513 2011 1561 2078 άν,
1578 2049 1621 2061 -
1637 2015 1696 2080 1.5

150 2117 204 2180 κὺν
221 2129 307 2182 ποιεῖ
326 2120 377 2201 εὑ)
402 2111 502 2184 οὑδενὶ
517 2134 601 2186 ποιεῖ
616 2148 647 2187 τι
670 2126 773 2189 κακόν.
801 2165 840 2175 -
866 2152 898 2191 τι
951 2117 1002 2182 ἐπὶ
1018 2119 1143 2206 χείρων)
1161 2117 1211 2180 ἐπὶ
1228 2127 1339 2206 χεῖρον,
1358 2155 1401 2168 -
1417 2117 1528 2181 ἑαυτὸν
1545 2143 1623 2185 ποτε
1647 2145 1700 2208 με·

150 2229 267 2310 ποιοῦν)
285 2252 317 2292 τι
332 2238 441 2295 ποιεῖν.
460 2268 501 2277 -
518 2231 540 2296 l,
561 2234 603 2297 38
629 2233 748 2320 μέντοι)
775 2233 830 2322 μέν
854 2259 897 2301 τι,
951 2219 1118 2300 ταὺάλλει)
1143 2226 1236 2290 ἑαυτό
1254 2249 1332 2290 ποτε
1353 2219 1562 2316 μεταὺάλλοι,
1580 2266 1620 2276 -
1638 2231 1659 2295 l.
1679 2233 1698 2294 6

152 2377 190 2385 -
213 2334 235 2400 l.
261 2337 303 2401 40
327 2333 364 2399 τὸ
387 2340 540 2419 ποιοῦντι)
564 2337 601 2403 τό
624 2350 729 2404 ποιοῦν
753 2365 786 2405 τι
951 2335 998 2400 ἔτι
1023 2326 1231 2422 μεταὺάλλει)
1248 2335 1295 2398 ἔτι
1312 2326 1517 2421 μεταὺάλλοι,
1535 2373 1578 2385 -
1594 2340 1625 2400 ἐν
1642 2346 1697 2400 τοῦ

196 2441 239 2506 Μ.
253 2441 309 2508 fol.
327 2443 377 2508 19,
391 2484 429 2494 —-
445 2445 467 2509 l.
482 2445 523 2510 45
540 2457 659 2526 ποιοῦν,
672 2453 779 2530 τοῦτο)
793 2460 898 2513 ποιοῦν
951 2439 1128 2525 οἰκείου)ον
1145 2451 1199 2505 τοῦ
1225 2445 1281 2505 οἰκ.
1302 2443 1379 2508 -1,
1398 2445 1416 2507 7
1436 2435 1620 2530 μεκαὺολὺν
1638 2447 1696 2526 sic)

152 2547 249 2610 κακόν
273 2571 306 2610 τι
329 2559 446 2631 ποιοῦν,
470 2560 575 2616 τοῦτο,
595 2591 635 2601 -
657 2556 679 2620 l.
704 2559 747 2622 46
770 2557 901 2630 ἠκοληύ.
952 2540 1063 2636 μεταὺ.

154 2651 261 2736 θηκεν)
284 2653 507 2728 ἠκολούθησεν,
526 2697 566 2706 -
589 2661 610 2727 l.
637 2663 679 2728 50
703 2661 756 2724 καὶ
780 2641 900 2752 έχουσι)
996 2655 1040 2720 M.
1065 2656 1122 2722 fol.
1148 2659 1189 2721 21.
1216 2680 1245 2720 ν.
1263 2656 1340 2721 -1,
1363 2659 1397 2721 11
1417 2657 1522 2739 τοὺτε)
1549 2657 1629 2722 οὔτε.
1656 2691 1698 2705 -

152 2761 207 2824 καὶ
230 2755 340 2838 ἕξουσι.
362 2801 402 2812 -
428 2765 464 2828 τὸ
489 2771 692 2857 ἀφαιροῦντα)
716 2771 771 2835 τὸν
796 2775 897 2862 ἁραιρ,
951 2763 1075 2850 ὁμὺσιοέ
1097 2766 1184 2844 εἰσιν)
1211 2761 1350 2852 ὁμοὺσιοί
1374 2767 1459 2829 εἰσιν.
1478 2764 1560 2829 -1,
1587 2767 1627 2830 13
1645 2786 1700 2852 με·

152 2907 194 2916 -
211 2870 272 2935 Ed.
293 2893 324 2955 p.
342 2873 417 2946 357,
434 2873 456 2937 l.
484 2876 500 2939 1
524 2883 569 2956 τῷ
587 2875 654 2938 ὄντι
677 2874 807 2966 ἀγαθον)
832 2877 900 2942 ὄντι
951 2863 1133 2953 ταὺαλλῶν)
1160 2863 1363 2958 μυταὺνλῶν.

153 2974 280 3065 ἀγαθὸς,
305 2977 341 3039 τὸ
365 2986 410 3059 τῷ
435 2979 502 3042 ὄντι
526 2979 655 3070 ἀγαθόν,
675 3023 714 3032 -
731 2986 753 3050 l,
779 2989 798 3050 3
823 2985 901 3073 ὠρέ-
996 2978 1040 3044 M.
1066 2979 1122 3044 fol.
1148 2982 1201 3044 22.
1219 2979 1295 3043 -1,
1321 2980 1363 3043 24
1381 2976 1454 3065 μηθ’
1479 2975 1527 3066 ὑφ’
1554 2977 1652 3042 ἄλλου
1677 2975 1696 3047 ἢ

152 3086 256 3174 λιμον,
282 3077 446 3172 βλαὺερὺν)
470 3087 624 3177 ὠφέλιμον
643 3091 734 3178 μένος
758 3095 899 3180 ὠφελεῖν,
952 3087 1049 3174 κατα)
1066 3085 1139 3174 μηθ’
1156 3091 1207 3150 ὑπ’
1226 3087 1323 3150 ἄλλου
1341 3085 1436 3152 κατά.
1456 3124 1494 3133 -
1513 3088 1535 3151 l.
1553 3089 1595 3154 28
1615 3085 1696 3150 m&

153 3189 186 3250 οὑ
211 3185 271 3276 γάρ
303 3178 340 3257 δὴ
368 3188 519 3271 βλάπτει,
546 3191 644 3279 μόνως
674 3193 828 3282 ὠφέλιμον
853 3193 898 3272 ὃν,
950 3194 1025 3277 πᾶν)
1051 3193 1134 3257 άλλά
1158 3185 1329 3256 άδὺνατον·
1355 3201 1427 3258 πᾶν.
1453 3231 1493 3240 ··-
1517 3195 1540 3260 l.
1565 3197 1606 3258 32
1629 3193 1698 3281 περὶ

155 3285 319 3382 βλαὺερόν.
338 3332 378 3343 -
394 3295 415 3360 1.
432 3297 455 3360 Ι4
479 3285 623 3380 δυνατὸν,
648 3291 821 3387 ἐνδέχεται)
848 3293 900 3364 δυ·
951 3313 1013 3367 τῶν
1038 3301 1127 3385 θεῶν)
1151 3327 1214 3369 om.
1239 3311 1311 3365 τῶν.

153 3402 258 3482 νατὺν,
282 3402 320 3466 τὺ
344 3401 404 3490 γάρ
428 3394 561 3468 δυνατὸν
586 3397 686 3495 ἑνδέχ.
996 3410 1041 3475 M.
1065 3410 1122 3474 fol.
1140 3411 1182 3473 22
1199 3433 1229 3476 v.
1248 3449 1286 3462 -
1302 3410 1324 3474 l.
1341 3413 1383 3474 40
1403 3407 1609 3496 προσιέμενοι)
1626 3432 1700 3496 προ·

197 3511 242 3576 Μ.
266 3513 324 3578 fol.
344 3515 383 3578 19
400 3537 430 3578 v.
456 3555 495 3565 -
517 3515 539 3581 l.
567 3517 605 3581 11
632 3517 899 3606 ἀντιστρέρουσιν)
951 3516 1085 3595 σέμενοι.
1103 3559 1141 3570 -
1157 3519 1178 3582 1.
1193 3520 1234 3582 42
1253 3517 1336 3604 μήτε
1355 3515 1531 3598 βλάπτοντι
1547 3516 1585 3581 το“
1603 3514 1697 3598 θεῖον)

153 3617 463 3707 ἀντιστρέρωσινμ
424 3624 503 3688 —l.
523 3625 562 3688 12
581 3647 672 3711 μονον
690 3619 802 3714 ειναι)
797 3651 897 3690 υονων
952 3615 1206 3710 μετειαλλον
1172 3647 1203 3685 τι
1216 3647 1278 3686 των
1304 3621 1402 3689 ὑείων.
1421 3661 1459 3670 -—
1479 3645 1510 3686 εν
1528 3613 1638 3711 διαρο
1640 3627 1696 3706 οις)

153 3717 300 3788 εἶναι-
317 3727 442 3793 114
424 3753 518 3819 ακρ
544 3730 767 3821 μόνος)άκρας
794 3735 897 3821 μόνας.
950 3755 981 3795 εν
1007 3723 1040 3794 δε
1058 3723 1200 3820 διαρ
1217 3733 1306 3797 147
1329 3730 1700 3820 προηγουμένηπροη-

155 3834 242 3898 -Ι,
269 3835 309 3899 15
334 3833 433 3921 μόνως
458 3839 640 3927 εὐπραγίας)
665 3841 761 3928 μόνης
785 3844 899 3931 εὐπρα-
951 3840 1117 3931 ρουμένηην

153 3938 291 4026 χίας*
252 3941 416 4006 119
409 3947 455 4004 επ
482 3945 587 4032 άμροτ
590 3946 755 4034 Ἥρων)
704 3971 747 4010 απ
782 3951 898 4036 άμροτ.
996 3947 1121 4014 Οοὺιοιε
1138 3969 1260 4032 paglna
1277 3945 1433 4011 seholns
1424 3969 1458 4010 ιο
1475 3967 1623 4031 margme
1640 3966 1697 4009 eu·

199 4047 243 4114 M.
257 4049 314 4114 fol.
329 4052 429 4116 20.-
441 4052 462 4116 l.
477 4055 516 4118 21
533 4057 572 4127 ὡς
585 4055 702 4174 Πρρμ.)
715 4062 754 4131 ὡς
768 4061 782 4119 ὑ
796 4063 862 4146 ΙΙαρ
849 4081 899 4147 ρμ,
949 4056 1111 4120 ΠιοΙοὺοεε
1136 4055 1167 4119 10
1192 4054 1323 4142 Ἀπορία
1342 4055 1370 4117 α’
1387 4053 1462 4142 πρὸς
1478 4051 1537 4122 τάν
1555 4061 1610 4114 τοῦ
1628 4049 1696 4114 θεοῦ

154 4151 234 4215 -l.
250 4153 292 4216 22
311 4173 411 4237 υονων
430 4153 568 4241 αγαθων)
590 4179 683 4244 μονον
702 4158 838 4247 αχαθων
857 4198 897 4210 -
951 4160 1210 4252 άχαθὺτηταμ
1168 4161 1274 4227 -110
1292 4159 1469 4248 Ἀπορίαβ’
1485 4159 1559 4246 πρὸς
1578 4159 1617 4221 τὸ
1641 4166 1696 4219 τοὺ

153 4255 174 4322 l.
200 4259 243 4322 24
267 4267 329 4321 των
350 4263 469 4338 κακων)
487 4285 550 4328 om
567 4273 707 4327 τῶν.-
665 4269 752 4332 -l
777 4271 819 4334 35
844 4291 901 4356 με·
951 4269 1021 4334 0εοὺ
1046 4263 1350 4358 ἁμετάὺλητον-
1373 4267 1439 4334 111ο
1462 4265 1594 4354 Ἀπορία
1622 4264 1696 4354 πρὸς

152 4355 355 4429 ταὺάλλοντο
358 4359 622 4453 ς)μεταὺάλλον.
950 4377 1010 4450 τὴν
1035 4389 1089 4443 τοῦ
1114 4378 1184 4443 θεοῦ
1203 4377 1284 4451 ἁλήθ
1287 4402 1423 4444 ειαν.-
1438 4376 1502 4442 1V⁰
1525 4373 1616 4448 Λὺσις
1638 4382 1697 4446 τῆς

198 4471 243 4537 M.
268 4473 325 4539 fol.
343 4477 489 4541 2ον.-
503 4477 625 4543 1.30’
610 4478 734 4551 απάση
723 4480 854 4558 ,πάσης
878 4483 896 4556 ἢ
951 4490 994 4569 Δ’,
1018 4490 1104 4554 idem
1128 4489 1264 4554 inferius
1287 4486 1373 4560 λὺσις
1390 4495 1448 4560 τῆς
1474 4485 1531 4568 β’..
1542 4491 1631 4554 ,ςτῆ
1655 4481 1696 4568 γ’.

152 4571 207 4662 0⁶¹3
193 4568 340 4662 03'00)
325 4580 451 4657 απᾶτης
481 4581 584 4658 πάσης
617 4585 670 4648 καὶ
693 4577 832 4672 ὑῑῦδνςυ.
858 4626 900 4637 -
996 4598 1034 4663 In
1059 4597 1206 4682 margine
1237 4596 1385 4662 inferiori
1415 4597 1456 4660 ad
1486 4595 1567 4660 haec
1597 4592 1696 4658 verba

152 4684 175 4748 l.
201 4687 241 4750 37
263 4677 346 4750 δυοῖν
350 4682 709 4776 λαμὺανεινδ)δυεῖν
726 4690 824 4785 λαυὺ
851 4689 968 4775 δάε
1006 4705 1127 4792 εἴρηται
1152 4695 1256 4790 μὲν
1225 4725 1276 4766 ουν
1295 4691 1346 4764 δια
1362 4700 1543 4765 πλειονων
1535 4723 1566 4763 εν
1591 4697 1697 4770 ἄλλοις

153 4792 242 4856 —l.
267 4796 309 4859 38
334 4797 567 4886 προαιρετικην)
600 4813 830 4890 προαιρετικῶς.
856 4842 897 4855 ·—
950 4747 1021 4898 περὶ
1035 4730 1176 4887 ρτοὺτιυν,
1200 4812 1351 4873 notatur:

152 4900 174 4966 l.
204 4901 247 4969 40
280 4895 508 4991 μεταὺάλλειν,
540 4909 662 4993 οὑκοῦν)
693 4904 899 4998 μετεὺάλλειν
996 4916 1043 4982 Α’.
1069 4915 1112 4978 'rb
1137 4913 1192 5001 μὲν
1216 4916 1247 4976 έν
1271 4921 1316 4994 τῷ
1342 4913 1413 5002 Περὶ
1437 4922 1495 4988 τῆς
1512 4921 1575 4976 τῶν
1592 4917 1696 4975 κακῶν

154 5005 233 5090 θῑὺν,
258 5014 377 5078 ν’)κοῦν.
397 5053 436 5061 -
455 5016 476 5081 1.
494 5018 537 5081 44
558 5007 783 5109 δυνατώτερον,
802 5021 897 5105 ἀλλά)
950 5022 1149 5097 ὑποστάσεως
1175 5013 1362 5110 μονοὺίὺλῳ.

154 5105 403 5206 δυνατώτερονῆ
429 5119 466 5183 τὺ
491 5120 545 5206 μέν
568 5112 782 5212 δυνατώτερὺν
803 5128 898 5208 ἐστιν,
997 5130 1039 5197 ss'.
1064 5133 1107 5193 Το
1132 5120 1166 5193 δὲ
1189 5133 1219 5193 έν
1243 5137 1289 5211 τῷ
1306 5133 1346 5202 εὶς
1361 5127 1416 5192 τὸν
1433 5127 1528 5218 λόγον
1548 5137 1607 5201 τῆς
1632 5131 1698 5190 Διο-

153 5224 208 5286 οὑκ
225 5222 423 5314 ἁθενεοτέρου
441 5217 474 5292 δέ
490 5217 712 5320 δυνατώτερον,
737 5231 830 5300 ἀλλά.
856 5274 897 5284 -
951 5238 1056 5324 τίμας,
1074 5234 1148 5324 Περὶ
1164 5245 1222 5310 τῆς
1238 5243 1300 5298 τῶν
1317 5243 1421 5298 κακῶν
1438 5233 1648 5308 ὑποστάσεως,

152 5332 175 5397 1.
200 5335 242 5398 46
266 5331 325 5404 τὴν
351 5325 491 5423 δύναμιν,
509 5336 545 5402 τὸ
565 5330 629 5421 οὑν)
647 5338 706 5411 τὴν
731 5331 897 5432 δύναμινῇ
995 5343 1039 5408 Γ’,
1063 5345 1194 5430 Εἴρηται
1217 5343 1248 5406 έν
1272 5350 1337 5417 τοῖς
1361 5344 1402 5415 εἰς
1419 5341 1607 5412 Θεαίτητον·
1626 5337 1696 5401 ἀλλ’
