4008 6068
542 881 855 1014 visus
917 880 1571 1014 cossanusvs

899 1161 1244 1237 EPISOOPUS.

967 1835 1185 1902 MONITUM.

343 2049 491 2117 Crescere
515 2074 627 2135 perse
651 2057 683 2118 et
705 2053 884 2137 germinare
908 2053 1119 2134 membranas,
1136 2056 1169 2117 et
1185 2055 1275 2137 quasi
1291 2058 1417 2138 vegeta,
1433 2076 1611 2138 arcanaque
1627 2055 1658 2119 vi
1681 2055 1785 2121 evolvi
1809 2056 1841 2120 in

300 2179 382 2224 nova
406 2159 602 2226 incrementa
624 2182 704 2244 pene
720 2160 861 2240 dixerim,
878 2182 974 2244 quum
994 2183 1057 2226 non
1074 2161 1173 2226 semel
1188 2161 1284 2227 incidi
1299 2162 1332 2226 in
1352 2161 1568 2247 manuscripta
1591 2162 1764 2246 volumina,
1788 2163 1841 2229 diu

298 2267 331 2329 et
353 2265 523 2350 diligenter
546 2288 677 2332 excussa
700 2289 719 2332 a
742 2267 819 2332 viris
841 2268 1042 2346 doctissimis,
1058 2289 1138 2351 quos
1154 2272 1261 2333 tamen
1278 2269 1398 2334 multae
1414 2270 1574 2353 quantivis
1591 2271 1686 2354 pretii
1703 2271 1840 2356 paginae

298 2370 458 2457 fugerant.
477 2373 529 2440 Sic
545 2374 623 2439 mihi
639 2374 714 2439 olim
733 2375 871 2440 occurrit
895 2375 994 2440 codex
1018 2375 1072 2440 ille
1089 2375 1371 2459 sangermanensis
1388 2377 1463 2456 838,
1481 2377 1519 2442 de
1543 2399 1607 2461 quo
1630 2377 1768 2443 Mancini
1791 2379 1843 2444 vel

259 2473 262 2482 “
300 2478 506 2546 oculatissimi
524 2482 688 2562 siluerunt,
706 2483 737 2548 in
754 2504 817 2566 quo
835 2487 943 2548 tamen
958 2483 1072 2564 inerat,
1085 2505 1158 2548 cum
1173 2483 1408 2562 commentariis
1424 2483 1556 2548 Joannis
1573 2483 1716 2563 Diaconi,
1732 2489 1843 2550 eatena

298 2583 440 2651 Victoris
464 2585 616 2671 Capuani,
641 2609 716 2653 sane
740 2587 880 2653 omnium
904 2589 1018 2672 prima,
1041 2588 1207 2673 complexa
1230 2612 1293 2654 non
1317 2590 1480 2672 pauciores
1504 2612 1599 2673 quam
1623 2590 1738 2676 viginti
1762 2593 1842 2656 anti·

298 2693 472 2776 quissimus.
488 2699 606 2778 patres,
630 2716 714 2760 nuuc
737 2694 909 2780 Spicilegio
935 2695 1124 2762 Solesmensi
1141 2696 1287 2761 insertos.
1303 2697 1390 2761 ldcm
1414 2696 1493 2760 mibi
1516 2696 1653 2781 contigit
1676 2697 1710 2760 iu
1733 2698 1840 2762 codice

297 2801 488 2870 Coisliniano
512 2804 588 2883 276,
612 2802 696 2887 apud
723 2803 1005 2870 Montefslconium
1039 2804 1123 2870 haud
1154 2803 1367 2887 perfunctorie
1381 2797 1406 2882 ¹)
1430 2803 1599 2887 descripto,
1623 2803 1701 2887 quin
1731 2807 1838 2868 tamen

296 2931 400 2993 neque
423 2912 491 2994 ipse
514 2911 546 2974 in
570 2912 634 2975 suis
649 2912 826 2993 Analectis,
842 2933 943 2995 neque
960 2909 1045 2976 ullus
1060 2911 1218 2976 sociorum
1235 2909 1295 2974 sibi
1318 2908 1437 2975 edenda
1459 2911 1669 2974 reservaverit
1693 2915 1743 2974 tot
1766 2908 1840 2974 Phi·

297 3014 380 3082 lonis
403 3017 585 3103 fragmenta
597 3015 623 3100 ²)
648 3023 680 3084 et
703 3024 828 3085 caetera
858 3041 957 3104 quae,
980 3023 1053 3104 post
1076 3018 1208 3083 Joaunis
1231 3017 1418 3083 Damasceni
1442 3015 1607 3083 Parollclo
1630 3016 1786 3082 Vaticana
1810 3024 1841 3083 et

296 3123 586 3209 Rupefulcadians,
612 3128 741 3192 tertiam
764 3127 841 3192 dant
864 3127 974 3192 seriem
1007 3125 1244 3205 Coisliniauanr,
1268 3125 1481 3190 curiorissimo
1505 3128 1701 3190 caeterarum
1726 3124 1839 3190 editori

295 3230 469 3316 Lequienio
485 3235 628 3318 ignotam
645 3233 783 3317 quidem,
797 3236 850 3299 scd
863 3234 1009 3316 vicinam,
1022 3235 1120 3298 immo
1136 3230 1254 3296 οἴκοθεν
1268 3232 1465 3299 collocatam.
1479 3231 1568 3296 ldem
1584 3231 1719 3297 fortasse
1735 3232 1840 3298 dicen-

298 3337 372 3403 dum
397 3338 437 3403 de
460 3339 567 3404 codice
590 3339 753 3422 lensensi,
777 3342 833 3424 qui
852 3342 938 3424 jacet
953 3365 972 3406 a
987 3347 1125 3425 quatuor
1140 3340 1274 3407 saeculis
1298 3340 1479 3425 incognitus
1502 3340 1533 3404 in
1552 3339 1603 3404 via
1622 3340 1793 3424 propatula
1808 3346 1841 3406 et

294 3448 405 3524 strata,
428 3445 468 3510 ab
492 3447 638 3512 omnibus
661 3453 807 3514 veterum
830 3449 984 3514 librorum
1009 3449 1212 3514 venatoribus
1235 3449 1314 3513 trita
1337 3454 1368 3518 et
1392 3448 1598 3530 perlustrata.

340 3550 486 3636 Agedum
509 3576 593 3619 nunc
617 3555 656 3619 ad
679 3555 789 3621 Titum
820 3555 1024 3634 Bostrensem
1047 3557 1180 3638 accedo,
1204 3578 1299 3640 quem
1322 3577 1395 3620 cum
1423 3553 1596 3637 Serapione
1625 3553 1840 3639 Hieronymus

295 3659 380 3725 inter
402 3659 600 3726 doctissimos
623 3685 722 3747 aeque
745 3667 778 3729 et
802 3663 897 3748 louge
921 3663 1083 3749 elegantes
1107 3664 1240 3729 attollit.
1265 3663 1326 3729 Sed
1349 3662 1520 3728 dolendum
1550 3663 1690 3746 ejusdem
1713 3662 1840 3747 insigne

280 3787 387 3850 opus,
412 3766 495 3832 male
518 3769 716 3834 reconditum
738 3769 770 3834 iu
794 3770 1052 3836 membranarum
1077 3771 1232 3851 tenebris,
1256 3770 1391 3856 pessime
1414 3771 1447 3835 iu
1470 3770 1575 3836 lucem
1597 3769 1708 3834 datum
1731 3768 1840 3852 tuisse,

295 3896 397 3956 quum
419 3880 549 3959 praeter
571 3876 725 3959 plurimas
741 3878 875 3962 paginas
891 3876 1048 3942 Turricno
1063 3877 1232 3962 interpreti
1249 3879 1387 3962 ignotas,
1403 3878 1543 3968 ejusdem
1560 3876 1663 3942 versio
1682 3898 1701 3941 a
1723 3896 1840 3961 graeco

294 4002 450 4063 sermone,
474 3981 626 4068 Basnagii
648 4004 725 4049 cura
741 3983 836 4064 edito,
852 3982 1008 4049 discordia
1023 3985 1114 4067 quasi
1130 3990 1287 4069 perpetua
1301 3987 1439 4052 recedat.
1459 3985 1587 4052 Testem
1602 3984 1731 4074 appello
1754 3985 1840 4051 codi-

293 4110 360 4155 cem
382 4088 586 4173 anuensem,
602 4113 697 4175 quem
720 4113 785 4156 non
807 4090 904 4156 semel
920 4091 1150 4174 stomachatus,
1166 4094 1196 4156 ἐν
1213 4081 1339 4181 παρόδῳ
1356 4093 1489 4174 contuli,
1505 4097 1651 4160 sexcenta
1672 4092 1746 4158 inde
1768 4092 1839 4159 locs

249 4251 250 4256 ,
292 4195 413 4264 calculo
437 4202 507 4264 atro
529 4203 654 4282 notans,
678 4222 759 4284 quae
783 4221 879 4284 porro
902 4201 962 4266 sub
985 4199 1086 4268 oculis
1109 4202 1254 4285 ponenda
1277 4202 1364 4267 duxi.

337 4303 479 4370 Faveute
501 4306 607 4372 codice
632 4305 841 4388 Ooislinisno,
866 4307 1035 4398 nonnullas
1058 4309 1192 4392 paginas
1215 4309 1281 4374 fere
1305 4331 1341 4374 ex
1364 4310 1493 4394 integro
1508 4308 1650 4389 restitui,
1674 4329 1773 4392 quum
1797 4329 1837 4374 ne

294 4410 379 4478 ullus
402 4411 531 4496 quidem
555 4434 663 4478 versus
685 4414 754 4480 sine
776 4415 932 4480 varietate
955 4419 1053 4500 esset,
1074 4438 1111 4481 ac
1134 4439 1227 4500 saepe
1251 4415 1450 4501 gravissima.

329 4637 352 4712 ¹)
369 4641 413 4699 Of.
431 4641 618 4702 Bibliotheca
636 4643 815 4703 Ooisliniana
833 4663 860 4718 p.
880 4644 942 4703 389,
1125 4646 1149 4720 ²)
1168 4645 1256 4706 Anat.
1275 4662 1364 4705 sacra
1382 4653 1447 4705 t.·11
1465 4663 1494 4721 p.
1511 4644 1639 4702 304310.
