3940 6072
670 551 857 646 Dionysius
884 543 1184 628 Halicarnasseus.

751 835 1103 926 ’λίπιχειρήματα

196 1051 434 1141 Ἐπιχειρητέον
459 1042 492 1116 θέ
517 1052 623 1125 οὕτως·
650 1053 770 1118 Ἀκοόω
794 1043 828 1116 θὲ
851 1053 906 1118 τόν
932 1051 1101 1142 Μαρσόιαν,
1120 1051 1203 1116 ἀλλά
1220 1054 1274 1116 καί
1292 1057 1471 1128 Ναυτεῒλονζ
1496 1052 1567 1117 ἀλλ’
1593 1045 1699 1125 ἐπειδὴ

156 1171 299 1252 γεωργῶν
324 1159 494 1250 ἑμνήσθην,
518 1162 585 1226 ἐπεὶ
608 1161 663 1225 καί
687 1161 896 1251 στρατιώτης·
920 1160 980 1248 ἀρα
1004 1161 1058 1224 καί
1073 1166 1163 1248 ἡμεῖς
1187 1171 1249 1224 τῶν
1275 1173 1332 1236 τῆς
1356 1151 1477 1236 Λυθῶν,
1504 1159 1616 1235 καλήν
1642 1163 1700 1254 γάρ

156 1276 248 1345 αἰκῶς
272 1267 388 1333 πειθεῒν
414 1275 437 1333 ώ
461 1276 551 1357 ήμεῒς
568 1272 666 1358 ἴσμεν
683 1273 710 1333 οί
727 1260 760 1334 δέ
776 1271 912 1358 κρίνουσι
928 1268 988 1360 γάρ
1005 1272 1040 1332 οὺ
1056 1264 1158 1356 ψήφῳ,
1177 1267 1259 1332 ἀλλά
1277 1271 1350 1352 βοῆς
1366 1273 1442 1359 ἔφην
1467 1273 1501 1333 οὐ
1526 1268 1698 1360 γινώσκειν·

155 1378 299 1468 ἐπάνειμι
323 1370 356 1444 δέ
381 1379 450 1444 ὅθεν
475 1373 602 1456 ἑξέθην·
627 1380 697 1469 φέρε
722 1370 759 1450 θη
786 1379 840 1442 καί
863 1384 963 1466 ἡμεῖς,
987 1381 1034 1443 ἴτε
1060 1371 1111 1462 δή,
1133 1371 1157 1442 ὦ
1182 1377 1307 1466 φιλότα,
1333 1377 1394 1468 ἄγη
1430 1369 1480 1460 θὴ,
1505 1371 1529 1442 ὦ
1552 1369 1699 1467 γεννάθα·

155 1486 216 1578 ἐγώ
238 1487 292 1575 μέν
313 1488 406 1579 λέγω,
424 1491 440 1552 ό
458 1479 491 1553 δέ
508 1487 604 1552 θέλων
621 1487 783 1564 πειθέσθω,
801 1490 872 1553 οὔτε
888 1486 1044 1577 πείθομαι,
1062 1489 1134 1551 οὔτε
1151 1491 1299 1554 ἀπειστῶ,
1319 1491 1352 1548 Εἰ
1370 1478 1403 1551 δέ
1428 1478 1546 1575 δαίμων
1566 1485 1697 1561 Σκύθαις

154 1596 301 1686 χαιρέτω,
324 1597 529 1683 ἐπιστάμενος
554 1602 588 1660 οὺ
611 1596 694 1687 λέγω
718 1599 865 1684 τοῦνομα.
886 1633 926 1644 -
944 1595 992 1660 T&
1008 1594 1068 1686 γάρ
1084 1606 1217 1660 τοιαῦτα
1234 1597 1465 1685 ἐπιχειρήματα
1490 1593 1606 1684 τερπνά
1625 1599 1698 1686 φαί-

154 1727 241 1766 νεται
266 1704 425 1792 ἀνειμένου
449 1705 502 1767 καὶ
524 1697 634 1794 ίαμθοι
656 1705 710 1769 καί
734 1707 847 1794 στίχοι·
864 1711 883 1776 ή
903 1705 957 1792 μέν
975 1695 1103 1792 μέθοθος
1121 1703 1213 1780 αὕτη,
1231 1706 1267 1768 τό
1286 1695 1319 1768 δέ
1335 1703 1504 1794 κατορθοῦν
1529 1707 1696 1793 ἀνιέμενον,

152 1811 268 1900 φύσεως
283 1802 461 1887 ἐπιτηδείας
475 1811 529 1878 καὶ
545 1803 682 1887 σπουθῆς
699 1811 907 1903 έπαγρόπνου,
922 1811 974 1875 καί
991 1809 1104 1877 ἀνωθεν
1122 1803 1245 1901 θωρεᾶς·
1262 1815 1332 1877 οὔτε
1349 1812 1408 1903 γάρ
1422 1821 1440 1886 ή
1456 1814 1541 1903 φόσις
1561 1815 1696 1902 ἰσχυρόν,

153 1919 195 2008 μὴ
222 1931 284 1985 τῶν
309 1919 523 2010 Δημοσθένους
547 1916 661 2000 ὄζουσα
685 1913 894 2012 θρυαλλίδων,
919 1923 991 1986 οὔτε
1016 1912 1134 1992 σπουδή
1160 1923 1197 1985 τὸ
1222 1923 1311 1985 ὅλον·
1337 1926 1370 1985 οὺ
1395 1921 1454 2011 γάρ
1478 1923 1601 1995 ποιήσει
1624 1922 1696 1998 τοὺς

152 2029 282 2120 νωθροὺς
305 2031 408 2120 λόγων
433 2031 567 2121 εὑρετάς,
593 2031 684 2120 φησίν
711 2032 917 2121 Ἰσωκροίτης,
942 2033 1014 2096 οὔτε
1047 2021 1084 2094 θί
1111 2034 1224 2118 ἀμφοῖν
1249 2036 1267 2103 ή
1294 2034 1399 2120 χάρις,
1425 2035 1450 2095 εἰ
1475 2031 1518 2118 μή
1545 2054 1591 2106 τις
1616 2031 1693 2094 εἴποι

152 2137 219 2201 καθ’
240 2137 392 2228 Ὅμηρον·
417 2137 471 2204 σὺν
494 2139 554 2230 γάρ
579 2138 637 2205 θεῶ
660 2140 887 2229 εἰληλοόθαμεν
903 2137 936 2222 ¹),
1664 2149 1667 2156 '

792 2391 983 2406 -.....-.....,,.-
999 2395 1009 2400 -
1030 2393 1058 2402 ....

415 2669 782 2774 DIONYSIUS
819 2675 1430 2776 HALIOARNASSEUS

409 2873 412 2880 ¹
504 2885 557 2950 ·ι“νι
580 2887 709 2954 scholiis
731 2888 775 2954 ad
798 2887 1030 2972 Ephaestioncs
1052 2888 1267 2956 Ειισίιίνίιίίοιι
1284 2886 1319 2970 ²).

676 3327 720 3388 ÷
744 3313 825 3377 Πότε
849 3313 903 3401 μέν
928 3314 1100 3386 ποιητικόν.
1126 3327 1170 3388 -ἱ-

193 3535 232 3596 Οἱ
256 3529 311 3620 μέν
334 3529 499 3602 ποιητικόν
524 3523 710 3620 ἐξηγοῦνται
730 3530 785 3594 τόν
801 3532 1009 3619 πεποιημένον
1027 3531 1080 3596 καὶ
1097 3523 1337 3621 ἑπιτηθευμένον
1354 3533 1459 3624 λόγον·
1475 3533 1548 3622 πρός
1566 3533 1602 3598 τό
1626 3541 1698 3598 τοι-’

149 3631 240 3704 οόσθε
264 3639 335 3714 τοὺς
360 3637 529 3715 ἀκούοντας
554 3651 765 3721 καταστῆσαι,
791 3641 824 3702 οὐ
840 3641 1005 3713 ποιητικόν
1024 3631 1067 3724 θέ,
1084 3640 1138 3704 τὸν
1160 3629 1399 3728 έπιτηθευμένον
1425 3642 1490 3728 μέν,
1516 3641 1558 3730 μή
1585 3641 1691 3731 μέντοι

149 3738 310 3813 δοκοῦντα.
335 3746 486 3836 ’Ἄμεινον
510 3737 543 3811 λέ
560 3756 604 3830 τῷ
622 3747 849 3836 Ἀλικαρνασσῇ
868 3751 1015 3830 Διονυσίῳ
1031 3749 1202 3836 ἑπομένοις,
1218 3751 1382 3822 ποιητικόν
1400 3749 1454 3839 μέν
1478 3751 1580 3839 λόγον,
1598 3751 1691 3838 φάναι

148 3856 203 3918 τόν
227 3865 359 3944 τροπικῇ
386 3879 422 3918 τε
439 3854 493 3918 καὶ
509 3867 701 3946 μεταφορικῇ
721 3855 774 3920 καί
791 3847 1016 3944 θιθυραμθώθει
1034 3854 1171 3942 συνθηκῇ
1191 3856 1432 3945 συντεθειμένου,
1457 3861 1549 3922 όποία
1572 3863 1591 3930 ή
1618 3865 1691 3947 Γορ-

148 3964 215 4052 γίου
239 3973 294 4026 τοῦ
320 3963 447 4053 ῥήτορος
464 3963 583 4052 φράσις.
601 3969 728 4053 Πρῶτον
752 3963 812 4055 γάρ
830 3968 953 4038 ἐκεῖνος,
971 3965 1010 4038 ὥς
1028 3987 1118 4052 φησιν
1137 3969 1152 4026 ὁ
1170 3965 1323 4040 Διονύσιος
1340 3970 1370 4030 ἑν
1388 3968 1425 4028 τό
1442 3967 1515 4051 Περὶ
1532 3967 1690 4055 μιμήσεως

147 4071 356 4160 χαρακτήρων
379 4071 434 4136 καί
457 4069 624 4148 συνθέσεως
649 4071 828 4160 ὀνομάτων,
849 4071 905 4143 τήν
922 4071 1090 4144 ποιητικήν
1108 4073 1160 4134 καί
1186 4062 1430 4163 [θήθυραμθώθη
1448 4069 1530 4152 λέξιν
1556 4081 1595 4150 εἰς
1620 4074 1690 4150 τοὺς

146 4177 326 4254 πολιτικοὺς
351 4180 511 4268 εἰσήνεγκε
535 4179 657 4268 λόγους,
682 4185 721 4255 ὡς
745 4181 909 4253 ποιητικόν
935 4171 969 4244 δέ
991 4181 1094 4270 λόγον.
1120 4181 1180 4244 Καὶ
1211 4180 1270 4271 γάρ
1295 4184 1376 4246 οὕτω
1407 4183 1486 4256 τινές
1510 4183 1689 4272 γράφουσιν,

149 4288 220 4348 ἀλλ’
246 4288 280 4349 οὐ
304 4287 470 4358 ποιητικόν
493 4287 548 4350 τόν
565 4286 727 4377 εὐρυθμίας
746 4287 800 4376 μέν
817 4288 871 4351 καί
888 4289 1034 4376 ἁρμονίας
1052 4291 1174 4375 ὁμαλῆς
1192 4289 1417 4378 μετειληφότα,
1442 4287 1525 4353 κατά
1549 4279 1689 4376 περίοδον

146 4392 200 4456 καί
223 4397 324 4457 κῶλον
342 4398 382 4469 είς
399 4387 662 4484 ἀπηκριόωμένην
679 4394 827 4460 σύνθεσιν·
844 4395 903 4466 τήν
922 4387 954 4460 δέ
971 4419 1007 4484 γε
1024 4387 1245 4485 θιθυραμόώθη
1265 4397 1317 4460 καί
1338 4395 1507 4468 ποιητικήν
1532 4395 1688 4469 συνθήκην

146 4501 263 4566 ήκιστα
288 4497 489 4580 ζηλώσαντα·
513 4499 562 4568 οἷα
586 4505 632 4578 τίς
657 4509 741 4568 ἐστιν
765 4510 784 4576 ἠ
811 4513 865 4568 τοῦ
891 4503 1085 4593 Ἰσοκράτους
1110 4503 1228 4593 φράσις,
1251 4504 1320 4592 περὶ
1344 4499 1379 4578 ἧς
1405 4503 1457 4566 καί
1480 4501 1632 4577 Διονόσιος
1657 4507 1688 4566 έν

145 4619 190 4691 τῷ
214 4609 328 4699 πρώτῳ
346 4622 403 4686 τῆς
423 4612 608 4700 [Μιμήσεοις]
635 4613 854 4702 χαρακτήρων,
880 4603 936 4676 eei
952 4635 1016 4687 πως
1032 4611 1128 4702 λέγει·
1146 4626 1190 4685 -ζ-
1206 4617 1273 4675 Τῶν
1291 4637 1326 4677 τε
1348 4610 1407 4702 γάρ
1432 4611 1615 4700 φωνηέντων
1632 4608 1688 4686 τάς

146 4720 367 4806 παραλλήλους
393 4716 499 4794 θέσεις,
524 4724 563 4794 ὡς
587 4718 631 4808 μή
657 4719 788 4796 λυοόσας
813 4719 871 4791 τήν
897 4721 1045 4810 ἁρμονίαν
1074 4729 1135 4782 τῶν
1165 4719 1252 4809 ήχων
1280 4718 1334 4782 καί
1360 4718 1419 4788 τήν
1448 4718 1600 4790 λειότητα
1624 4727 1686 4782 τῶν

146 4823 289 4914 φθόγγων
318 4827 546 4916 λυμαινομένας
571 4827 754 4916 ἐκτρέπεται
778 4819 908 4916 περιόθῳ
933 4851 968 4891 τε
996 4828 1050 4891 καί
1077 4827 1182 4910 κόκλῳ
1210 4822 1456 4916 περιλαμθάνειν.
1475 4825 1516 4890 τά
1540 4825 1687 4913 νοήματα

181 5113 203 5188 ¹)
223 5113 347 5172 Caetera
365 5115 427 5170 fere
441 5112 505 5170 eine
518 5115 580 5170 ullo
593 5114 762 5172 discrimine
781 5115 889 5172 seriem
943 5113 1065 5172 erimine
1090 5119 1284 5186 exponuntur,
1306 5111 1465 5168 manifesto
1487 5116 1626 5184 respectu
1648 5113 1686 5168 ed

143 5205 283 5262 videntur
302 5203 484 5274 continuere,
496 5203 549 5261 sed
561 5204 635 5260 mihi
647 5205 745 5276 palem
765 5209 812 5262 eet
830 5205 889 5261 Ro·
942 5205 1140 5279 Hermogenis
1160 5203 1269 5260 librum
1289 5209 1347 5276 Περὶ
1367 5207 1448 5256 ἰδεῶν.

148 5341 159 5376 ,
177 5311 264 5348 enum
282 5309 341 5349 non
360 5293 440 5350 ultra
453 5293 621 5365 procedere.
634 5293 775 5365 Sequitur
793 5294 888 5350 enim:
979 5296 1002 5367 ²)
1022 5295 1066 5348 Ex
1085 5293 1148 5349 Pel.
1168 5292 1221 5347 315
1239 5292 1259 5347 f.
1272 5292 1315 5360 28,
1329 5293 1372 5348 29.
1386 5291 1469 5358 (λοσε
1488 5290 1513 5348 si
1531 5309 1611 5348 neve
1628 5307 1686 5346 non

56 5385 120 5472 *N
142 5393 164 5488 ἕ
189 5386 253 5438 ἐστὶν
266 5384 329 5452 ἰδία,
343 5381 430 5456 eujus
441 5383 526 5440 ideae
545 5384 707 5443 varietates
720 5385 810 5458 longo
830 5383 888 5442 dis·
943 5384 1011 5456 sint,
1031 5383 1112 5440 haud
1130 5382 1250 5454 ingrate
1269 5383 1326 5438 erit
1344 5381 1454 5438 codicis
1473 5380 1613 5440 varietas.

137 5502 144 5527 ‘
285 5510 380 5567 Aret..
400 5525 426 5582 τ,
446 5511 506 5567 20⁸.
