3978 6070
611 499 788 590 Quaenam
807 503 878 594 τιμῶ
895 507 987 574 vates
1004 509 1036 576 et
1055 503 1168 596 qualis
1185 504 1262 578 est?
1508 483 1510 486 ⁵
1675 515 1711 570 ετ

212 678 237 737 Τ
240 672 256 736 ό
281 674 334 761 μὲν
359 673 410 739 έπί
433 673 492 746 τὴν
515 673 650 764 Λάχεσιν
668 673 861 762 ἀφικνεῖσθαι
877 674 1005 764 πρώτην
1022 674 1079 752 τάς
1097 673 1209 766 ψυχάς,
1226 679 1296 742 ούτε
1320 682 1362 752 εἰς
1386 677 1440 742 τόν
1465 679 1590 770 οὐρανόν
1616 680 1713 755 αύτάς

167 781 360 868 μεθίστησιν,
386 787 458 849 οὔτε
480 787 588 866 πολλῷ
604 782 699 848 πλέον
717 783 859 848 ἐπέκεινα
876 794 959 848 ποιεῖ
972 795 1027 849 τοῦ
1044 786 1181 874 ούρανοῦ.
1199 791 1266 861 Πῶς
1283 784 1342 876 γάρ
1359 785 1438 862 εἰκός
1459 798 1553 852 τοῦτο
1569 787 1714 878 πάσχειν,

167 889 186 961 ή
213 889 269 967 τάς
293 884 326 969 ἐξ
350 895 477 982 ούρανοῦ
500 889 666 973 πεσούσας,
690 889 709 964 ἢ
736 889 792 967 τάς
818 891 907 979 μόλις
931 891 966 956 ἐκ

169 1108 190 1174 f.
210 1111 250 1174 81
268 1133 310 1188 v.,
328 1109 402 1194 plus
418 1110 525 1176 minus
542 1112 697 1177 deficiunt
714 1113 733 1178 8
751 1134 850 1178 νοτες
877 1134 997 1200 ...μορ
1013 1161 1018 1174 .
1034 1161 1040 1176 .
1057 1161 1063 1174 .
1088 1112 1379 1201 έσχηματισμένως·
1398 1113 1499 1180 ού...
1524 1122 1565 1197 τῇ
1582 1111 1715 1201 Λαχέσει

133 1236 146 1274 ε
169 1238 227 1304 προ
241 1266 247 1279 .
262 1265 269 1278 .
284 1267 290 1280 .
304 1215 441 1306 θήμενην
466 1221 513 1306 ἐφ’
536 1218 601 1295 ἑνός
625 1228 751 1283 τῶν...
777 1218 875 1308 ψυχαί
898 1221 1074 1310 προσήισαν
1099 1226 1139 1298 ὡς
1168 1223 1296 1290 ἐκεί...
1321 1219 1425 1285 ἄλλων
1449 1220 1592 1298 κινούσης
1618 1219 1715 1296 αύτάς

169 1323 237 1387 ἐπί.
253 1374 279 1387 ..
304 1325 420 1414 ύφέσεις
437 1336 500 1390 τῶν
518 1318 667 1418 δευτέρων
685 1330 770 1413 βίων·
785 1331 840 1393 ούκ
857 1330 995 1396 ἔστιν...
1019 1333 1037 1402 ὴ
1056 1329 1253 1418 προοέλευσις
1271 1329 1389 1417 συναφὴ
1409 1330 1484 1419 πρός
1502 1329 1613 1402 αύτήν·
1631 1327 1715 1393 ἀλλά

169 1422 208 1495 δι’
233 1425 278 1518 ὧνΙ
300 1434 409 1524 ὥρμων
427 1435 477 1498 ἐπὶ
497 1432 567 1511 τοὺς
586 1437 679 1520 βίους,
697 1437 846 1511 οἰκείωσις
863 1436 937 1525 πρός
955 1434 1065 1512 αὐτὴν,
1082 1435 1136 1500 καὶ
1152 1440 1179 1500 εἰ
1196 1435 1254 1501 ὑπό
1279 1436 1413 1509 σελήνην
1437 1433 1527 1511 ήσαν·
1553 1437 1630 1501 όπου
1655 1434 1715 1526 γάρ

170 1540 205 1605 ἀν
232 1537 250 1627 ᾖ
276 1543 313 1606 τὸ
338 1541 396 1614 τὴν
414 1542 569 1636 ἐνέργειαν
586 1537 777 1634 προύαλλον,
794 1543 864 1608 κατ’
884 1543 982 1615 αὐτὴν
1000 1543 1059 1616 τὴν
1077 1537 1235 1634 προύολὴν
1252 1545 1274 1631 ¹)
1291 1545 1428 1634 προϊέναι
1446 1535 1540 1618 δηλοῖ
1561 1555 1607 1628 τῷ
1632 1543 1717 1634 μύθῳ

168 1650 243 1738 πρός
267 1649 326 1721 τὴν
351 1650 498 1740 Λάχεσιν.
517 1693 557 1701 -
576 1655 619 1718 Τό
637 1645 670 1718 δέ
688 1645 725 1725 δὴ
750 1653 916 1743 προφήτην
940 1653 1011 1718 τινά
1027 1663 1150 1742 πρῶτον
1167 1655 1199 1718 ἐν
1219 1647 1307 1730 τάξει
1332 1645 1509 1738 διῖστάνειν,
1534 1653 1591 1730 τάς
1615 1651 1715 1743 ψυχάς

117 1775 141 1812 1⁰
169 1761 303 1849 ἐναργῶς
327 1763 533 1850 παρίστησιν·
556 1768 595 1838 ὡς
620 1763 679 1852 ἄρα
703 1765 758 1827 ούκ
782 1764 866 1827 ἔστιν
890 1768 909 1836 ή
938 1761 1016 1835 αύτὴ
1043 1772 1106 1826 τῶν
1131 1759 1237 1851 ψυχῶν
1263 1756 1335 1840 ἀξία
1363 1771 1482 1826 πασῶν·
1508 1765 1580 1827 ἀλλ’
1605 1768 1637 1825 αἰ
1661 1762 1715 1849 μὲν

167 1872 326 1959 κρείττους
350 1871 436 1954 εἰσὶν,
460 1863 548 1936 αἰδὲ
571 1875 778 1962 χείρους’τῶν
804 1872 1015 1962 αἱρησομένων
1039 1871 1111 1947 τούς
1137 1873 1238 1956 βίους,
1262 1871 1316 1936 καί
1339 1876 1358 1945 ή
1384 1875 1415 1937 ἑν
1439 1863 1527 1948 τάξει
1552 1861 1715 1946 διάστασις

169 1977 229 2048 τὴν
253 1987 338 2043 κατά
361 1972 451 2057 τάξιν
476 1982 588 2055 αύταῒς-
608 1979 782 2070 παρέχεται
806 1971 967 2070 διάκρισιν,
991 1983 1025 2043 ού
1050 1979 1183 2051 τοπικὴν
1209 1975 1314 2061 οὖσαν,
1336 1975 1421 2043 ἀλλά
1444 1971 1592 2060 ζωτικὴν,
1617 1982 1656 2054 ὡς
1681 1976 1716 2042 ἀν

170 2080 222 2149 οὖν
246 2090 348 2150 αὐτῶν
374 2087 428 2175 μὲν
453 2091 508 2152 ούκ
532 2079 649 2152 εἰδυῖῶν
675 2087 734 2162 τὴν
758 2092 789 2153 ἐν
814 2089 968 2165 ἀλλήλαις
993 2081 1093 2166 ἀξίαν·
1117 2090 1234 2153 ἐκείνου
1260 2081 1292 2152 δέ
1317 2087 1370 2152 καί
1395 2079 1513 2165 εἰδότος
1537 2088 1591 2152 καί
1615 2078 1716 2176 διορί-
1768 2120 1772 2128 ·

170 2187 276 2271 ζοντος
300 2195 385 2260 κατά
408 2195 530 2268 ταύτην
555 2195 652 2272 αύτάς
676 2200 729 2261 ἀπ’
755 2198 914 2274 ἀλλήλων,
939 2199 1035 2274 οὕτως
1052 2191 1133 2263 εἶπεν
1151 2198 1200 2261 ότι
1219 2189 1411 2269 διέστησενό
1433 2195 1596 2286 προφήτης
1621 2194 1717 2272 αύτάς

120 2330 144 2368 ιε
172 2306 202 2366 ἑν
226 2296 325 2386 τάξει,
349 2303 406 2378 τάς
432 2304 486 2393 μέν
511 2305 726 2395 εύμοιροτέρας
751 2310 839 2394 ὁρῶν,
863 2304 920 2380 τάς
938 2297 970 2370 δέ
989 2296 1237 2395 δυσμοιροτέρας·
1256 2309 1290 2368 ού
1310 2303 1371 2395 γάρ
1395 2303 1466 2369 κατ’
1492 2305 1598 2369 ούσίαν
1622 2301 1718 2380 αύτάς

173 2401 319 2485 διέστησε
344 2415 452 2499 (τοῦτο
477 2411 536 2502 γάρ
560 2407 643 2503 εἶχεν
668 2420 703 2478 ἐκ
727 2425 785 2490 τῆς
803 2405 1028 2504 δημιουργικῆς
1046 2414 1173 2498 αἰτίας),
1192 2411 1275 2477 ἀλλά
1291 2413 1375 2479 κατά
1400 2412 1458 2484 τὴν
1476 2407 1558 2491 ζωὴν
1582 2412 1642 2483 τὴν
1658 2436 1719 2476 πα-

173 2531 302 2612 ροῦσαν,
327 2523 460 2611 ἔχουσαν
485 2521 544 2592 τὴν
576 2513 724 2613 διαφοράν
755 2524 826 2613 περὶ
853 2521 913 2594 τὴν
945 2533 1008 2588 τῶν
1038 2523 1162 2611 κλήρων
1197 2513 1367 2611 διανομὴν,
1393 2532 1455 2586 τῶν
1484 2545 1519 2586 τε
1544 2512 1718 2586 δοκούντων

173 2630 395 2720 εύμοιροτέρων
419 2627 506 2713 εἰναι,
531 2630 585 2695 καί
607 2641 669 2696 τῶν
693 2633 812 2705 ήσσονα
835 2630 895 2704 τὴν
920 2632 1076 2722 εὐμοιρίαν
1101 2629 1249 2719 ἐχόντων·
1267 2631 1305 2696 τό
1323 2621 1356 2696 δέ
1377 2627 1553 2720 εύμοιρονή
1580 2631 1718 2695 ἐναντίον

172 2743 202 2805 ἐν
227 2750 293 2816 τοῖς
317 2739 442 2829 κλήροις
465 2741 561 2808 ἐστιν.

118 2973 145 3013 2⁰
170 2958 194 3023 f.
220 2959 271 3038 82,
297 2957 451 3024 deficiunt
475 2959 493 3024 7
519 2979 619 3024 νοτες
645 3007 651 3022 .
667 3007 673 3020 .
687 3006 694 3019 .
709 2957 857 3035 κινήσεως
871 3008 877 3020 .
892 3008 898 3022 .
914 3007 920 3022 .
947 2957 1021 3042 βίων
1046 2961 1114 3047 ἀφω
1127 3007 1132 3020 .
1147 3006 1175 3021 ..
1199 2955 1399 3046 φθορωτέρων
1423 2949 1500 3020 εἶναι
1522 2954 1582 3028 τὴν
1598 3005 1604 3018 .
1619 3005 1625 3019 .
1641 2981 1720 3021 ,νων

172 3063 225 3128 καί
242 3064 279 3129 τό
297 3057 329 3142 ἐξ
354 3064 522 3152 ἀμεινόνων
541 3065 560 3137 ὴ
578 3065 737 3155 χειρόνων,
755 3065 838 3130 ἀλλά
856 3064 910 3154 μέν
927 3065 981 3130 καί
996 3071 1038 3140 εἰς
1054 3065 1181 3155 ὕστερον
1206 3067 1295 3130 ἔσται
1316 3062 1430 3152 φανερά
1448 3062 1664 3131 πάντα...νί
1688 3053 1721 3127 δέ

172 3175 220 3248 τίς
244 3175 328 3238 ἐστιν
352 3167 440 3249 οὗτος
465 3177 481 3237 ὁ
505 3175 668 3264 προφήτης
692 3173 860 3264 λέγων...
883 3183 1007 3265 πρῶτον
1030 3172 1249 3263 ἐπιοτήσωμεν
1279 3173 1329 3236 ότι
1352 3172 1518 3261 προφήτην
1543 3170 1637 3235 αὐτόν
1662 3173 1720 3260 οὐχ

174 3283 279 3357 ἁπλῶς
298 3274 392 3363 εἶπεν,
417 3279 500 3345 ἀλλά
519 3281 588 3347 τινά
602 3283 780 3372 προφήτην,
798 3283 895 3346 όντων
921 3273 1022 3355 δήπου
1039 3280 1093 3344 καί
1117 3281 1233 3365 ἀλλων,
1251 3283 1303 3367 ἀφ’
1328 3272 1370 3342 ὦν
1394 3274 1434 3354 εἷς
1452 3273 1571 3354 οὗτος...
1596 3283 1638 3354 εἰς
1662 3276 1721 3348 τὴν

173 3387 371 3476 προφητικὴν
395 3387 517 3461 ταύτην
541 3388 715 3455 τελούντων
740 3389 851 3479 σειράν.
876 3389 1017 3456 ’Ἔπειτα
1040 3389 1090 3452 ότι
1113 3397 1172 3461 τῆς
1195 3386 1359 3474 Λαχέσεως
1384 3387 1478 3451 αὐτόν
1500 3387 1721 3476 έκφαντοριαόν

121 3509 147 3548 ²⁵
175 3491 336 3560 εἶναιτῶν
360 3495 462 3587 λόγων
487 3497 591 3586 φησίν·
615 3500 649 3561 ού
673 3494 733 3588 γάρ
756 3501 869 3563 ἑαυτοῦ
892 3498 994 3586 λέγειν
1018 3495 1141 3584 λόγους,
1166 3494 1250 3559 ἄλλα
1274 3505 1332 3570 τῆς
1356 3495 1461 3582 κόρης,
1485 3505 1544 3571 τῆς
1569 3493 1722 3584 θυγατρός

174 3606 265 3680 ούσης
289 3605 407 3680 ἐκείνης
432 3615 490 3680 τῆς
515 3604 690 3696 Ἀνάγκης·
714 3605 768 3669 καί
791 3589 881 3682 τέλος
913 3599 995 3670 εἶπεν
1026 3603 1076 3667 ότι
1106 3611 1163 3679 τῆς
1187 3601 1349 3691 Λαχέσεως
1377 3600 1528 3692 (καὶγὰρ
1561 3605 1593 3665 αἰ
1615 3600 1724 3666 λοιπαί

174 3711 342 3805 θυγατέρες
366 3709 446 3788 ήοαν
471 3714 600 3796 ἐκείνης)
618 3713 672 3777 καί
688 3715 805 3803 τρίτον,
823 3715 873 3777 ότι
890 3704 1070 3804 διαλέγεται
1087 3713 1161 3800 πρός
1177 3710 1235 3787 τάς
1252 3708 1364 3801 ψυχάς,
1387 3711 1458 3802 περὶ
1481 3721 1552 3800 μιᾶς
1577 3703 1614 3786 δή
1641 3735 1723 3787 τινος

175 3828 216 3897 εἰς
239 3821 356 3912 γένεσιν
382 3812 517 3886 καθόδου
542 3823 596 3885 καί
619 3823 683 3899 ἑνός
708 3823 851 3913 αἱρέσεως
877 3824 956 3906 βίου,
980 3821 1034 3886 καί
1057 3825 1097 3897 ὡς
1121 3820 1175 3884 τόν
1201 3810 1335 3908 δαίμονα
1358 3820 1462 3895 αὐτοῖς
1486 3821 1631 3909 ἐφίστησι
1654 3830 1723 3896 ταῖς

173 3931 343 4017 ἑλομέναις.
369 3935 425 3993 Ἐκ
449 3921 487 4001 δὴ
513 3930 644 4012 τούτων,
669 3933 741 3995 ούτε
765 3939 834 3994 νοῦν
859 3930 1058 4013 σεληνιακὸν,
1075 3935 1115 4004 ὡς
1133 3928 1300 4018 Πορφύριος
1324 3920 1489 4005 ύπέλαύεν,
1515 3929 1609 3992 αὐτόν
1633 3933 1723 4016 ήμεῖς

120 4065 147 4100 ιο
175 4033 253 4104 εἶναι
275 4041 427 4129 φήσομεν·
452 4037 530 4114 θεῖος
554 4038 614 4131 γάρ
638 4042 721 4103 ἐστιν
746 4038 800 4102 καί
823 4043 839 4101 ὁ
864 4041 1027 4114 σεληναῖος
1052 4047 1129 4119 νοῦς,
1155 4037 1209 4100 καί
1233 4027 1459 4126 δημιουργικὴν
1484 4039 1598 4126 ἔλαχεν
1623 4029 1724 4121 τάξιν,

175 4151 247 4211 ἀλλ’
265 4152 323 4236 ούχ
339 4148 497 4236 ὑπηρέτης
514 4148 582 4211 ἐστί
598 4157 660 4212 τῶν
678 4153 808 4237 Μοιρῶν,
824 4148 879 4211 καί
890 4156 993 4211 πᾶσαν
1007 4139 1140 4236 κυόερνᾷ
1156 4144 1215 4218 τὴν
1233 4145 1360 4236 γένεσιν·
1374 4147 1445 4210 οὔτε
1462 4145 1516 4210 τόν
1535 4137 1723 4236 δημιουργόν

175 4266 230 4320 τοῦ
255 4256 389 4333 παντός,
414 4259 453 4328 ὡς
478 4246 638 4344 Θεόδωρος
662 4259 678 4319 ό
704 4261 875 4331 Ἀσιναῖος·
900 4258 1012 4331 ἐκεῖνος
1036 4253 1095 4344 γάρ
1120 4258 1153 4320 ού
1177 4252 1249 4343 περὶ
1273 4262 1344 4341 μιᾶς
1369 4253 1517 4344 γενέσεως
1550 4244 1726 4344 δημηγορεῖ

175 4365 250 4446 πρὸς
267 4362 324 4440 τάς
341 4360 452 4452 ψυχάς·
469 4353 539 4429 ούδὲ
557 4372 627 4454 μιᾶς
645 4363 757 4453 Μοίρας
775 4363 970 4455 ἀπαγγέλλει
987 4361 1073 4439 τινάς
1090 4362 1213 4452 λόγους,
1232 4359 1316 4426 ἀλλά
1339 4360 1461 4437 πάντας
1478 4359 1628 4452 ἐγγράφει
1651 4360 1723 4437 τοὺς

177 4472 378 4562 εἱμαρμένους
401 4472 513 4560 νόμους
537 4482 606 4548 ταῖς
631 4473 746 4548 ούσίαις
770 4481 833 4535 τῶν
857 4468 975 4561 ψυχῶν,
1000 4471 1053 4534 καί
1075 4470 1144 4560 περὶ
1166 4469 1270 4547 πάσης
1295 4461 1476 4561 διαλέγεται
1499 4481 1558 4546 τῆς
1582 4472 1723 4535 ἀπὸτοῦ

125 4592 151 4628 ³⁵
180 4591 292 4653 νοητοῦ
316 4571 457 4671 περιόδου
474 4589 581 4646 πασῶν
599 4585 640 4657 εἰς
657 4581 694 4644 τό
711 4580 835 4653 νοητόν·
854 4583 925 4644 ἀλλ’
943 4570 1050 4653 ἐπειδὴ
1070 4571 1210 4669 δεύτερος
1229 4578 1283 4670 μέν
1301 4583 1369 4644 ἐστι
1385 4589 1447 4644 τῶν
1466 4579 1667 4670 Μοιρῶν,καί
1690 4584 1725 4644 ἐκ

178 4799 202 4862 f.
228 4800 269 4863 82
294 4822 335 4880 v.‚
360 4799 514 4869 deficiunt
538 4803 557 4867 6
581 4821 682 4867 νοτες
707 4798 787 4874 εἰκός
811 4807 873 4861 τῶν
901 4796 1035 4870 νοήσεων
1065 4805 1123 4870 τῆς
1148 4795 1310 4882 Λαχέσεως
1341 4803 1396 4857 τοῦ
1411 4845 1419 4860 .
1434 4847 1440 4860 .
1455 4846 1462 4860 .
1477 4816 1516 4867 ως
1540 4790 1598 4867 τάς
1622 4788 1723 4880 ψυχάς

180 4896 326 4995 δαίμονος
350 4905 425 4996 ύπέρ
440 4959 447 4972 .
464 4958 493 4973 ..
517 4902 576 4997 γάρ
595 4905 768 4997 ἀπαγγέλει
791 4904 862 4982 τούς
885 4905 998 4996 λόγους
1013 4957 1020 4972 .
1036 4957 1065 4972 ..
1089 4904 1250 4992 ἐφίστησιν
1267 4899 1384 4986 ἑκάστῃ
1403 4909 1467 4964 τῶν
1488 4898 1605 4988 ψυχῶν,
1631 4903 1725 4989 ἀγγε-

178 5020 269 5092 λικῆς
294 5017 388 5081 αὐτόν
412 5009 490 5080 εἶναι
514 5014 618 5080 θετέον
642 5009 770 5094 τάξεως·
795 5020 824 5080 οἰ
839 5013 899 5107 γάρ
917 5013 1046 5106 άγγελοι
1062 5013 1142 5088 τίνες
1159 5011 1245 5087 εἰσίν,
1262 5009 1281 5082 ὴ
1301 5015 1328 5074 οἰ
1352 5009 1456 5074 ἄλλων
1480 5008 1592 5099 λόγους
1617 5007 1725 5104 ἐκφαί-

216 5265 239 5340 ¹)
252 5264 367 5322 Partim
386 5263 513 5322 evanida
528 5263 679 5320 adduntur
697 5264 728 5320 in
747 5282 853 5338 marg.:
869 5266 926 5336 πρῖ-
979 5263 1062 5331 Quae
1073 5260 1214 5318 videntur
1223 5258 1390 5317 auctarium
1400 5264 1431 5316 εἰ
1441 5257 1549 5316 seriem
1558 5257 1727 5316 continuam

181 5373 238 5406 εισιν
258 5355 293 5423 τῷ
313 5357 357 5412 τῆς
377 5349 497 5424 ἐνεργείας
520 5353 608 5424 ἐφέρῳ·
631 5355 702 5406 τοῦτο
721 5355 764 5423 μέν
785 5350 823 5406 εύν
843 5357 923 5408 τό...
980 5369 1048 5409 oum
1067 5349 1269 5424 superioribus
1287 5354 1414 5408 nectere.
