3944 6074
459 625 514 700 De
531 647 568 696 re
586 625 715 698 ικαιάιο
735 632 765 698 et
781 628 994 718 ργνιιιοείὶαι
1012 628 1049 699 ιἰι
1069 628 1204 701 civitate
1224 627 1412 702 Platonica.
1658 637 1709 695 181

164 793 223 866 τήν
247 787 400 862 παιδείαν·
425 793 461 872 ἧς
477 799 632 876 λυθείσης,
650 807 668 874 ή
689 801 851 890 συμφωνία
874 800 994 863 λύεται
1020 800 1073 863 καὶ
1096 799 1215 874 ταύτης
1240 799 1397 882 λυθείσης,
1422 807 1441 872 ή
1467 810 1525 875 τῆς
1548 804 1710 874 πολιτείας

164 905 285 992 γίνεται
309 903 404 980 λύσις.
431 913 485 970 Ἐκ
509 908 628 972 τούτων
654 909 712 998 ἄρα
738 900 905 990 δήλου,ὁ’τι
921 919 985 983 τοῖς
1005 911 1059 971 ούκ
1076 909 1214 996 εἰφυέσιν
1240 907 1389 997 ἄρχεσθαι
1414 913 1535 996 μᾶλλον
1560 909 1578 979 ή
1605 909 1711 998 ἄρχειν

165 1013 397 1104 εὐτυχέστερον,
415 1017 494 1090 ὁπως
514 1016 555 1104 μή
572 1019 625 1080 καὶ
637 1022 760 1092 ἑαυτοῖς
777 1027 832 1082 τοῦ
851 1017 892 1105 μή
912 1009 1070 1080 ἐπιδοῦναι
1089 1018 1140 1080 καί
1157 1017 1264 1092 ἄλλοις
1282 1028 1337 1080 τοῦ
1356 1015 1547 1089 κακυνθῆναι
1560 1017 1713 1106 γένωνται

167 1162 183 1182 ι.
211 1121 294 1210 τέρες
306 1121 339 1202 ¹).
356 1124 415 1185 Καὶ
429 1113 525 1196 δῆλον
538 1127 591 1188 καὶ
602 1131 636 1189 ἐκ
647 1125 777 1200 τούτων,
791 1129 839 1189 ὁτι
852 1126 891 1189 τὸ
905 1125 958 1212 μέν
973 1125 1077 1212 εύρυές
1091 1135 1152 1187 τῶν
1167 1121 1273 1212 ψυχῶν
1288 1117 1383 1196 δηλοῖ
1393 1125 1452 1196 τήν
1466 1119 1713 1197 ἐπιτηδειότητα

126 1265 137 1300 ⁵
165 1239 226 1291 τῶν
244 1225 361 1318 ψυχῶν,
379 1229 417 1300 ήν
435 1233 563 1319 ἔχουσαι
581 1234 689 1322 μένην,
706 1243 855 1321 χωροῦσα
873 1238 913 1308 εἰς
931 1231 989 1304 τήν
1007 1234 1137 1322 γένεσιν·
1164 1237 1315 1296 τελειοῦσι
1341 1225 1373 1297 δέ
1398 1233 1496 1302 αύτήν
1515 1225 1565 1297 διά
1584 1226 1710 1298 τοιᾶσδε

164 1336 247 1424 μετά
264 1337 323 1410 τήν
341 1341 457 1430 γένεσιν
476 1344 612 1432 ἀγωγῆς·
640 1333 686 1406 διὸ
704 1342 804 1404 καὶέν
830 1349 874 1422 τῷ
898 1331 1026 1430 Φαίδρῳ
1051 1343 1156 1429 ἔλεγεν
1181 1339 1240 1410 τήν
1265 1342 1395 1412 νεοτελήΙ
1422 1337 1524 1428 ψυχήν
1550 1345 1591 1414 εἰς
1615 1340 1710 1430 γονήν

165 1443 240 1507 ἰέναι
264 1447 474 1536 γενησομένου
499 1450 667 1537 φιλοσόφου
692 1449 774 1522 τινὸς
798 1449 816 1518 ή
843 1449 1014 1536 φιλοκάλου
1039 1448 1092 1510 καὶ
1118 1450 1279 1530 βασιλικοῦ
1303 1449 1385 1522 τινὸς
1403 1447 1455 1509 καί
1473 1453 1655 1535 πολεμικοῦ·
1674 1450 1711 1512 τὸ

162 1551 221 1642 γάρ
250 1555 456 1642 γενησόμενον
482 1559 567 1638 αύτῷ
591 1559 627 1621 τὸ
652 1548 828 1629 ἐπιτήδειον
853 1547 985 1636 ἐδήλου,
1009 1556 1082 1644 πρὸς
1112 1556 1149 1617 τὸ
1181 1553 1324 1644 γενέσθαι
1356 1565 1495 1618 τοιοῦτον
1528 1551 1589 1618 οἷον
1614 1554 1710 1638 ἐστίν,

162 1653 256 1724 ἐπειδ’
283 1661 318 1724 ἂν
343 1663 474 1752 γένηται
499 1665 635 1755 γεγονώς·
654 1665 887 1754 ἐπαγγέλλεται
903 1662 963 1752 γάρ
980 1664 1017 1726 τὸ
1037 1663 1246 1753 γενησὸμενον
1264 1673 1358 1726 τοῦτο
1384 1662 1398 1726 ὁ
1423 1665 1488 1750 ἔχει
1512 1664 1548 1724 τὸ
1573 1662 1710 1752 γεγονός·

112 1802 137 1838 10
164 1769 200 1832 τὸ
226 1759 259 1834 δε
283 1774 338 1832 οῦκ
362 1772 489 1859 εὐτυχές
514 1777 647 1862 ἐναργῶς
671 1777 872 1861 παρίστησιν,
897 1774 946 1835 ὁτι
969 1781 1031 1834 τῶν
1057 1775 1091 1835 ἐκ
1111 1781 1165 1834 τοῦ
1189 1772 1305 1846 παντὸς
1330 1777 1405 1857 ήμῖν
1431 1772 1711 1859 ἀποκληρουμένων

163 1877 213 1941 ἐπὶ
237 1889 305 1952 ταῖς
331 1879 479 1967 αἱρέσεσιν
504 1885 523 1952 ή
550 1878 632 1968 τύχη
652 1880 885 1970 προεστή[σατο
904 1881 973 1960 (fol.
995 1883 1069 1958 105)
1089 1877 1147 1950 τήν
1166 1879 1398 1966 ἀποπλήρωσιν,
1425 1870 1471 1941 διὸ
1496 1879 1548 1940 καὶ
1573 1881 1713 1967 ἀμείνοσι

163 1984 312 2074 χρώμεθα
339 1997 402 2060 τοῖς
428 1987 488 2049 ἀπὸ
512 1997 569 2062 τῆς
594 1999 694 2076 τυχῆς
711 1989 789 2054 ποτέ
805 1989 858 2052 καί
874 1991 1019 2077 χείροσιν,
1037 1979 1143 2060 ἐπειδή
1163 1987 1216 2049 καὶ
1233 1997 1294 2050 τῶν
1322 1986 1603 2074 άποκληρουμένων
1630 1987 1713 2049 ἐστίν

164 2093 216 2178 τά]
236 2093 289 2182 μέν
308 2095 434 2182 ἀμείνω,
453 2093 495 2158 τά
509 2086 538 2159 δέ
557 2097 652 2185 χείρω
669 2095 753 2187 παρά
774 2100 841 2180 [τῆς
860 2100 1022 2184 κοσμικῆς]
1039 2089 1164 2172 τάξεως·
1186 2097 1300 2180 [ούσης]
1317 2095 1375 2185 γάρ
1393 2097 1445 2158 καὶ
1462 2099 1512 2182 ἀφ’
1531 2102 1620 2182 ήμῶν
1641 2096 1708 2183 [μέν

164 2213 220 2277 τῆς
243 2205 398 2291 αἰρέ]σεως
423 2204 590 2292 ὁμολογίας
616 2213 670 2266 τοῦ
696 2195 823 2266 τοιωσδὶ
849 2201 1039 2287 βιιύ]σεσθαι]
1059 2205 1133 2292 πρὸς
1151 2203 1188 2266 τὸ
1206 2211 1278 2284 πᾶν,
1297 2205 1357 2266 ἀπὸ
1375 2193 1408 2266 δέ
1425 2213 1480 2266 τοῦ
1497 2203 1613 2276 παντὸς
1639 2207 1713 2290 ὁμο-

113 2338 137 2374 ιε
163 2313 271 2401 λογίας
300 2314 395 2402 [πρὸς]
421 2318 503 2399 ἡμᾶς
529 2321 586 2385 τῆς
612 2310 860 2400 ἀποκληρώσεως
885 2321 939 2374 τοῦ
966 2303 1106 2394 τοιωσ]δὶ
1127 2303 1233 2394 ζῶ]σιν
1257 2303 1331 2374 ταδὶ
1355 2309 1589 2399 συμπεσεῖσθαι,
1615 2300 1668 2373 δύο
1684 2312 1709 2395 ²)

165 2419 325 2484 κάνταῦθα
345 2423 509 2508 ]γίνον]ται
526 2419 701 2506 μεσότητες
719 2429 781 2482 τῶν
800 2421 986 2508 ὁμολογιῶν·
1006 2423 1020 2480 ὁ
1039 2417 1093 2506 μέν
1113 2409 1267 2506 [δαίμων]
1281 2429 1338 2493 τῆς
1352 2425 1441 2506 ήμῶν
1459 2421 1628 2510 ὁμολογίας
1640 2420 1714 2507 πρὸς

165 2531 201 2591 τὸ
225 2537 285 2592 πᾶν
313 2529 583 2618 [ἀποπληρωτής
601 2533 619 2600 ή
640 2519 673 2592 δέ
698 2527 792 2616 τύχη,
819 2538 876 2602 τῆς
900 2537 955 2590 τοῦ
980 2529 1096 2601 παντὸς
1116 2527 1200 2616 [πρὸς
1217 2533 1315 2615 ἡμᾶς
1333 2532 1500 2618 ὁμολογίας
1522 2531 1713 2616 ἀποπληρω-

165 2636 249 2707 τική·
275 2637 329 2700 καὶ
357 2638 472 2722 [τοῦτο’]
501 2641 584 2700 ἐστιν
610 2637 661 2699 ἐπί
685 2661 776 2699 τινων
794 2637 832 2700 τὸ
850 2640 905 2700 ουκ
922 2635 1049 2723 εύτυχές
1068 2637 1104 2698 τὸ
1123 2634 1165 2723 μή
1193 2637 1344 2724 εύμοιρον,
1371 2631 1437 2726 [ού]
1464 2635 1711 2726 άποπληρωτική

164 2744 308 2808 τοιούτοιν
333 2745 420 2820 ὄντος
444 2751 463 2818 ή
490 2745 583 2833 τύχη,
614 2745 780 2833 [κα]θάπερ
798 2746 834 2808 τὸ
853 2747 907 2808 ούκ
925 2743 1040 2832 εῦφυές,
1059 2745 1094 2806 τὸ
1113 2744 1154 2831 μὴ
1175 2735 1377 2830 ἐπιτήδ[ειον]
1396 2747 1469 2834 προς
1487 2747 1523 2810 τὸ
1548 2740 1580 2809 εὖ
1607 2748 1714 2829 βιῶναι

110 2891 137 2927 20
165 2852 380 2942 γεννηθέντας,
399 2847 432 2916 ού
450 2853 708 2942 ἀποπληρ[ωτής]
732 2857 747 2915 ὁ
767 2844 886 2940 δαίμων
912 2852 1007 2935 ἐστὶν,
1027 2853 1085 2922 τήν
1102 2844 1350 2925 ἐπιτηδειότητα
1367 2859 1456 2942 ήμῶν
1476 2852 1568 2942 [τήν]
1587 2853 1660 2941 πρὸς
1678 2855 1715 2916 τὸ

165 2954 282 3026 τοιονδὶ
305 2971 363 3037 τῆς
387 2955 468 3039 ζωῆς
493 2953 571 3036 εἶδος
594 2961 677 3052 άγων
696 2965 736 3036 εἰς
754 2960 906 3052 ἐνέργειαν
925 2961 943 3030 ή
963 2963 1112 3048 ἀμείνονα
1137 2955 1231 3024 οὖσαν
1255 2961 1274 3032 ή
1300 2963 1472 3050 χείροναή
1498 2960 1558 3050 γάρ
1583 2963 1714 3049 ἀμείνων

165 3067 288 3156 εὐφυής,
304 3074 322 3142 ή
340 3071 415 3158 πρὸς
431 3077 533 3132 πᾶσαν
550 3081 707 3157 πεφυκυῖα
724 3059 879 3132 παιδείαν·
897 3073 916 3140 ή
937 3059 970 3132 δέ
986 3069 1060 3158 πρὸς
1078 3068 1132 3156 μέν
1150 3093 1221 3132 τινα
1238 3060 1413 3151 ἐπιτηδεία,
1430 3069 1503 3158 πρὸς
1521 3060 1555 3132 δέ
1572 3093 1642 3132 τινα
1659 3071 1715 3132 ούκ

164 3165 338 3260 ἐπιτηδεία,
356 3179 411 3240 ούκ
435 3177 558 3266 εὐφυής,
577 3169 628 3242 διά
651 3176 710 3248 τήν
732 3186 789 3250 τῆς
807 3168 1068 3251 ἐπιτηδειότητος
1085 3177 1201 3264 ὕφεσιν,
1219 3182 1238 3250 ή
1266 3167 1299 3240 δέ
1323 3179 1396 3266 πρὸς
1422 3169 1579 3267 μηδεμίαν
1605 3177 1713 3265 ἀφυής.

901 3499 978 3564 MA'.

1098 3709 1115 3748 Υ

212 3718 250 3780 Τί
273 3705 403 3794 δήποτε,
428 3716 586 3787 τοσαύτην
612 3713 745 3804 ἐχούσης
769 3705 897 3803 δύναμιν
923 3721 965 3792 εἰς
990 3715 1026 3778 τὸ
1051 3718 1159 3793 σώςειν
1184 3713 1203 3784 ή
1231 3713 1273 3804 μή
1300 3713 1359 3783 τήν
1391 3715 1520 3804 ἀρίστην
1552 3715 1714 3779 πολιτείαν

166 3837 224 3902 τῆς
248 3837 303 3890 τοῦ
328 3835 433 3913 καιροῦ
459 3826 678 3900 κατανοήσεως
711 3834 773 3887 τῶν
799 3829 884 3913 ἱερῶν
909 3825 1039 3914 γάμων,
1065 3817 1200 3911 οὸδαμοῦ
1225 3815 1406 3912 προέταξεν,
1432 3824 1534 3912 ὥσπερ
1561 3823 1714 3911 μουσικήν

167 3945 282 4024 χρῆναι
305 3924 508 3998 παιδεύεσθαι
533 3933 586 3996 καὶ
610 3931 830 4022 γυμναστικήν
854 3933 925 4007 τούς
951 3934 1100 4022 φύλακας,
1126 3934 1208 3998 ούτω
1232 3931 1285 3996 καί
1308 3930 1368 3995 τήν
1393 3933 1572 4022 ἐπιστήμην
1597 3935 1715 4004 ἐκείνην

166 4044 236 4116 ήτις
260 4040 372 4115 αύτούς
395 4042 519 4114 ποιήσει
543 4053 600 4116 τῆς
621 4035 737 4120 τάξεως
754 4050 816 4104 τῶν
835 4043 914 4104 ὁλωυ
933 4041 1060 4117 καὶτῆς
1079 4043 1241 4130 εὐκαιρίας,
1260 4039 1298 4111 ήν
1317 4044 1348 4102 αἱ
1365 4049 1421 4103 τοῦ
1438 4042 1555 4114 παντὸς
1579 4033 1716 4129 περίοδοι

167 4153 380 4238 προτείνουσιν
393 4160 458 4224 τοῖς
472 4153 544 4240 ὁρᾶν
562 4143 751 4237 δυναμένοις,
773 4150 998 4240 [ἐπιγνώμονας
1008 4177 1015 4226 ;
1035 4151 1104 4233 (fol.
1121 4152 1182 4217 105
1198 4151 1241 4224 v.)
1259 4151 1292 4212 ού
1310 4148 1370 4237 γάρ
1384 4173 1442 4212 που
1457 4147 1576 4223 ταύτης
1594 4148 1717 4237 ἄμοιροι

167 4262 329 4332 παντελῶς
355 4257 439 4333 ὄντες
464 4261 588 4322 ἔσονται
604 4255 748 4347 κριταὶέ]
774 4269 835 4322 τῶν
861 4270 918 4333 τῆς
944 4261 1082 4349 εὐγονίας
1107 4267 1220 4345 καιρῶν
1245 4257 1298 4320 καὶ
1323 4248 1485 4348 δυσγονίας
1512 4258 1620 4332 ἱκανοί,
1648 4257 1715 4340 [κάν

168 4359 224 4428 ὦσι
239 4363 292 4450 τά]
314 4363 396 4428 ἄλλα
409 4365 514 4428 πάντα
529 4365 718 4452 σοφώτατοι·
734 4355 781 4430 δεῖ
792 4365 850 4456 γάρ
870 4359 971 4438 δήπου
988 4367 1041 4431 καὶ
1062 4357 1225 4453 [μεθ]ύδων
1244 4369 1299 4428 οῦκ
1315 4367 1439 4454 ὁλίγων,
1453 4353 1522 4427 οὐδὲ
1540 4365 1716 4443 εῦλήπτων,

169 4473 221 4536 καί
240 4471 377 4561 ὁργάνων
402 4483 583 4562 νυκτερινῶν
609 4497 645 4538 τε
666 4473 719 4535 καὶ
735 4479 887 4562 ήμερινῶν
904 4476 978 4562 πρὸς
998 4473 1078 4559 [τήν]
1098 4473 1194 4562 θήραν
1213 4477 1325 4536 αὐτῶν·
1344 4467 1384 4536 ὧν
1411 4478 1425 4534 ὁ
1451 4471 1573 4560 άπειρος
1599 4475 1654 4536 οὐκ
1679 4472 1715 4533 ’ἀν

167 4580 289 4670 γένοιτο
316 4581 395 4670 [περί
418 4584 463 4664 τε]
492 4580 626 4672 ἐκλογήν
644 4582 697 4646 καί
715 4580 893 4670 ἀπεκλογήν
912 4590 973 4645 τῶν
993 4582 1143 4645 τοιούτων
1168 4581 1350 4656 ἄπταιστος.
1374 4582 1503 4653 Μήποτε
1527 4573 1578 4642 οὖν
1605 4581 1715 4669 ῥητέον

168 4689 217 4751 ὁτι
241 4689 278 4752 τὸ
304 4688 357 4778 μέν
375 4691 573 4776 ὑποκείμενον
592 4685 629 4763 ήν
646 4699 691 4772 τῷ
709 4689 890 4753 συνιστάνει
908 4689 966 4760 τήν
985 4693 1062 4762 ὁλην
1080 4691 1241 4753 πολιτείαν
1259 4687 1330 4764 τούς
1348 4689 1501 4778 ἄρχοντας
1527 4688 1716 4751 ἀποτελέσαι

168 4795 209 4860 τά
234 4795 348 4885 ἀρχικοὶ
373 4795 482 4885 σοφούς
500 4797 562 4876 καί,
587 4801 626 4870 ώς
652 4797 745 4871 αύτὸς
764 4791 879 4860 εἷπενὸ
902 4797 1082 4885 Σωκράτης,
1100 4797 1295 4885 φιλοσόφους,
1320 4793 1372 4858 καὶ
1398 4791 1653 4864 ἀπετελέσθησάν
1678 4818 1715 4883 γε

168 4915 303 4968 τοιοῦτοι
328 4893 378 4968 διά
402 4905 505 4979 πάσης
530 4903 676 4992 ἀχθέντες
699 4895 852 4980 παιδείας,
878 4906 931 4967 καὶ
956 4897 995 4968 δι’
1021 4910 1119 4980 αὸτῆς
1140 4907 1219 4990 [τῆς]
1241 4914 1302 4967 τῶν
1328 4901 1415 4966 θείων
1441 4902 1628 4984 ἐπιστήμης·
1652 4925 1716 4964 τοι·

169 5009 270 5086 ούτοις
294 5003 328 5074 δὲ
353 5014 457 5086 αὐτοῖς
481 5013 666 5101 γενομένοις,
679 5013 837 5100 ἐπιτρέπει
862 5012 899 5076 τὸ
923 5015 1066 5076 ἐλλεῖπον
1092 5016 1264 5099 ἐκπληροῦν
1290 5009 1344 5073 καὶ
1366 5000 1626 5097 παραλαμίὸάνειν
1651 5013 1717 5071 ἐπι-

170 5118 304 5206 στήμας,
330 5116 387 5194 τάς
411 5120 485 5208 πρὸς
510 5119 568 5191 τήν
594 5118 692 5209 ἀρχὴν
718 5122 822 5192 αὐτοῖς
840 5117 1057 5193 συντελούσας·
1077 5117 1164 5206 σοφοὶ
1188 5116 1247 5207 γάρ
1264 5107 1325 5189 ήδη
1353 5117 1517 5208 γεγονὸτες
1541 5113 1715 5206 γνώσονται

206 5364 230 5490 ζ)
248 5364 339 5510 ἔρισι]
357 5365 477 5438 Maium,
499 5366 541 5424 Ol.
561 5370 638 5424 auct.
657 5383 678 5441 1,
697 5385 723 5440 p.
742 5367 786 5422 22.
1006 5368 1030 5441 ³)
1051 5368 1084 5423 Α.
1102 5368 1123 5426 f.
1143 5368 1187 5424 34.

219 5455 229 5528 )
276 5458 346 5508 ,ιιι
