4008 6068
839 433 1026 510 Macarius
1051 433 1212 529 Mapnce.

747 827 805 894 lV.
829 827 873 896 In
897 825 1032 898 Cantica
1055 830 1252 898 canticorum
1266 828 1301 912 ¹).
1345 872 1347 876 -

295 1042 372 1130 Cap.
395 1043 439 1126 II,
463 1067 493 1111 v.
518 1045 548 1126 2,
574 1045 606 1110 3.
630 1042 681 1118 Ὡς
707 1043 807 1133 κρίνον
831 1044 862 1107 ἐν
889 1041 972 1131 μέσῳ
997 1040 1151 1128 ἀκανθῶν,
1168 1043 1265 1120 οὕτως
1281 1049 1301 1118 ή
1320 1045 1454 1118 πλησίον
1472 1069 1531 1134 μου
1557 1045 1713 1135 ἀναμίσον
1737 1056 1801 1112 τῶν

253 1148 440 1243 θυγατέρων·
453 1157 493 1227 ὡς
511 1156 613 1241 μῆλον
630 1155 739 1228 ἐντοῖς
756 1145 857 1230 ξύλοις
875 1161 930 1216 τοῦ
947 1143 1073 1242 θρθμου,
1091 1153 1187 1227 οὕτως
1206 1142 1370 1242 ἀθελριθός
1387 1177 1447 1243 μου
1465 1155 1621 1243 ἀναμέσον
1637 1165 1701 1220 τῶν
1718 1161 1801 1222 υἱῶν.

298 1261 389 1329 Siout
412 1263 519 1329 lelium
541 1263 579 1328 in
601 1263 703 1330 medio
726 1264 906 1345 spinarum,
928 1263 977 1328 ito
987 1264 1141 1345 proximo
1164 1283 1234 1330 mco
1257 1265 1343 1330 inter
1362 1263 1469 1347 filiae3
1494 1266 1577 1332 ειόιιι
1591 1265 1698 1334 molus
1713 1267 1799 1334 inter

252 1367 377 1456 liprrum
399 1371 517 1456 sylvae,
542 1372 589 1437 sic
610 1371 716 1455 frater
738 1391 826 1438 meus
849 1371 886 1437 in
908 1370 1011 1438 medio
1033 1371 1185 1454 filiorum.

296 1584 405 1673 Κρίνον
421 1583 507 1675 λέγει
523 1581 584 1656 τήν
601 1582 769 1648 Θεοτόκον·
792 1581 928 1659 ἀκάνθας
954 1575 997 1662 δὲ,
1097 1583 1215 1652 Lilium
1240 1590 1334 1654 vocat
1356 1586 1416 1654 Dei
1446 1588 1653 1674 genitricem
1682 1591 1802 1676 spinas,

251 1692 289 1757 τθ
314 1691 400 1782 γένος
424 1701 486 1757 τῶν
511 1683 687 1757 Ἰουδαίων·
713 1682 849 1780 ἀθελρθν
875 1682 919 1776 it,
944 1691 999 1754 τὸν
1055 1697 1293 1780 generationem
1315 1696 1530 1779 Judaeorum3
1548 1699 1694 1784 fratrem,
1710 1699 1805 1766 Chri·

253 1800 395 1891 Χριστὸν·
419 1799 501 1877 υἱοὺς
526 1789 569 1878 δὲ,
594 1798 665 1875 τοὺς
691 1797 871 1891 ἀνθρὸιιους.
1055 1809 1160 1884 stum3
1184 1805 1279 1886 filios,
1305 1806 1459 1874 homiues.

1014 2036 1054 2104 V.

299 2235 393 2306 Cant.
418 2235 495 2322 Cap.
519 2235 610 2318 VIII,
634 2259 665 2302 ν.
689 2237 720 2302 5.
737 2235 791 2310 Τίς
816 2234 896 2306 αὕτη
922 2238 941 2307 ή
969 2225 1180 2298 ἀναήαίνουσα
1204 2235 1239 2299 ἐκ
1264 2244 1320 2309 τῆς
1345 2234 1472 2325 ἐρήμου,
1496 2233 1580 2310 καλή
1606 2239 1646 2312 ὡς
1670 2235 1802 2316 σελήνη,

252 2335 510 2434 Ιεπιστηριζομένη
537 2343 588 2408 ἐπὶ
610 2341 665 2407 τθν
690 2331 856 2431 ἀθελριθθν
881 2340 1028 2424 αθτῆᾷ).

300 2455 387 2538 ροσε
410 2462 457 2522 cst
479 2455 546 2522 isto
567 2474 648 2538 quoe
677 2454 822 2520 oscmdit
852 2454 890 2520 cic
919 2454 1051 2532 deserto,
1076 2452 1216 2535 pulchro
1246 2459 1282 2520 ut
1305 2453 1403 2534 luno,
1426 2454 1546 2522 innixo
1568 2474 1665 2537 saper
1685 2452 1806 2535 frotet-

254 2562 320 2630 lum
344 2585 448 2631 εκκικ.

298 2773 365 2850 Τὴν
377 2777 569 2848 Ἐκκλησίαν
583 2765 644 2840 tte
657 2775 792 2850 σελήνην
804 2776 900 2867 λέγει·
913 2765 1002 2840 ἀδελ·
1099 2775 1274 2844 Ecclesiam
1287 2775 1339 2843 hic
1350 2775 1460 2843 lunam
1472 2775 1559 2858 dicit,
1573 2775 1709 2844 fratrem
1723 2798 1801 2842 vero

253 2885 309 2974 pbr
334 2877 368 2951 δὲ
392 2889 491 2962 αὐτῆς
514 2886 569 2950 τὸν
595 2885 706 2976 Κύριον
731 2890 865 2962 Ἰησοῦν,
887 2875 939 2948 tri
963 2886 1000 2949 τὸ
1056 2885 1125 2971 ejus
1148 2884 1321 2951 Dominum
1343 2885 1465 2966 Jesum‚
1485 2884 1526 2951 ob
1550 2885 1692 2970 corporis
1714 2884 1801 2950 simi-

253 2991 439 3083 ὁμοιοπαθὲς
464 3003 519 3058 τοῦ
546 2991 710 3081 σώματος,
735 2993 852 3082 ἔρημον
878 2982 910 3056 δὲ
941 2989 1001 3062 τήν
1055 2991 1121 3058 lem
1142 2992 1284 3077 patiendi
1306 2991 1513 3075 facultatem,
1538 2993 1700 3059 desertum
1727 3014 1804 3058 vero

252 3099 393 3193 ἄγνοιαν,
411 3093 444 3179 ἐξ
467 3095 503 3176 ής
522 3099 656 3174 ἀνῆλθεν
673 3103 869 3191 στηρίγματι
887 3091 1002 3184 βεήαίῳ
1057 3100 1284 3186 ignorantiam,
1309 3122 1348 3166 ex
1370 3122 1435 3184 qua
1457 3099 1610 3180 ascendit,
1634 3099 1728 3166 firmo
1751 3097 1803 3164 iu·

253 3210 437 3300 χρησαμένη
463 3218 509 3293 τῷ
533 3218 657 3300 σταυρῷ
682 3209 733 3275 ἐπί
756 3209 794 3274 τὸ
825 3209 888 3274 ἀνω
913 3209 1017 3296 βασίε
1058 3208 1134 3274 nixa
1155 3207 1269 3289 tulere,
1293 3229 1386 3274 cruce
1408 3206 1571 3291 nimirum,
1587 3208 1628 3274 ad
1644 3207 1723 3274 coeli
1747 3227 1804 3273 co·

253 3322 348 3387 λειον.
1060 3338 1183 3384 ronam.

715 3552 772 3618 Vl.
798 3550 869 3641 Περὶ
892 3559 950 3628 τῆς
974 3539 1076 3641 Ἀθάμ
1101 3540 1306 3641 δημιουργίας
1320 3545 1345 3630 ³)

300 3749 361 3814 Καὶ
383 3747 426 3816 τά
450 3749 505 3839 μὲν
530 3749 614 3814 ἀλλά
637 3751 865 3838 κτίσματοι...
891 3750 1007 3834 βουλῆς
1029 3746 1091 3839 γάρ
1117 3747 1254 3838 ἐνέργεια
1277 3747 1315 3811 τθ
1338 3753 1411 3814 πᾶν.

297 3859 372 3928 VII.
397 3858 432 3923 ‘0
457 3857 516 3948 γάρ
542 3868 692 3924 τοσοῦτον
717 3856 912 3950 μέγεθος...
937 3855 1089 3947 παράγων
1114 3854 1248 3930 θελήσει.

296 3969 387 4036 VIII.
407 3965 530 4033 Ὀντων
554 3960 605 4032 οθν
631 3969 734 4031 αὐτῶν
759 3970 789 4032 ἐν
814 3976 860 4049 τῷ
884 3957 1127 4055 παραδείσῳ...
1152 3963 1205 4028 καὶ
1228 3961 1288 4036 τήν
1312 3961 1444 4034 Ιεντολήν
1470 3951 1644 4026 θεθωκθτα.

297 4076 354 4143 ΙΧ.
378 4072 480 4139 'erre
504 4081 544 4151 ὡς
569 4075 605 4140 τὸ
624 4073 831 4164 ἀπειρόκακον
848 4072 1046 4162 ἀποθεμένων
1065 4065 1117 4138 ieri
1131 4065 1335 4162 παραθάσεως
1353 4074 1368 4135 ὁ
1385 4070 1439 4133 καὶ
1455 4067 1515 4142 τήν
1537 4068 1695 4159 γύμνωσιν
1720 4057 1809 4132 ἀθιά-

252 4205 344 4277 ρορσν
368 4181 519 4274 παρέσχε.

295 4295 336 4362 X.
362 4288 452 4357 Μετά
474 4290 513 4355 τὸ
536 4289 755 4378 τόλμημα...
780 4289 835 4353 καί
859 4281 1048 4355 ἀναθὺονται
1070 4288 1131 4366 τήν
1155 4286 1362 4378 παράστασιν.

297 4402 355 4468 ΧΙ.
379 4400 459 4468 Gen.
483 4401 543 4482 Ill,
568 4402 621 4466 22.
647 4401 716 4488 Οὐχ
739 4404 779 4475 ὡς
802 4395 1037 4487 προσκόψαντος
1063 4402 1159 4464 αὑτοῦ
1173 4450 1178 4462 .
1193 4447 1223 4466 ..
1247 4407 1303 4462 τοῦ
1327 4399 1425 4459 καλοῦ
1451 4393 1505 4458 καί
1526 4402 1672 4479 πονηροῦ.

298 4511 372 4578 XII.
396 4507 449 4572 Διθ
474 4508 523 4572 ἵνα
548 4505 591 4597 μή
617 4508 713 4584 κακὸς
738 4505 960 4583 ἀθάνατος...
984 4513 1004 4581 ή
1031 4509 1170 4598 ἁμαρτία
1193 4516 1280 4571 πᾶσα
1305 4503 1515 4594 αὑτόπρεμνος
1541 4493 1706 4592 διαφθαρῇ.

290 4741 312 4814 ¹)
331 4739 449 4799 Novum
462 4745 510 4796 eet
521 4738 651 4812 primum
665 4738 813 4796 scholium
831 4739 863 4795 iu
880 4737 1004 4796 Cantica
1059 4747 1131 4799 eunt
1149 4759 1187 4799 ex
1199 4739 1266 4798 cod.
1276 4738 1483 4808 Ottoboniano‚
1498 4753 1587 4811 quem
1600 4736 1749 4791 hactenus
1761 4749 1811 4788 ue·

255 4851 292 4889 0¹
311 4830 375 4889 ⁰⁰³·
395 4830 421 4886 S·
442 4830 535 4886 Mffffll
554 4831 680 4902 ¹¹¹112f·
700 4831 738 4887 80
755 4840 799 4890 νο.
1058 4848 1116 4902 mo,
1136 4831 1186 4889 vel
1198 4836 1267 4904 poet
1280 4845 1383 4886 curem
1396 4824 1665 4899 diligentissimam,
1686 4819 1809 4879 detexit.

290 4924 312 4995 ²)
332 4923 377 4977 Ex
395 4921 458 4978 cod.
477 4920 503 4976 S.
525 4919 620 4977 Marci
638 4936 717 4977 xxm
737 4920 757 4976 f.
776 4923 821 4978 81.
835 4921 925 4978 Teste
944 4922 1003 4979 Mo·
1057 4909 1809 4984 Nisienaturarerumexciderit,eteuebrieemer·

254 5011 322 5070 relli
331 5011 421 5084 (Bibt.
432 5027 478 5084 pr.
492 5012 544 5067 rae
556 5025 612 5066 me.
624 5027 652 5082 p.
665 5011 713 5084 42)
727 5027 764 5066 ex
777 5028 836 5082 quo
849 5010 1004 5068 aliuibre
1058 5018 1118 5084 get,
1138 5009 1256 5084 quaudo
1275 5004 1496 5064 Alexandrinae
1515 5002 1712 5060 bibliothecae
1731 5003 1810 5056 oeta·

254 5098 322 5156 vius
331 5097 638 5170 fragmentumeidem
646 5099 853 5172 antiquissimo
865 5100 1003 5174 scriptori
1057 5103 1161 5174 logne,
1181 5099 1227 5156 uti
1244 5115 1339 5170 nuper
1361 5096 1482 5169 jussum
1502 5099 1564 5162 eet,
1584 5091 1732 5165 exigetur.
1751 5089 1810 5146 Hie

255 5189 346 5246 dubia
365 5189 523 5263 scriptione
541 5189 643 5264 (immo
661 5191 838 5266 clarissime)
851 5191 1003 5248 tribuitur.
1058 5192 1157 5266 priora
1176 5197 1207 5248 et
1228 5189 1335 5248 ultima
1353 5187 1445 5244 verbe
1465 5185 1654 5258 singulorum
1677 5181 1809 5239 locorum

291 5281 315 5355 ³)
324 5281 444 5354 Septem
454 5281 610 5355 sequeutia
618 5281 789 5357 fregmente
798 5290 845 5340 ter
849 5283 913 5356 jam
921 5281 1003 5340 edita
1057 5282 1175 5351 damus,
1193 5287 1230 5338 nt
1247 5277 1382 5351 indagini
1401 5277 1600 5351 praeluceant
