4006 6074
711 513 927 588 Prooemium
944 515 991 586 cd
1009 514 1205 589 Morinum.
1717 529 1733 582 7

185 680 278 761 δηλοῖ
299 684 359 758 τήν
383 685 513 778 γένεσιν,
532 691 562 753 έν
579 681 599 773 ᾗ
617 686 671 751 καί
688 677 832 775 δαίμονές
848 690 906 750 εἱσι
923 683 1143 776 γενεσιουργοί,
1160 685 1214 750 καί
1230 692 1249 760 ή
1268 686 1381 778 ἄλογος
1397 681 1460 766 ζωή
1485 680 1642 754 συνδεῖται
1664 699 1734 766 ταῖς

184 793 312 886 ψυχαῖς·
337 797 353 858 6
378 787 411 860 δὲ
434 805 492 870 τῆς
515 793 615 870 λήθης
638 797 782 883 ποταμὸς
805 803 907 858 πᾶσαν
932 793 991 864 τήν
1017 795 1098 882 ῥύσιν
1123 804 1185 858 τῶν
1210 793 1342 878 ένύλων,
1367 796 1419 859 καί
1446 795 1486 861 τά
1512 795 1610 887 ῥόθιον
1640 795 1733 873 κύτος

184 908 273 992 ήμῶν
298 900 344 966 ἀεί
367 900 449 988 λήθῃ
476 902 678 991 ἀναπιμπλάς
702 901 758 977 τάς
782 899 882 990 ψυχάς
913 910 976 964 τῶν
1002 902 1050 966 ἀεί
1080 900 1226 966 ἑστώτων
1250 903 1370 992 λύγων·
1395 908 1415 977 ή
1442 895 1476 969 δέ
1501 904 1614 994 βροντή
1640 904 1694 969 καί
1719 911 1735 972 6

185 1010 320 1098 οεισμύς,
338 1008 394 1084 τάς
411 1011 480 1085 Δίος
498 1008 564 1099 ἅμα
582 1011 635 1074 καὶ
650 1003 836 1084 Ποσειδῶνος
848 1008 873 1092 ¹)
890 1007 1004 1073 ἄνωθέν
1021 1033 1058 1074 τε
1073 1009 1127 1074 καί
1139 1008 1280 1074 κάτωθεν
1297 1011 1365 1102 περὶ
1382 1011 1441 1083 τὴν
1457 1013 1576 1104 γένεσιν
1591 1004 1736 1102 δημιουρ-

144 1146 157 1182 ε
186 1117 265 1206 γίας·
284 1121 303 1189 ή
323 1107 356 1180 δὲ
372 1119 403 1180 ὲν
421 1117 510 1180 νυκτὶ
525 1127 652 1195 πτῶσις,
669 1116 729 1189 τήν
745 1122 787 1192 είς
811 1116 849 1181 τά
867 1107 1020 1191 σκοτῶδες
1037 1116 1091 1181 καί
1108 1117 1239 1208 ἀφεγγὲς
1259 1117 1468 1210 περιάγουσαν
1493 1113 1679 1198 κατάταξιν·
1704 1126 1736 1183 αῖ

185 1215 219 1288 δὲ
235 1234 301 1299 τοῖς
326 1214 505 1289 διάττουσιν
522 1229 651 1290 ἐοικυῖαι
667 1224 768 1315 φοραί,
784 1223 841 1300 τάς
858 1234 920 1288 τῶν
938 1225 1110 1313 ὀχημάτων
1128 1236 1190 1290 τῶν
1207 1224 1346 1316 ψυχικῶν
1364 1227 1591 1320 γενεσιουργούς
1610 1226 1735 1319 σποράς,

185 1329 281 1395 ἀκαί
304 1323 356 1396 διά
380 1341 473 1396 τοῦτο
498 1332 702 1421 ἀφωμοίωται
733 1323 930 1414 διάττουσιν,
954 1337 993 1406 ὡς
1018 1333 1194 1422 ὁμοιότητα
1225 1333 1296 1399 τινά
1324 1335 1476 1426 φερόμενα
1504 1335 1578 1427 πρὸς
1606 1335 1648 1402 τά
1670 1347 1734 1402 τῶν

187 1440 308 1530 ἄστρων
333 1440 495 1530 ὀχήματα,
520 1440 582 1504 Καὶ
605 1439 705 1522 τέλος,
722 1440 814 1514 ὕπνος
839 1437 938 1510 αύτήν
963 1429 1154 1504 ἐνδείκνυται
1176 1439 1236 1515 τήν
1252 1441 1380 1532 πάρεσιν
1397 1443 1451 1507 καί
1466 1441 1526 1515 τήν
1543 1445 1653 1533 ἀργίαν
1678 1452 1735 1519 τής

186 1559 289 1639 νοερᾶς
313 1559 376 1614 τῶν
400 1545 505 1638 ψυχῶν
523 1543 616 1632 ζωῆς,
637 1550 824 1624 ἀπεναντίας
841 1547 974 1638 ἔχουσαν
990 1547 1066 1638 πρός
1082 1547 1142 1619 τήν
1160 1547 1314 1639 ἄγρυπνον
1338 1563 1393 1616 τοῦ
1417 1560 1469 1615 νοῦ
1494 1550 1631 1642 θεωρίαν.
1656 1557 1736 1616 Τοσ-

131 1679 158 1715 ιο
187 1667 267 1721 αῦτα
291 1657 437 1746 καὶπερὶ
461 1666 522 1720 τῶν
547 1659 578 1721 ὲν
602 1665 647 1738 τῷ
680 1653 766 1744 μύθῳ
798 1654 964 1744 σπέρματα
992 1654 1160 1744 νοημάτων
1190 1656 1427 1749 ἀναγεγράφθω,
1450 1659 1641 1748 προκείμενα
1668 1669 1733 1734 τοῖς

185 1757 405 1854 ἐξεργάσεσθαι
430 1763 628 1852 βουλομένοις
652 1762 705 1826 καί
729 1753 910 1850 δυναμένοις
935 1763 1123 1830 άνελίττειν.

679 2106 729 2155 su
751 2104 819 2155 εον
838 2105 878 2154 ειν
897 2104 1062 2172 nomme
1082 2102 1197 2154 nreon
1210 2100 1240 2174 ι).

229 2307 251 2372 f.
269 2308 331 2371 117
346 2329 374 2370 ν.
394 2301 467 2390 [Teo
483 2305 513 2368 έν
526 2302 672 2386 πολιτείᾳ
688 2300 842 2390 τοῦἨρὸς
856 2300 961 2390 μῦθον,
975 2295 999 2366 ὦ
1012 2305 1083 2390 φίλε
1096 2306 1221 2391 Μαρῖνε,
1238 2301 1344 2391 τρίτον
1360 2292 1421 2374 ήδη
1441 2311 1564 2378 τοῦτον,
1578 2299 1611 2366 δν
1624 2300 1736 2392 Ἀρμε-

184 2415 248 2478 νίου
259 2411 284 2500 ³)
298 2413 353 2502 μὲν
368 2407 445 2477 εἶναι
458 2412 551 2501 φησίν
564 2415 580 2474 6
595 2411 790 2501 Σωκράτης],
800 2411 971 2500 Πάμφυλον
982 2401 1016 2474 δέ
1030 2408 1069 2474 τά
1082 2409 1179 2500 γένος,
1192 2402 1391 2499 [ἐξηγεῖσθαι]
1402 2408 1597 2500 προθέμενος,
1611 2419 1734 2500 πρῶτον

185 2525 322 2612 ήγοῖιμαι
342 2523 477 2611 [χρῆναι]
504 2519 558 2584 τόν
582 2543 619 2584 τε
643 2519 759 2584 σκοπθν
785 2511 916 2584 διελθεῖν
933 2529 988 2582 τοῦ
1004 2517 1122 2594 παντύς
1150 2518 1280 2609 [λύγου],
1305 2517 1359 2582 καὶ
1381 2518 1441 2592 τήν
1466 2522 1496 2585 έν
1523 2518 1734 2611 βραχυτάτοις

131 2641 156 2678 ¹⁵
185 2630 361 2716 κεφαλαίοις
383 2628 521 2716 [τομήν]·
546 2625 643 2692 ἔπειθ’
668 2625 713 2689 dc'
738 2625 774 2691 ἀν
798 2625 1018 2715 προσφέρουσιν
1042 2630 1127 2708 αύτῷ
1150 2650 1232 2701 τινες
1261 2627 1477 2717 [ἐγκλήματα
1500 2628 1554 2692 καί
1577 2628 1636 2700 τήν
1660 2627 1734 2718 ὑπὲρ

186 2735 325 2800 ἑκάστων
343 2737 541 2825 ἀπολο[γίαν·
558 2734 608 2819 ἢν]
628 2733 756 2825 οἰόμεθα
772 2743 816 2817 τῷ
834 2757 868 2799 τε
885 2737 1043 2816 Πλατῶνι,
1059 2733 1113 2797 καί
1130 2744 1194 2809 τοῖς
1212 2733 1420 2825 πράίγμαοιν]
1438 2728 1479 2799 ὧν
1496 2735 1734 2827 προηγουμένην

184 2833 232 2910 δεῖ
251 2840 404 2907 ποιεῖσθαι
427 2840 486 2915 τὴν
512 2840 651 2930 θεωρίαν,
677 2836 753 2906 εἶναι
770 2834 1012 2930 συμύαίνουσαν.
1037 2841 1098 2904 Καὶ
1122 2839 1247 2929 μαλισθ
1265 2843 1315 2907 ὅτι
1330 2842 1443 2908 πολλοί
1466 2853 1525 2918 τῆς
1547 2842 1616 2930 περί
1640 2841 1734 2908 αύτάν

184 2946 343 3038 ἐφήψαντο
366 2947 595 3027 κατανοήοεως,
610 2949 664 3013 καί
688 2959 750 3012 τῶν
775 2953 982 3013 πλατωνικῶν
1007 2957 1035 3014 οῖ
1054 2959 1224 3039 κορυφαῖοι,
1250 2950 1432 3038 Νουμήνιος,
1457 2943 1610 3028 Ἀλέῖνος,
1635 2950 1734 3029 Γάῖος,

184 3051 323 3147 Μάξιμος
347 3062 362 3121 6
379 3058 517 3137 Νικαεύς,
535 3059 768 3148 Ἁρποκρατίων
777 3053 816 3140 ⁴),
833 3048 1014 3137 Εὐκλείδης,
1031 3057 1084 3121 καί
1101 3057 1152 3121 ἐπὶ
1174 3066 1267 3122 πᾶσιν
1285 3057 1461 3148 Πορφύριος,
1480 3056 1512 3122 ὃν
1529 3056 1591 3148 ἐγὼ
1607 3056 1734 3123 πάντων

129 3175 157 3212 ²⁰
186 3165 326 3257 μάλιστα
349 3177 412 3231 τῶν
436 3170 467 3231 έν
491 3175 538 3250 τῷ
562 3165 649 3255 μύθῳ
673 3165 891 3256 κεκρυμμένων
915 3162 1060 3255 γενέσθαι
1089 3165 1170 3253 φημί
1193 3164 1300 3229 τέλεον
1329 3157 1493 3254 ἑξηγητήν
1521 3165 1572 3251 (τά
1595 3164 1655 3255 γάρ
1680 3169 1732 3254 ἀφ’

185 3274 321 3339 ἑκάστου
345 3273 424 3341 τάτε
440 3285 481 3360 τῇ
500 3279 685 3359 πλατωνικῇ
704 3273 802 3363 μούσῃ
822 3272 970 3362 σύμφωνα
987 3271 1040 3336 καί
1056 3283 1110 3338 τοῦ
1127 3283 1193 3348 τοῖς
1207 3271 1233 3356 ⁵)
1253 3271 1453 3364 ἀνελέγκτως
1476 3282 1534 3349 τής
1558 3272 1736 3363 ἐπιστήμης

183 3383 289 3473 λύγοις
314 3386 448 3472 ἀνευρεῖν
464 3385 487 3465 ⁶)
514 3382 611 3473 μέγας
636 3377 712 3447 εἷναί
736 3405 790 3470 μοι
806 3382 950 3470 φαίνεται
966 3380 1020 3444 καί
1035 3383 1094 3468 ούχ
1110 3382 1125 3442 6
1143 3376 1247 3468 τυχὼν
1265 3378 1373 3469 ἄγων)
1391 3379 1444 3443 καί
1461 3381 1490 3444 εί
1510 3403 1543 3442 τι
1566 3379 1621 3443 καὶ
1645 3377 1736 3443 αὺτοί

184 3485 444 3582 συνεξευπορῆοαι
468 3483 650 3581 δυναίμεθα,
665 3489 819 3564 τοιούτοις
836 3482 903 3552 ούσι
919 3487 973 3552 καὶ
989 3487 1149 3562 τοσούτοις
1165 3497 1231 3562 τοῖς
1248 3485 1431 3575 ἔμπροσθεν,
1448 3488 1495 3551 ἔτι
1512 3481 1648 3577 μείζονος
1665 3485 1736 3576 ἐμοὶ

185 3594 271 3664 δοκεῖ
292 3591 412 3664 δεῖσθαι
435 3599 489 3663 καί
513 3598 588 3664 θεῶν
613 3598 708 3673 ύντως
725 3596 888 3688 ήγεμύνων
906 3586 1053 3683 δεομένης
1069 3604 1235 3684 περιωπῆς.
1252 3592 1439 3685 Ἀρχώμεθα
1461 3586 1489 3659 δ’
1508 3587 1559 3658 ούν
1584 3591 1732 3669 ἐντεῦθεν,

130 3711 157 3749 ²⁵
185 3707 253 3773 ὅθεν
270 3707 325 3772 καί
339 3707 505 3798 προσήκειν
517 3705 681 3799 ἡγούμεθα
694 3705 749 3770 τάν
765 3704 834 3796 περὶ
849 3713 912 3768 τῶν
929 3695 1059 3768 τοιῶνδε
1075 3703 1178 3795 λέγων
1195 3701 1505 3794 πραγματευθμενον·
1522 3701 1576 3766 καί
1591 3702 1733 3795 λέγωμεν

183 3839 230 3891 τις
253 3820 272 3889 ή
300 3805 391 3879 τοῦδε
415 3823 469 3880 τοῦ
494 3812 591 3903 μύθου
614 3811 765 3903 πρόθεσις,
789 3811 828 3885 ήν
844 3809 1100 3902 προστησάμενος
1117 3815 1132 3874 6
1151 3810 1334 3902 Σωκράτης,
1350 3808 1490 3900 πάνταῗ)
1507 3811 1636 3901 συνείρει
1659 3809 1734 3901 πρὸς

184 3919 295 3998 αύτήν,
318 3920 373 3985 καί
396 3913 434 3986 δι’
459 3919 497 3995 ἣν
522 3921 627 3985 αἰτίαν
651 3919 745 4010 μόνον
769 3919 823 3984 τάν
849 3917 944 4010 μῦθον
968 3927 1080 3983 τοῦτον
1103 3922 1144 3995 είς
1165 3917 1292 4008 μερικὴν
1318 3913 1492 4008 ἀνέπεμψεν
1510 3917 1656 4008 ίστορίαν,
1680 3915 1734 3980 καί

222 4257 244 4332 ¹)
262 4258 313 4315 fol.
332 4257 377 4329 50,
396 4257 433 4316 Η.
984 4255 1146 4314 obscurior.
1165 4254 1278 4312 Verum
1289 4254 1321 4312 in
1334 4253 1429 4312 altere
1441 4252 1572 4312 editione
1584 4253 1733 4326 Reipubli-

220 4347 326 4422 ²)Inde
336 4347 482 4421 incipiunt
491 4347 621 4421 quinque
630 4346 758 4421 paginae
769 4348 807 4405 eb
814 4347 931 4421 Angelo
985 4363 1036 4404 coe
1055 4364 1080 4403 e.
1095 4347 1166 4404 1846
1183 4346 1247 4404 lere
1265 4343 1364 4402 omnic
1381 4344 1670 4418 praetermittuntur,
1683 4358 1735 4399 ex-

185 4437 264 4494 Meic
273 4437 423 4510 praefixae
436 4441 536 4494 tomc1
552 4437 753 4495 Glceciccrum
765 4441 932 4508 auctorum,
985 4437 1079 4512 ceptis
1097 4437 1240 4495 brevibus
1260 4434 1381 4493 scholiis
1396 4435 1427 4492 in
1443 4435 1521 4492 irnss
1533 4433 1659 4510 paginas
1673 4453 1734 4486 σπι·

186 4526 217 4584 in
237 4527 328 4584 decus
348 4534 378 4583 et
397 4533 604 4584 ornamentum
622 4527 729 4600 prioris
749 4527 828 4602 (ann.
849 4528 931 4602 1828)
987 4533 1063 4600 ράδην
1082 4526 1236 4601 inspersis,
1251 4544 1327 4600 quse
1338 4525 1417 4582 infra
1436 4543 1490 4584 suc
1503 4527 1569 4583 loco
1581 4530 1731 4583 notantur.

185 4614 323 4674 editionis
335 4615 491 4672 Tullianae
507 4617 694 4688 Reipublicae
707 4615 745 4689 (p.
759 4618 931 4691 xrv-xvur);
1022 4619 1044 4693 ³)
1065 4620 1206 4690 Ἀρμιιιίιυ
1224 4617 1262 4673 Η.

184 4704 239 4761 sed
256 4721 331 4777 qnae
351 4703 421 4762 dere
448 4703 550 4762 debuit
575 4703 705 4777 mutilas,
728 4723 747 4760 ιι
768 4704 865 4778 capite
886 4723 933 4763 cu·
1020 4708 1046 4780 ⁴)
1064 4706 1134 4763 (lod.
1154 4707 1350 4776 ’λρπιιρατίωκ

181 4794 292 4868 jusque
310 4793 375 4851 folii
393 4794 502 4852 codicis
521 4813 575 4852 sex
593 4801 647 4852 cut
666 4799 780 4869 septem
792 4795 932 4854 versibus
1023 4797 1045 4864 ⁵)
1058 4796 1153 4867 Supra
1163 4793 1274 4849 lineam
1287 4797 1338 4861 τοῦ,
1352 4792 1432 4866 qnod
1442 4809 1497 4848 om.
1507 4790 1625 4848 lemn
1637 4808 1731 4863 marg.

184 4883 292 4941 misere
312 4889 476 4957 truncates,
494 4883 591 4959 iisque
609 4884 720 4942 verbis·
732 4884 869 4942 omnibus
886 4885 933 4942 de·
986 4889 1048 4960 lopo
1068 4891 1106 4937 τὰ-
1125 4882 1211 4938 Idem
1229 4881 1373 4955 expunxit
1385 4880 1484 4955 posita
1500 4881 1531 4938 in
1550 4899 1603 4938 ors
1621 4879 1732 4939 codicis

185 4974 316 5046 stitutus,
337 4992 413 5047 quse
431 4973 580 5033 uncinulis
599 4974 738 5047 inclusas,
758 4974 844 5032 unico
863 4976 934 5032 Hol-
987 4973 1142 5047 sequentis
1161 4970 1291 5045 quinque
1309 4971 1409 5027 verbe.
1428 4970 1560 5027 Evanuit
1579 4969 1639 5027 elis
1660 4976 1732 5027 note

185 5061 275 5120 stenii
293 5064 464 5137 apographo
476 5063 633 5122 referimus
647 5070 791 5138 acceptes.
809 5065 932 5122 Initium
985 5065 1095 5122 ibidem
1114 5063 1218 5134 vicine,
1240 5079 1316 5135 quae
1335 5061 1445 5118 desinit
1464 5067 1506 5116 τοῦ
1525 5067 1638 5134 Χριστοῦ,
1661 5061 1730 5118 fort.

184 5156 287 5209 temen
296 5151 402 5219 Maius,
415 5152 464 5209 cui
472 5154 596 5225 ignotu
605 5153 725 5210 videtur
732 5154 827 5212 fnisse
838 5155 932 5212 codex
985 5158 1125 5226 respectu
1144 5151 1183 5208 cd
1201 5149 1411 5226 Porphyrium.

184 5240 375 5312 Barberinns,
388 5240 477 5297 fccile
490 5240 575 5311 eruit,
590 5241 790 5299 membranam
802 5243 932 5301 fortasse
1020 5246 1043 5317 ⁶)
1061 5243 1111 5301 fol.
1131 5243 1175 5298 50.
1194 5243 1231 5303 Η.

185 5331 247 5389 ceri
265 5332 380 5405 liquore
400 5331 573 5404 sollicitune,
591 5349 669 5406 quse
687 5351 768 5391 nunc
779 5333 860 5392 facta
872 5334 932 5393 luit
1020 5334 1043 5408 ⁷)
1063 5337 1159 5396 πάντας
1178 5333 1215 5390 Η.
