4006 6074
458 463 542 553 θυῖε
563 485 693 556 parens
708 461 858 554 fabulae,
878 460 995 534 variae
1012 460 1207 534 sententiae.
1230 499 1243 511 -
1266 458 1475 533 Zoroast-res.
1709 473 1743 526 ιο

198 640 221 705 f.
247 642 289 705 23
316 640 395 724 [πον]
423 647 534 702 τοῦτον
565 638 637 723 [τῶν
661 637 720 726 πρὸ
750 641 839 724 ἡμῶν
865 625 1024 722 θιαφοράς*
1043 633 1241 723 γεγραφείας]
1267 623 1454 721 διαστροφάς
1479 631 1675 721 θαυμά[σειεν
1707 631 1743 696 ἄν

198 766 253 820 τις.
278 783 320 793 -
345 749 383 810 οί
406 744 460 833 μὲν
485 747 519 808 οὐ
536 745 602 828 τόν]
620 737 699 832 Ἦρα
715 743 806 832 φασίν
827 737 925 828 [εἶναι]
944 741 997 803 τόν
1021 740 1143 828 πατέρα
1167 748 1222 804 τοῦ
1247 737 1343 830 μόθου
1370 729 1473 824 [τοῦθε
1497 740 1637 825 παντὸς),
1662 737 1744 803 ἀλλά

200 850 428 941 Ζωρο[άστρην,
453 851 506 914 καί
530 857 569 926 ὡς
593 842 684 916 τοῦδε
708 860 763 915 τοῦ
787 849 939 938 όνόματος
964 847 1141 937 ἐγκειμένου
1166 846 1225 918 τὴν
1243 844 1376 938 γραφὴν]
1400 837 1619 928 ὲκθεθώκασιν,
1644 847 1744 936 ὥσπερ

200 959 254 1021 καί
276 962 291 1021 6
316 957 522 1048 Ἐπικούρειος
549 957 734 1044 ίΚοΠόιτης,
751 952 785 1021 οὗ
802 955 1018 1045 καὶπρότερον
1036 952 1235 1044 ἐμνήσθημεν
1251 952 1284 1034 ¹).
1311 954 1371 1017 Καί
1395 955 1487 1029 αύτός
1512 955 1656 1043 ἐνέτυχον
1683 961 1747 1018 Ζω-

161 1095 173 1134 ο
203 1065 351 1156 ροάστρου
370 1059 498 1150 βιθλίοις
516 1066 643 1154 τέτρασι
667 1066 736 1154 περὶ
753 1064 880 1152 φύσεως,
898 1057 940 1126 ὧν
964 1063 1001 1127 τό
1025 1062 1184 1151 προοίμιόν
1200 1066 1275 1126 ἐστι·
1296 1067 1307 1096 “
1324 1060 1528 1151 Ζωροάστρης
1545 1065 1560 1124 6
1585 1061 1746 1152 Ἀρμενίου

207 1173 402 1263 ,Πάμφυλος
426 1165 503 1238 τάθε
526 1172 622 1264 λέγει,
647 1174 705 1238 ὅσα
728 1195 764 1236 τε
787 1173 817 1235 ἐν
834 1169 962 1259 πολέμῳ
975 1167 1002 1255 ²)
1026 1169 1217 1244 τελευτήσας
1240 1167 1325 1258 παρά
1342 1168 1417 1232 θεῶν
1442 1159 1531 1246 ἐδάη,
1555 1167 1607 1231 καί
1631 1169 1689 1232 όσα
1713 1171 1748 1232 ἐκ

207 1290 290 1362 ,τῆς
304 1279 404 1355 ἄλλης
419 1280 551 1370 ἱστορίας
565 1329 590 1360 ,.
609 1285 660 1344 Ἐν
675 1271 708 1344 66
722 1280 823 1369 μέσοις
837 1280 941 1353 αὐτοῖς
953 1277 1026 1367 πρὸς
1040 1282 1135 1366 Κῦρον
1148 1287 1338 1367 προσφονῶν,
1353 1266 1446 1351 θῆλός
1460 1278 1527 1340 ἐστι
1539 1275 1593 1340 τὀν
1609 1275 1749 1360 βασιλέα·

201 1388 273 1450 τίνα
297 1379 330 1450 66
353 1387 408 1451 τὀν
433 1393 541 1476 Κῦρον,
565 1391 599 1450 66
624 1377 778 1475 διασαφεῖ·
802 1394 864 1449 τῶν
889 1375 923 1448 66
946 1381 1079 1448 ἐνταῦθα
1094 1381 1282 1514 λεγομένων,
1303 1374 1424 1458 οὐθενός
1447 1383 1493 1448 ἐπ’
1519 1383 1671 1472 ὀνόματος
1697 1382 1750 1472 μέ-

202 1518 363 1584 μνηται,
354 1495 437 1566 πλην
462 1506 520 1570 τῆς
545 1494 700 1624 ἀνάγκης·
724 1493 846 1565 ταύτην
871 1484 957 1559 66
929 1516 1005 1557 ειναι
1028 1492 1082 1556 τόν
1108 1491 1182 1580 ἀέρα
1163 1493 1316 1581 αφησίν·
1342 1495 1573 1584 ἀστρολογικῶν
1607 1482 1674 1556 δέ
1662 1515 1747 1556 εστιν

146 1628 173 1665 ιο
203 1601 432 1692 θεαμάτωντά
414 1595 609 1691 αβιόλίαγ
611 1602 706 1692 έμοντ
709 1623 737 1665 α
756 1517 1338 1691 καίπουκαὶάντιλέιργεινθοκεῖπρός
1355 1599 1414 1674 τὴν
1439 1603 1470 1664 ἐν
1494 1604 1647 1682 πολιτικῷ
1672 1603 1747 1664 ἀνα·

202 1712 400 1793 κύκλησιν,Ἰ
382 1717 458 1776 ωστ’
479 1701 606 1783 ἄθηλον
623 1715 649 1774 εἰ
672 1711 733 1774 ἀπό
757 1709 877 1774 τούτων
902 1715 990 1784 ούτος
1015 1713 1030 1772 6
1056 1706 1149 1797 μῦθος
1174 1709 1286 1796 έσχε3)
1310 1707 1408 1779 τὴν
1394 1708 1546 1797 ἀφορμήν·
1564 1707 1660 1772 καί’
1636 1731 1662 1772 ει
1686 1712 1750 1769 Ζω-

205 1819 356 1911 ροάστρης
381 1817 452 1882 ἀντί
473 1828 528 1882 τοῦ
552 1816 638 1907 ’Πρός
662 1817 839 1907 ἐγέγραπτο
863 1820 893 1881 ἐν
917 1826 982 1890 τοῖς
1016 1813 1233 1905 ἀντιγράφοις,
1262 1813 1346 1884 πλὴν
1375 1814 1424 1877 ότι
1448 1815 1502 1878 τὀν
1533 1815 1621 1885 ἥλιον
1646 1816 1749 1878 έκεῖνα

204 1928 297 2017 μέσον
322 1917 386 1991 οἶθε
410 1934 473 1989 τῶν
497 1929 679 2010 πλανητῶν,
703 1917 770 1988 666
786 1925 839 1988 τόν
858 1921 952 2013 μῦθον
969 1933 1080 1987 τοῦτον
1097 1915 1178 2006 ᾅθων
1196 1921 1269 2011 ὑπὲρ
1287 1921 1433 2006 σελήνην,
1454 1920 1539 1997 εύθύς
1564 1912 1660 1994 δῆλόν
1684 1925 1751 1984 ἐστι

202 2047 267 2112 τοῖς
292 2034 393 2102 ἐκεῖνά
416 2057 452 2098 τε
477 2023 587 2098 είθόσιν
611 2033 665 2097 καί
688 2031 808 2097 τούτων
833 2030 1086 2120 ἀκροασαμένοις,
1110 2029 1184 2095 ὥστ’
1209 2032 1265 2094 οὐκ
1289 2027 1324 2094 ἀν
1349 2034 1365 2092 6
1389 2027 1522 2093 Πλάτων
1548 2028 1599 2093 ἀπ’
1625 2029 1747 2094 ἐκείνων

148 2165 175 2201 ιο
202 2147 248 2216 εἴη
274 2135 366 2208 τόνδε
388 2143 443 2207 τόν
469 2139 563 2229 μῦθον
588 2139 713 2216 συνθείς.
739 2179 780 2188 -—
804 2144 842 2205 01
866 2134 899 2204 δέ
922 2140 977 2203 τόν
995 2131 1073 2229 Ἦρα
1098 2138 1151 2230 μὲν
1176 2141 1381 2227 ὁμολογοῦσιν
1406 2135 1589 2228 γέγραφθαι,
1606 2137 1660 2201 καί
1684 2143 1750 2200 Ζω-

205 2251 355 2342 ροάστρου
379 2247 521 2340 γενέσθαι
545 2260 656 2313 τοῦτον
688 2238 895 2325 θιθάσκαλον,
920 2247 1021 2337 ὥσπερ
1046 2245 1187 2336 Κρόνιος,
1211 2246 1266 2309 τόν
1292 2245 1462 2335 Πάμφυλον
1493 2245 1531 2309 τό
1561 2244 1649 2334 γένος
1679 2240 1752 2307 τινά

203 2360 318 2450 τρόπον
331 2368 377 2442 τῷ
394 2357 579 2448 Ζωροάστρῃ
593 2355 619 2441 ⁴)
637 2357 835 2446 συνείροντες,
852 2359 878 2419 εἰ
895 2353 938 2443 μὴ
953 2353 1013 2444 ἄρα
1025 2357 1059 2419 ού
1076 2364 1121 2438 τῷ
1138 2353 1238 2443 Πέρσῃ
1256 2363 1343 2443 φαῖεν
1361 2351 1407 2438 ἀν,
1424 2350 1506 2417 ἀλλά
1520 2361 1565 2436 τῷ
1579 2351 1750 2440 Παμφίλῳ,

204 2467 307 2551 τούτῳ
333 2459 370 2540 66
397 2467 514 2550 ἐκείνῳ,
540 2461 574 2530 οὗ
597 2475 662 2541 τοῖς
686 2463 755 2554 περί
779 2463 833 2552 φύ-

204 2685 227 2752 f.
252 2686 294 2750 23
318 2707 348 2749 v.
375 2683 461 2766 [σεως
485 2681 609 2768 εἴπομεν
628 2671 758 2764 βιόλίοις
778 2680 927 2768 ἐντυχεῖν.
948 2715 979 2724 -
1005 2682 1043 2742 Οἱ
1062 2667 1095 2742 θὲ
1119 2676 1205 2767 Ἠρὸς
1229 2677 1293 2741 ὑίον
1318 2675 1483 2765 Εύμαίωνα
1507 2675 1561 2739 τόν
1587 2663 1754 2767 διηγούμε-

150 2821 179 2860 ιο
205 2815 256 2856 νον
280 2789 463 2880 γράφοντες,
486 2789 540 2852 καί
565 2791 593 2853 εί
613 2813 677 2864 πως
701 2787 738 2852 τό
763 2780 833 2864 ἑξῆς
850 2785 920 2852 ἄνευ
938 2783 1048 2875 ἄρθρου
1062 2782 1089 2871 ⁵)
1106 2778 1296 2863 συντάξωσιν
1321 2774 1404 2866 τῷθε
1425 2792 1472 2866 τῷ
1496 2782 1628 2872 όνόματι
1650 2781 1752 2873 λέγειν

207 2901 261 2963 οὐκ
285 2901 422 2988 ἔχοντες,
439 2900 494 2963 ούκ
511 2894 664 2962 εἰωθότων
681 2905 744 2959 τῶν
759 2897 903 2958 παλαιῶν
920 2893 992 2958 ἄνευ
1010 2891 1123 2957 τούτου
1140 2890 1225 2956 κατά
1241 2889 1368 2984 γενικὴν
1385 2898 1504 2954 πτῶσιν
1529 2887 1600 2965 τοὺς
1616 2887 1753 2977 πατέρας

208 3005 383 3070 συνάπτειν.
408 3043 449 3054 -
476 3008 514 3068 06
537 2996 571 3068 66
595 3005 650 3068 ούκ
673 3000 834 3091 Ἀρμένιον
865 3001 920 3063 τόν
950 3000 1074 3089 πατέρα
1106 2997 1297 3088 φάσκοντες,
1323 2995 1406 3062 ἀλλά
1434 2989 1485 3062 θιά
1510 2995 1639 3086 θατέρου
1671 2995 1752 3081 τῶν]

210 3117 350 3240 βραχέων
374 3112 548 3242 Ἀρμόνιον,
573 3134 666 3198 σμικρ
669 3109 701 3172 όν
728 3111 771 3192 [τι
788 3131 844 3198 πε
848 3108 909 3171 ιτο
926 3108 1037 3196 ονομα]
1054 3111 1326 3195 πλημμελοιντε,
1349 3104 1403 3170 καί
1427 3107 1555 3276 εέύρομεν
1580 3102 1689 3168 καῖ’
1657 3126 1754 3178 ουτως

209 3221 240 3283 ἐν
265 3229 330 3294 τοῖς
354 3220 472 3282 ἐκείνου
497 3215 661 3344 Ζωροάστρ
664 3239 697 3278 ου
723 3207 884 3342 66666663’
889 3214 1040 3304 Αρμόνιον
1064 3215 1163 3278 τὀν
1142 3215 1264 3303 πατέρα
1288 3212 1513 3304 γεγραμμένων
1534 3202 1613 3276 0166
1637 3202 1704 3276 66'
1694 3209 1756 3299 εγὼ

153 3355 181 3392 ιε
208 3327 245 3415 γέ
268 3351 354 3402 τινας
368 3323 394 3413 ο)
419 3325 473 3390 καί
489 3323 583 3414 ’μἈρ
547 3347 648 3387 ιιενιον
665 3321 720 3385 τὸν
731 3313 770 3383 Π
774 3321 1057 3411 ραλεγομένους,ο
1042 3318 1121 3396 6636
1108 3345 1187 3410 ετρω
1174 3310 1300 3396 ἀνθεῖ,
1319 3319 1457 3394 πῶςτόν
1483 3317 1643 3407 Ἀμρένιον
1667 3316 1757 3407 Πάμ-

209 3438 310 3523 φυλον»
328 3427 405 3497 εἶναι
429 3431 521 3520 φησίν
546 3431 583 3493 τὀ
608 3429 705 3521 γένος,
729 3431 755 3492 εἰ
772 3425 825 3490 καί
840 3431 915 3516 ημῖν
933 3415 1039 3516 ἄνδρες
1057 3417 1168 3490 αίάοῖοι
1183 3437 1278 3490 τοῦτο
1298 3418 1466 3511 ὑπέλαόον,
1490 3415 1648 3515 Θεόθωρον
1672 3425 1756 3514 λέγω

209 3542 264 3605 τόν
289 3545 454 3616 Ἀσιναῖον,
478 3538 549 3602 ἀλλ’
566 3539 641 3626 ὅπερ
658 3537 746 3624 ἔφην,
764 3535 909 3624 φέρονται
925 3534 980 3623 μέν
998 3535 1100 3610 ἄλλως
1118 3533 1208 3598 ἄλλοι
1225 3544 1288 3598 τῶν
1308 3535 1367 3623 πρὸ
1391 3538 1490 3623 ημῶν.
1509 3536 1553 3598 T6
1579 3525 1604 3598 θ’
1631 3531 1756 3615 ἀληθὲς,

202 3641 282 3738 Ἦρα
307 3646 361 3736 μὲν
377 3641 454 3711 εἶναι
471 3646 525 3709 τὀν
542 3644 678 3737 ἄγγελον
695 3653 750 3708 τοῦ
768 3641 864 3733 μύθου
881 3633 984 3719 τοῦδε,
1001 3643 1122 3731 πατέρα
1139 3633 1172 3706 δὲ
1189 3645 1284 3725 αὐτῷ,
1302 3643 1440 3730 τοῦνομα
1455 3639 1559 3731 λέγειν
1585 3639 1756 3730 Ἀρμένιον,

212 3757 298 3845 γένος
323 3747 358 3820 66
381 3756 416 3819 ἐκ
439 3756 636 3843 Παμφυλίας,
661 3755 709 3816 ἵνα
734 3742 771 3821 θὴ
798 3751 851 3814 καί
868 3749 909 3814 τά
924 3749 995 3839 περί
1011 3751 1065 3814 τόν
1084 3739 1240 3839 Ἀρθίαιον
1261 3740 1373 3814 εἰδέναι
1390 3759 1494 3838 σαφῶς
1518 3749 1596 3837 έχοι,
1621 3749 1674 3812 καί
1697 3746 1757 3820 τὴν

156 3891 182 3928 ιο
212 3860 396 3954 τυραννικὴν
421 3863 536 3926 έκείνου
551 3857 578 3945 7)
601 3852 695 3936 ζωὴν,
721 3859 774 3924 καί
797 3857 838 3922 τά
863 3857 1030 3947 μιάσματα
1053 3867 1115 3921 τῶν
1141 3860 1171 3921 έν
1196 3859 1367 3946 Παμφυλία
1390 3856 1547 3946 τυράννων
1571 3857 1636 3932 ἐνὀς
1660 3879 1759 3947 γεγο-

211 3968 307 4044 νότος.
333 3969 371 4031 Et
391 3991 428 4032 τε
452 3958 486 4031 θὲ
510 3967 632 4056 ἔχειτὰ
649 3978 707 4043 τῆς
726 3970 859 4057 ἱστορίας
876 3969 983 4044 οὕτως,
1001 3969 1063 4031 εἴτε
1080 3965 1133 4030 καὶ
1156 3965 1210 4054 μὴ,
1227 3961 1333 4044 ζητεῖν
1358 3965 1485 4044 ἄτοπον,
1510 3977 1565 4031 τοῦ
1591 3965 1759 4042 Πλάτωνος

212 4075 253 4140 τά
276 4086 409 4140 τοιαῦτα
432 4075 631 4152 πλάττοντος
651 4076 705 4165 μὲν
723 4066 875 4164 οὐθαμῶς,
893 4072 976 4139 κατὰ
994 4065 1027 4139 θὲ
1043 4073 1101 4144 τὴν
1116 4070 1141 4156 ⁸)
1158 4075 1266 4163 χρείαν
1283 4084 1345 4138 τῶν
1360 4074 1569 4164 προκειμένων
1587 4074 1635 4138 ἀεὶ
1658 4097 1762 4163 παρα-

211 4176 440 4275 λαμύάνοντος,
464 4184 518 4248 καί
541 4185 701 4274 χρωμένου
725 4193 802 4248 πᾶσι
819 4181 900 4273 μετά
917 4193 975 4258 τῆς
991 4181 1166 4270 πρεπούσης
1182 4175 1350 4271 περιόολῆς
1367 4183 1421 4246 καὶ
1445 4183 1631 4271 οἰκονομίας,
1648 4187 1688 4256 ὡς
1704 4179 1758 4244 καί

212 4302 253 4377 τῇ
279 4302 415 4382 μαντικῇ
430 4289 455 4381 9)
478 4285 561 4380 ξένῃ,
586 4293 640 4357 καί
655 4302 700 4376 τῷ
716 4291 801 4357 κατά
824 4293 880 4357 τόν
897 4291 997 4381 Γύγου
1014 4289 1164 4380 πρόγονον
1182 4279 1362 4381 θιηγήματι
1375 4287 1426 4375 10),
1450 4291 1565 4374 καὶτῷ
1583 4288 1666 4353 κατά
1686 4285 1758 4362 τοὺς

252 4563 276 4636 ¹)
294 4563 330 4620 In
348 4575 454 4634 marga
473 4548 530 4634 ιιιρῖ
547 4565 591 4615 τοῦ
610 4557 771 4632 τιτραόέόλιυ
792 4565 900 4634 φυσικῶν
920 4565 963 4616 τοῦ
1017 4567 1079 4616 tom
1096 4556 1205 4616 codicis
1224 4573 1331 4616 versus
1353 4557 1409 4614 sub
1429 4555 1494 4613 dira
1514 4555 1656 4629 penioula
1671 4555 1763 4628 jugu-

215 4654 378 4723 ζωριάιτριι.
392 4653 437 4708 1)ο
450 4649 558 4724 quibus
572 4648 689 4706 dicendi
704 4667 800 4722 pauca
813 4649 889 4707 alius
907 4648 964 4707 for·
1017 4649 1126 4704 lantur.

214 4746 297 4798 tasse
315 4741 400 4797 locus
414 4740 478 4797 erit.
493 4739 536 4798 cf.
549 4741 626 4796 Maii
643 4741 732 4812 Resp.
748 4757 776 4812 p.
796 4739 857 4796 344.
1052 4738 1074 4812 θ)
1094 4737 1143 4810 ῖγῶ
1163 4757 1229 4798 τινας
1248 4735 1286 4791 Η.
1305 4734 1428 4792 vicinae
1448 4751 1517 4792 οιοο
1543 4732 1628 4790 ιιΠίῖο
1646 4738 1693 4789 σοι
1711 4749 1763 4790 no-

251 4832 275 4906 2)
293 4831 343 4887 fol.
364 4832 397 4886 61
417 4830 454 4887 Η.
1016 4827 1218 4898 ῖιιῖοοιιεῖιιοι
1229 4841 1379 4895 νοτειιοιιι,
1391 4843 1428 4880 ex
1438 4822 1547 4896 quibus
1557 4820 1688 4878 extundo
1697 4820 1763 4878 vix:

252 4921 275 4994 ³)
296 4921 357 4988 ἔχων
376 4920 514 4994 primum,
534 4939 607 4979 corr.
627 4923 690 4990 ἔσχε.
1017 4922 1066 4968 πᾶν
1086 4920 1219 4990 γράμμωοι
1239 4915 1268 4968 ἂν
1289 4912 1359 4975 τίτας
1379 4918 1419 4967 τόν
1440 4917 1561 4984 ἁρμόνιον.

251 5011 274 5084 ⁴)
294 5011 363 5068 Ood.
378 5010 468 5067 etiam
481 5014 544 5066 ῖωτα
563 5011 667 5085 adjicit
684 5009 726 5066 ibi
743 5009 774 5066 in
793 5008 888 5082 prima
907 5008 963 5082 syl
1052 5007 1121 5080 ⁷¹)
1095 5027 1170 5059 αυιιυ
1156 5005 1226 5061 Η

215 5098 285 5155 1666
303 5104 460 5174 Ζῳριάστργι.
473 5101 568 5158 Immo
584 5100 673 5174 paulo
692 5098 770 5156 infra
790 5097 852 5155 cod.
871 5097 963 5154 habet
1053 5096 1146 5168 ⁸).
1844 5124 1845 5127 ¹

217 5191 335 5261 κοζῴτου.
1051 5185 1075 5258 ⁹)
1095 5204 1224 5256 μαντινικῃ
1212 5134 1299 5240 606.
1312 5181 1350 5238 Η.
1364 5180 1406 5238 Of.
1420 5180 1497 5236 Plat.
1518 5178 1635 5236 Conviv.
1654 5178 1707 5234 231
1725 5177 1760 5233 D.

253 5279 277 5352 ⁵)
297 5283 369 5351 ῖρῖιιι
387 5280 425 5337 H.
445 5281 620 5353 corruptela
632 5278 778 5352 quaedam
791 5279 875 5336 latet.
895 5277 963 5352 Sep
1042 5273 1077 5348 ¹⁰)
1094 5271 1178 5328 Trita
1197 5276 1250 5344 σοι,
1271 5270 1351 5326 inter
1369 5273 1505 5326 veterum
1517 5267 1645 5340 fabulas,
1660 5267 1766 5323 ἀοοοιι-
