4022 6072
759 571 947 664 Antipater
966 571 1157 644 Bostreneis

936 959 992 1024 IX.

663 1173 840 1240 Varietates
862 1195 901 1238 ea
925 1173 1028 1239 codice
1052 1169 1264 1238 Oor'sttaiarro.

188 1386 257 1444 Cod.
277 1385 328 1442 fol.
347 1387 409 1442 214„
428 1387 544 1442 Patrot.
564 1386 618 1441 eol.
640 1385 708 1442 1261
727 1384 754 1440 Α
773 1385 792 1441 1.
813 1385 855 1440 14.
989 1381 1597 1439 eod.f01.eee.earror.001.12611.1ee
1616 1385 1657 1434 τοῦ
1671 1383 1733 1434 θεοῦ

257 1475 276 1530 l.
296 1477 314 1530 2
333 1481 375 1529 τοῦ
395 1481 456 1529 θεοῦ
476 1478 565 1548 σοφίας
585 1481 626 1532 τά.
951 1509 953 1512 -
1131 1472 1297 1543 δωρουμένων,
1502 1521 1505 1527 ,

259 1565 277 1620 1.
296 1565 314 1618 3
334 1569 415 1621 πάντη
436 1570 529 1638 γυμνθν
549 1564 618 1621 εἶναι.
1059 1563 1078 1618 l.
1097 1565 1115 1618 4
1134 1565 1214 1616 αὐτῶν
1234 1557 1315 1615 trebes
1336 1561 1387 1618 sio.
1407 1561 1481 1617 Edd.
1501 1562 1620 1615 ἰθίλισοιν.

258 1655 277 1710 l.
296 1657 315 1710 4
332 1657 477 1726 κέκρυπται,
499 1659 531 1718 ὡς
551 1658 602 1712 καί.
1059 1651 1078 1705 1.
1099 1651 1116 1704 5
1136 1652 1179 1704 οὐκ
1198 1652 1227 1704 ἂν
1249 1653 1300 1722 μέν.

257 1745 276 1800 l.
298 1746 331 1800 15
351 1748 440 1798 ἔστιδὲ
455 1749 494 1799 ὅτι
508 1753 551 1800 καὶ
565 1748 743 1820 οφαλλομένων
764 1753 806 1799 καὶ
819 1748 877 1798 λίαν
892 1747 935 1798 οὐκ
1059 1742 1078 1797 1.
1097 1743 1123 1810 θ,
1143 1742 1160 1795 6
1180 1743 1344 1814 ὡμολόγησαν
1365 1745 1400 1812 τῷ
1421 1743 1510 1795 διδόντι
1530 1740 1573 1793 οὐκ
1592 1740 1620 1793 ἂν
1640 1739 1674 1794 δέ.

329 1837 502 1905 αὶοθοινόμιθα.
1059 1831 1077 1885 l.
1097 1832 1122 1902 6,
1142 1831 1158 1886 7
1179 1834 1320 1902 στιροῦνται
1339 1837 1387 1904 γὰρ
1408 1827 1446 1883 οὖν
1467 1831 1550 1883 ἐνίοτε.

1059 1923 1078 1978 l.
1099 1923 1132 1978 11
1152 1929 1194 1975 καὶ
1214 1919 1400 1993 ἂςκιτάθὶοιτοι.

525 2041 591 2056 -ο
1058 2013 1078 2066 l.
1098 2013 1133 2067 12
1152 2013 1241 2065 eite'rar
1259 2016 1330 2082 χάριν
1351 2012 1491 2082 ἀνθρώπους
1510 2012 1587 2080 αὐτῷ.

1060 2103 1079 2160 l.
1100 2102 1134 2158 17
1153 2107 1231 2164 διδοὺς
1252 2105 1262 2156 t
1282 2108 1326 2164 τοῖς
1347 2104 1538 2174 φιλανθρωπίας.

774 2365 1146 2374 -u--—·—--——-——-—·n

287 2713 914 2848 ANTIPATER
976 2713 1633 2851 BOSTRENSIS

823 2975 1098 3050 EPISCOPUS.

880 3189 1039 3197 —v—-----

942 3451 968 3518 Ι.

336 3671 397 3729 ‘roe
422 3667 511 3754 ἁγίου
536 3663 746 3753 Ἀντιπάτρου
771 3668 811 3740 εἰς
836 3664 906 3741 τοὺς
930 3665 1092 3757 λέγοντας·
1110 3665 1200 3754 Ἅμα
1224 3667 1313 3750 Θεὸς,
1337 3665 1404 3754 ἅμα
1426 3665 1532 3730 πάντα
1546 3664 1578 3758 ¹).

405 3775 519 3841 Sancti
528 3775 704 3856 Antipatri
719 3776 858 3857 episcopi
873 3775 1067 3842 Bostroram
1083 3778 1239 3842 adversus
1254 3797 1306 3842 eos
1321 3777 1377 3860 qui
1392 3776 1519 3842 dicunt:

681 3885 693 3914 “
711 3882 817 3948 Simul
839 3881 939 3963 Deus,
964 3884 1061 3948 simut
1085 3886 1192 3951 onmia
1210 3933 1236 3964 ,,.

230 4101 264 4160 Et
289 4097 355 4185 ἅμα
378 4097 465 4177 Θεὸς,
485 4096 551 4184 ἅμα
567 4095 684 4176 πάντα,
702 4088 787 4161 ἀΐδιοι
812 4097 929 4184 πάντα,
1028 4099 1061 4166 si
1075 4099 1161 4165 Deus
1173 4099 1279 4180 simul,
1292 4099 1388 4164 simul
1401 4100 1507 4164 omnia
1522 4102 1606 4180 sunt,
1621 4097 1727 4164 omnia

183 4195 289 4274 ἐπειδὴ
317 4205 393 4279 θεὸς
418 4194 524 4278 ἀΐδιος.
550 4209 585 4268 Εἰ
608 4194 641 4268 δὲ
659 4195 754 4282 itta,
780 4209 814 4270 et
839 4208 931 4296 γέγο-
983 4210 1057 4272 eunt
1081 4209 1220 4286 aeterna,
1244 4207 1319 4291 quia
1338 4205 1424 4271 Deus
1440 4210 1588 4271 aeternus
1611 4209 1668 4270 est.
1693 4202 1728 4269 Si

184 4330 243 4374 νον·
267 4312 304 4375 τὸ
328 4310 388 4400 γὰρ
414 4303 510 4376 ἀΐδιον
528 4311 582 4375 καὶ
598 4314 762 4384 ἀποίητον·
782 4313 850 4378 ἐπεὶ
874 4319 929 4379 οὐκ
982 4319 1122 4395 aeterne,
1147 4336 1211 4379 non
1234 4314 1320 4380 faeta
1342 4320 1433 4393 sunt;
1459 4315 1543 4398 quod
1570 4313 1654 4378 enim
1677 4335 1728 4380 ae-

183 4407 281 4480 ἀΐδιον
296 4411 337 4480 ὧν
355 4415 421 4504 ἅμα
438 4423 456 4490 ἡ
475 4411 612 4507 ὕπαρξις·
626 4418 644 4489 ἢ
659 4417 744 4482 κατὰ
758 4419 889 4507 φυσικὴν
903 4421 927 4502 ⁹)
982 4427 1119 4503 ternum,
1133 4422 1203 4486 fieri
1218 4423 1347 4506 nequit3
1363 4423 1537 4486 aeternitas
1553 4444 1652 4506 quum
1664 4442 1726 4485 non

183 4523 370 4589 ἀκολουθίαν
395 4527 432 4588 τὸ
457 4525 524 4612 ἅμα
547 4525 681 4615 ἔχουσιν,
704 4525 723 4598 ἢ
750 4526 834 4591 κατά
858 4531 939 4592 τινοῖ
981 4531 1024 4595 eit
1047 4553 1154 4596 rerum
1170 4554 1251 4615 quee
1267 4531 1362 4596 simul
1380 4553 1446 4597 esse
1466 4531 1634 4614 incipiunt,
1658 4551 1727 4594 eam
1832 4591 1835 4598 .

181 4641 237 4695 τοῦ
263 4623 434 4707 δεδωκότος
450 4626 549 4710 τάξιν.
567 4631 667 4698 Ἀλλὰ
685 4633 747 4723 μὴν
765 4635 836 4698 οὔτε
854 4636 929 4710 Θεὸς
981 4637 1101 4702 habent
1125 4638 1177 4702 vel
1199 4659 1235 4703 ex
1260 4637 1399 4704 naturali
1415 4637 1652 4721 consequentia,
1675 4636 1727 4700 vel

218 4863 239 4938 ¹)
252 4865 298 4920 Ex
311 4864 430 4922 Ooielin.
444 4866 497 4922 276
509 4866 529 4922 f.
545 4867 604 4922 150.
619 4866 662 4924 Ut
674 4866 820 4925 adversus
833 4869 926 4924 Meni·
979 4865 1025 4922 uti
1044 4864 1123 4936 alibi,
1143 4863 1276 4922 infauste
1296 4870 1460 4937 superstes.
1478 4864 1637 4936 Antipater
1654 4879 1726 4920 vero

182 4953 290 5013 ehaeos
300 4955 387 5012 Titus
395 4956 575 5028 Bostreneis‚
585 4957 628 5012 ite
638 4957 773 5032 ejusdem
784 4958 927 5014 eedisAn-
979 4956 1010 5012 in
1029 4955 1133 5029 primis
1146 4956 1292 5012 adversus
1309 4956 1497 5028 origenistas
1514 4956 1651 5014 inventus
1671 4959 1727 5026 est,

180 5043 297 5117 tipeter,
312 5047 432 5104 saeculo
451 5065 510 5104 uno
524 5047 640 5104 circiter
656 5049 765 5121 elapso,
780 5049 926 5121 pugnavit
980 5047 1031 5122 qui
1050 5049 1087 5103 ab
1106 5049 1245 5122 Aegypto
1259 5063 1377 5121 serpere
1394 5047 1473 5104 inter
1490 5048 1676 5117 Bostrenses‚
1696 5053 1728 5103 et

180 5132 326 5190 adversus
340 5135 439 5191 varios
452 5136 627 5192 haeretieoe
641 5137 753 5204 Quales
765 5155 837 5194 vero
856 5156 926 5210 pen·
978 5139 1153 5210 priusquam
1179 5137 1235 5193 snb
1264 5154 1338 5194 nevo
1363 5136 1546 5210 justinianeo
1572 5136 1727 5208 graviores

180 5220 309 5279 theietas
328 5222 358 5278 in
377 5224 517 5280 hocloco
538 5224 718 5296 inmutetur,
739 5225 814 5282 satis
833 5226 925 5282 ambi·
978 5229 1198 5285 controversiae
1217 5228 1363 5286 adversus
1389 5245 1440 5286 eos
1466 5227 1639 5297 exarserint,
1661 5228 1726 5300 pnl-

181 5327 274 5382 gnum
288 5317 341 5383 est,
362 5311 669 5385 nisifneritipsornm
686 5313 925 5372 Maniehaeornm
978 5317 1073 5374 tulare
1091 5320 1260 5389 potuerunt.

181 5399 328 5470 quaedam
340 5400 443 5474 spuria
456 5402 581 5474 soboles,
596 5401 693 5458 adhue
708 5401 788 5459 inter
799 5405 924 5476 Arabas,
1014 5405 1038 5478 ²)
1056 5401 1127 5461 eod.
1148 5407 1257 5476 φυσικόν.
