3978 6070
478 561 702 639 Αηίαίιίανίυ
719 565 785 638 iter
803 566 1002 639 animarum
1020 567 1068 639 οιί
1086 567 1256 660 quoddam
1273 566 1399 640 ίαηιεη.
1677 579 1714 636 53

168 733 222 822 μέν
247 727 279 812 ἐξ
301 735 430 824 ούρανοῦ
454 733 633 825 ἀφιγμέναι,
649 745 810 826 προσεχῶς
826 736 993 803 τεθέανται
1008 737 1051 804 τά
1071 737 1171 829 κράτη
1191 749 1254 803 τῶν
1279 740 1439 830 ούρανίων,
1463 738 1517 806 καί
1542 739 1718 831 μέμνηνται

167 853 225 918 τῆς
248 843 401 919 ποιήσεως
426 846 540 920 αὐτῶν,
564 846 648 935 εἴπερ
665 845 798 910 καὶτῶν
815 845 985 912 εὐπαθειῶν
1008 856 1072 912 τῶν
1098 846 1273 937 θεαμάτων·
1300 838 1389 913 αἰδὲ
1413 848 1474 913 ἀπὸ
1498 858 1561 913 τῶν
1585 849 1644 914 ύπθ
1659 860 1719 940 γῆς

168 943 407 1042 δικαιωτηρίων,
423 955 459 1017 ἐκ
475 961 537 1017 τῶν
555 955 621 1018 ἐκεῖ
636 943 792 1043 δειμάτων
805 947 1028 1046 εύλαύέστεραι
1041 967 1209 1050 γεγονυῖαι,
1226 957 1280 1020 καί
1298 949 1416 1020 ἰδοῦσαι
1432 955 1490 1028 τὴν
1509 947 1638 1044 δύναμιν
1654 965 1718 1020 τῶν

168 1057 359 1149 ὑποχθονίων
378 1050 542 1150 δαιμόνων,
560 1063 767 1150 ἀνεγείρουσιν
791 1060 904 1138 ἑαυτάς
930 1067 971 1139 εἰς
987 1063 1046 1136 τὴν
1062 1074 1118 1130 τοῦ
1136 1069 1263 1156 ούρανοῦ
1280 1065 1473 1137 κατανόησιν
1490 1064 1543 1130 καὶ
1561 1065 1599 1130 τό
1616 1057 1718 1142 σέόας,

128 1199 141 1238 ς
169 1169 353 1255 φρίττουσαι
375 1169 429 1233 τόν
455 1171 588 1257 ἀλαμπῆ
614 1169 668 1233 καί
692 1170 751 1235 ὑπό
775 1181 834 1262 γῆς
858 1171 970 1236 τόπον·
994 1173 1070 1238 ὥστ’
1094 1173 1221 1250 εἰκότως
1246 1172 1420 1265 ἀμφότεραι
1443 1164 1495 1238 διά
1518 1171 1637 1249 ταύτας
1661 1171 1718 1248 τάς

169 1277 280 1353 αἰτίας,
306 1282 347 1351 εἰς
370 1277 408 1342 τό
431 1287 493 1340 πᾶν
519 1277 684 1361 βλέπουσιν
706 1277 790 1344 κατά
814 1278 870 1354 τάς
894 1280 1071 1370 ἀφεστώσας
1096 1273 1240 1371 δυνάμεις
1264 1291 1333 1357 ταῖς
1355 1290 1418 1346 τῶν
1435 1276 1541 1370 ψυχῶν
1566 1270 1718 1355 καθόδοις·

169 1379 232 1449 οῖον
250 1386 279 1448 εί
299 1409 380 1460 τινες
403 1385 563 1469 πλέοντες,
587 1389 696 1452 ἔπειτα
719 1397 859 1478 χειμῶνα
887 1379 1130 1478 προσδοκῶντες,
1157 1387 1229 1463 τούς
1254 1379 1447 1478 διοσκούρους
1470 1388 1642 1462 ἐννοήσοιεν
1666 1387 1721 1452 καί

169 1491 281 1569 αύτούς
304 1507 345 1563 »ἰ-ἰ-
366 1493 438 1571 τοὺς
461 1495 600 1571 ἐναλίους
624 1484 784 1584 δαίμονας,
809 1487 845 1560 δι’
870 1489 912 1560 ὧν
936 1502 955 1571 ἠ
983 1499 1123 1588 σωτηρία
1147 1496 1248 1585 μόνων
1268 1506 1333 1572 τοῖς
1356 1505 1488 1585 χειμῶνι
1511 1495 1719 1586 χρησαμένοις

168 1601 263 1664 ἐστίν.
287 1602 366 1690 Πρός
391 1593 424 1667 δέ
446 1601 571 1678 τούτοις
595 1601 648 1666 καί
670 1601 713 1668 τά
736 1605 934 1694 περικείμενα
956 1617 1025 1682 ταῖς
1043 1602 1155 1695 ψυχαῖς
1172 1605 1301 1681 ἐκείναις
1325 1605 1487 1694 ὀχήματα,
1512 1601 1718 1694 καθαρώτερα

56 1695 59 1701 ’
117 1739 142 1776 ιο
169 1717 231 1772 τῶν
248 1700 428 1800 όστρεωδῶν
444 1709 565 1776 τούτων
582 1711 659 1776 όντα
676 1711 842 1801 σωμάτων,
857 1713 911 1778 καί
928 1713 1154 1805 συγγενέστεραι
1166 1714 1240 1805 πρός
1257 1714 1347 1780 τόνον
1364 1712 1449 1780 κατὰ
1463 1712 1561 1803 φύσιν,
1574 1713 1720 1786 ἀνίστησι

169 1816 223 1882 καί
245 1815 302 1892 τάς
325 1816 488 1908 χρώμενας
512 1821 618 1896 αὺτοῖς
1202 1813 1211 1826 ’

169 2036 190 2101 f.
212 2037 285 2117 129,
302 2035 446 2101 truncati
463 2037 483 2102 8
500 2058 583 2102 vers.
601 2033 741 2123 σώμασιν
759 2039 800 2111 είς
818 2034 921 2124 θαῦμα
946 2035 1028 2101 καί...
1046 2047 1149 2102 πᾶσαν
1171 2035 1230 2113 τὴν
1255 2037 1405 2130 γένεσιν...
1430 2036 1485 2127 μέν
1510 2041 1631 2127 μᾶλλον
1656 2046 1719 2102 τῶν

169 2138 275 2231 ψυχῶν
285 2191 291 2204 .
303 2191 309 2204 .
320 2191 326 2204 .
336 2140 464 2229 νσμένου
478 2134 641 2229 συμύαίνει
652 2142 706 2206 καί
718 2146 819 2233 ἐροῦσι
829 2195 836 2210 .
847 2195 854 2210 .
865 2196 872 2211 .
882 2166 958 2220 σεως
975 2146 1077 2209 αὐτῶν
1093 2145 1147 2211 καί
1162 2156 1225 2210 τῶν
1242 2145 1358 2212 ἐκεῖθεν
1372 2146 1618 2237 προτεινομένων
1635 2143 1721 2211 κατά

169 2249 228 2322 τὴν
245 2251 417 2339 ἀναλογίαν
433 2260 489 2314 τοῦ
507 2249 675 2339 θαύματος,
693 2256 733 2327 ὡς
752 2256 794 2327 εἰς
807 2253 969 2316 ἐπίστασιν
985 2252 1060 2317 ἰέναι
1073 2251 1201 2317 καὶτῶν
1218 2253 1501 2342 ἀποκληρουμένων
1519 2256 1627 2328 αύταῒς
1640 2254 1720 2317 ἐκεί-

116 2405 142 2442 15
170 2358 221 2423 θεν
237 2358 257 2432 ἢ
275 2358 493 2450 ἐναργέστερον
510 2358 530 2431 ἢ
549 2349 770 2449 ἀμυδρότερον.
789 2358 856 2450 Ἐφ’
872 2359 970 2425 ἅπασι
985 2350 1020 2426 δέ
1035 2371 1100 2437 τοῖς
1117 2361 1298 2452 εἰρημένοις,
1315 2362 1368 2426 καί
1384 2362 1480 2438 τόπος
1496 2366 1609 2437 ἐκεῖνος
1626 2365 1667 2437 εἰς
1684 2359 1717 2424 όν

170 2465 383 2557 συνελέγησαν
399 2477 522 2555 πρῶτον
540 2464 606 2555 μὲν,
624 2466 674 2530 ότι
691 2465 832 2556 μάλιστα
849 2465 1073 2558 καθαρώτατος
1090 2465 1143 2553 ών,
1159 2469 1214 2534 καί
1231 2474 1270 2546 ὡς
1286 2473 1399 2546 ἐντοῖς
1416 2469 1532 2546 ἐνύλοις
1554 2469 1720 2557 στοιχείοις

170 2573 272 2653 ἀύλσς,
297 2577 407 2640 ἔπειτα
430 2574 484 2639 καὶ
507 2575 716 2664 ἐπιφοιτήσεις
732 2576 812 2664 ἔχων
830 2566 986 2664 δαιμόνων
1011 2575 1148 2666 ἀγαθῶν,
1173 2579 1274 2669 ώσπερ
1299 2581 1314 2641 ό
1338 2568 1419 2664 τῇδε
1442 2577 1537 2653 τόπος
1562 2568 1717 2665 δαιμόνων

169 2691 322 2774 πονηρῶν,
336 2686 458 2772 ἀφανῶς
474 2682 761 2773 προσκολλωμένων
777 2688 864 2770 ἡμῖν,
883 2683 936 2748 καί
953 2674 1097 2775 δρώντων
1115 2684 1136 2750 ἀ
1152 2676 1189 2759 δὴ
1209 2687 1263 2752 καί
1280 2678 1354 2777 δρᾶν
1371 2697 1436 2763 τοῖς
1452 2686 1606 2762 τοιούτοις
1618 2687 1718 2774 φιλον·

171 2797 212 2869 είς
235 2789 256 2855 ἀ
279 2791 333 2856 καί
356 2795 372 2855 ό
395 2796 427 2857 ἐν
451 2782 579 2881 Φαίδρῳ
603 2790 774 2880 Σωκράτης
798 2782 996 2877 ἀπσύλέπων,
1013 2793 1087 2883 πρὸς
1104 2803 1145 2880 τῇ
1167 2793 1341 2861 ἀποστάσει
1363 2805 1422 2871 τῆς
1446 2792 1515 2870 θέας
1539 2804 1595 2858 τοῦ
1619 2793 1719 2878 ὄντος,

116 2941 143 2979 ,0
171 2899 330 2987 ᾐτιάσατο
352 2899 406 2964 καί
423 2901 589 2988 συντυχίας
607 2898 691 2974 τινάς
707 2897 860 2989 κατάγειν
878 2903 920 2976 εἰς
935 2899 1039 2973 λήθην
1056 2901 1109 2965 καί
1124 2903 1236 2967 κακίαν
1253 2902 1313 2977 τὴν
1330 2899 1443 2992 ψυχάν.
1465 2902 1598 2979 Ἐκεῖνος
1623 2891 1648 2964 δ’
1665 2893 1717 2966 σύν

171 3012 187 3071 ό
211 3007 306 3083 τόπος
330 2997 382 3072 διά
406 3030 442 3072 τε
465 3005 525 3080 τὴν
549 3006 739 3080 λεπτότητα
763 3017 818 3072 τοῦ
835 3005 953 3097 αἰθέρος
969 3009 1023 3073 καί
1038 3010 1098 3082 τὴν
1115 3009 1260 3101 εύάγειαν
1278 3015 1320 3086 εἰς
1337 3006 1491 3100 έλλαμψιν
1516 3007 1719 3103 ἀγαθουργῶν

171 3114 357 3207 πνευμάτων
381 3106 557 3191 ἐπιτήδειος
580 3113 638 3199 ών,
663 3119 697 3179 ού
722 3112 914 3205 θαυμάσαις,
937 3121 964 3180 εἰ
987 3118 1042 3181 καί
1066 3108 1118 3184 διά
1141 3119 1263 3183 τούτων
1288 3119 1447 3191 άνακινοίη
1473 3117 1530 3193 τάς
1553 3114 1653 3206 ψυχάς
1677 3121 1718 3191 εἰς

172 3223 231 3297 τόν
255 3233 319 3288 τῶν
342 3225 422 3288 ὅλων
449 3222 589 3312 θεωρίαν,
613 3223 667 3286 καί
691 3213 820 3310 δύναμιν
845 3223 952 3313 μέντοι
975 3226 1050 3316 πρός
1066 3236 1160 3291 τοῦτο
1180 3225 1287 3298 ἱκανὴν
1304 3216 1451 3308 ἐνδιδοίη,
1474 3227 1637 3313 πείσματα
1661 3233 1719 3301 τῆς

172 3331 305 3399 ἐνταῦθα
328 3326 410 3410 ζωῆς
435 3335 560 3421 ἀσφαλῆ
586 3332 681 3395 ποίων
707 3331 804 3408 αὑτάς
828 3324 1096 3406 καταύάλλεσθαι,
1114 3322 1152 3396 δι’
1171 3326 1213 3396 ὧν
1234 3322 1347 3396 εἰδυῖαι
1363 3329 1405 3396 τά
1427 3340 1634 3420 περιεστῶτα,
1659 3329 1718 3406 τάς

118 3477 145 3514 2⁵
174 3440 299 3532 αἱρέσεις
323 3441 478 3528 όφειλουσι
499 3437 656 3503 ποιεῖσθαι
672 3447 734 3503 τῶν
753 3440 836 3523 βίων·
854 3449 947 3503 τοῦτο
966 3437 1020 3527 μέν
1038 3433 1089 3504 σύν
1105 3432 1282 3529 ἠξιώσαμεν
1298 3437 1436 3504 πιθανῶν
1456 3437 1569 3531 λόγων,
1594 3439 1634 3515 ὥς
1658 3437 1718 3528 ἀρα

173 3539 260 3615 ούδέν
284 3548 409 3624 ἀπεικός
431 3555 535 3612 πᾶσαν

171 3769 195 3836 f.
214 3769 277 3834 129
295 3790 336 3847 ν.,
355 3767 468 3833 eadem
484 3766 619 3832 lacuna:
638 3761 819 3854 αἱρέσεις...
837 3763 923 3848 βίων,
939 3752 1099 3837 ἐπειδὴ...
1116 3766 1147 3829 ἐν
1164 3773 1210 3848 τῷ
1226 3766 1354 3852 λειμῶνι
1376 3751 1558 3851 διατρίύειν.
1570 3810 1594 3825 ..
1619 3756 1720 3850 ψυχάς

172 3873 398 3950 ἀπαναστάσας
412 3865 445 3938 δέ
457 3870 482 3960 ¹)
499 3864 576 3938 δ’ἐκ
587 3882 642 3937 τοῦ
659 3875 810 3962 λειμῶνος
827 3874 950 3938 ἀπιέναι
967 3863 1019 3936 διά
1031 3872 1192 3963 τεττάρων
1209 3871 1313 3936 ἄλλων
1329 3878 1453 3962 ἡμερῶν
1469 3871 1511 3946 εἰς
1526 3893 1598 3934 τινα
1611 3868 1719 3955 τόπον,

171 3988 202 4050 έν
227 3977 251 4068 ᾧ
275 3981 443 4073 γενομένας
467 3991 529 4071 φῶς
552 4006 585 4046 τι
601 3979 736 4072 καθορᾶν
753 3972 805 4046 διά
821 3991 877 4046 τοῦ
894 3983 1024 4071 ούρανοῦ
1040 3980 1225 4069 τεταμένον·
1242 3977 1382 4045 ἐντεῦθεν
1401 3968 1435 4043 δέ
1453 3976 1549 4043 πάλιν
1573 3966 1625 4041 διά
1649 3985 1721 4065 μιᾶς

115 4137 143 4175 ,ο
170 4090 287 4180 ἡμέρας
311 4089 410 4165 ἀλλης
434 4086 629 4178 ἀφικνεῖσθαι
650 4093 691 4164 εἰς
716 4088 818 4178 ἕτερον
843 4089 952 4171 τόπον,
977 4093 1029 4178 ἀφ’
1055 4084 1088 4154 ού
1111 4089 1171 4161 τὴν
1189 4087 1288 4179 ἀρχόν
1312 4099 1368 4152 τοῦ
1392 4087 1494 4178 φωτός
1518 4083 1618 4157 αὐτὴν
1642 4109 1720 4174 τρα-

171 4199 311 4288 νέστερον
335 4195 515 4263 ἐποπτεύειν
540 4190 624 4274 ἀξιον
648 4193 884 4286 ἐπισκέψασθαι.
909 4198 971 4262 Καὶ
995 4198 1075 4274 τίνες
1098 4207 1221 4287 πρῶτον
1245 4196 1321 4261 εἰσίν
1346 4204 1379 4260 αἰ
1401 4193 1526 4284 ἡμέραι,
1550 4192 1604 4258 καί
1627 4194 1665 4257 τί
1682 4191 1720 4256 τό

169 4305 289 4382 πλῆθος
314 4308 417 4370 αὐτῶν
427 4331 435 4383 ;
447 4303 523 4369 Ὄτι
539 4304 593 4394 μέν
610 4303 670 4396 γάρ
687 4309 722 4371 ἐκ
742 4305 863 4372 τούτων
880 4311 899 4379 ἠ
920 4295 1068 4379 δυοδεκάς
1085 4313 1147 4368 τῶν
1163 4301 1256 4386 ἑπτά,
1273 4313 1335 4368 τῶν
1358 4299 1530 4390 τεττάρων,
1555 4310 1613 4376 τῆς
1637 4307 1720 4387 μιᾶς,

171 4414 309 4505 φανερόν.
334 4416 466 4502 Εἴρηται
490 4404 523 4478 δὲ
548 4404 760 4480 δωδεκαταῒσν
778 4413 829 4478 ἐπὶ
844 4423 885 4504 γῇ
904 4413 1132 4502 παρακείμενον
1155 4404 1325 4476 ἀναύιῶναι
1340 4411 1396 4475 τόν
1413 4401 1504 4499 Ἥρα,
1520 4409 1576 4473 τόν
1599 4406 1719 4472 τούτων

170 4523 305 4614 ἄγγελον
328 4527 404 4611 ἡμῖν
428 4531 491 4586 τῶν
514 4521 617 4612 λόγων
641 4521 818 4612 γενόμενον·
843 4519 913 4584 ἀλλ’
938 4521 1011 4609 ὅπερ
1028 4521 1115 4609 ἐφην,
1131 4521 1179 4596 τίς
1200 4523 1215 4582 ό
1240 4516 1377 4609 ἀριθμός,
1402 4518 1436 4581 ού
1459 4515 1619 4607 παρέργως
1642 4518 1718 4602 ἡμῖν

114 4673 143 4711 ,ς
171 4625 363 4709 ἐξεταστέον.
388 4630 449 4694 Καὶ
472 4630 530 4719 πρὸ
554 4629 687 4714 τούτων,
711 4633 739 4693 εἰ
761 4623 900 4708 ζωτικῶς
917 4627 1010 4716 μόνον
1029 4618 1077 4692 δεῖ
1091 4626 1163 4703 τούς
1180 4625 1326 4716 ἀριθμούς
1343 4629 1428 4715 ὁρᾶν,
1444 4622 1498 4688 καί
1521 4622 1578 4698 τάς
1600 4621 1718 4710 ἡμέρας

172 4732 367 4830 συμύολικῶς
385 4737 516 4813 ἀκούειν,
533 4742 574 4813 ώς
588 4735 648 4808 τὴν
661 4736 784 4825 χιλιέτη
802 4737 928 4826 πορείαν
947 4733 964 4807 ἢ
982 4735 1036 4799 καὶ
1052 4735 1149 4809 ύντως
1167 4732 1401 4823 μετανάστασιν
1419 4731 1480 4796 ἀπὸ
1497 4740 1553 4795 τοῦ
1568 4732 1719 4816 λειμῶνος

172 4844 307 4918 τοπικὴν
323 4837 540 4934 ἐκλαμύάνειν.
557 4845 600 4908 Τό
617 4843 673 4931 μὲν
690 4836 813 4908 οὖντοῦ
831 4841 927 4931 μύθου
944 4842 1092 4934 λέγοντος
1111 4843 1208 4932 μόνην
1225 4841 1350 4931 πορείαν
1364 4839 1419 4905 καὶ
1431 4839 1553 4930 χρόνον,
1569 4839 1719 4928 ἑκατέρας

171 4953 225 5018 καί
249 4953 362 5029 τόπους
386 4946 553 5042 ὁρίζοντος,
577 4942 633 5015 ῶδί
658 4950 712 5041 μέν
728 4961 788 5026 τῆς
804 4949 931 5040 πρώτης
947 4960 1003 5016 τοῦ
1021 4951 1121 5040 φωτός
1139 4948 1219 5026 θέας,
1244 4940 1301 5012 ὡδί
1325 4939 1359 5012 δέ
1381 4948 1435 5012 καί
1457 4958 1516 5023 τῆς
1540 4951 1639 5037 ἀρχῆς
1663 4953 1719 5009 τοῦ

172 5062 284 5152 φωτός,
308 5067 390 5151 ἡμᾶς
414 5065 536 5151 ἀφεῖναι
559 5063 722 5135 παντελῶς
746 5057 803 5136 τάς
828 5050 1019 5142 διαστάσεις,
1035 5058 1140 5124 σύκέτι
1163 5050 1326 5136 σωζόντων
1351 5057 1410 5129 τήν
1434 5064 1497 5120 τῶν
1521 5052 1719 5145 πλασμάτων

210 5398 232 5476 ¹)
253 5400 344 5476 ngno
363 5400 426 5459 σού.
445 5398 609 5458 remittitur
632 5398 671 5457 ad
688 5400 867 5474 marginem,
887 5400 918 5459 in
936 5417 995 5475 quo
1013 5399 1160 5474 quaedam
1180 5403 1374 5458 evanuerunt.
