4008 6068
285 525 321 580 46
869 514 925 591 Dc
943 517 1054 592 cadim
1072 517 1256 592 dorcensi.

285 711 399 775 graece
415 689 572 755 ineditum
584 690 683 756 latius
700 691 733 756 iu
749 690 872 760 Potrot.
888 698 913 758 t.
930 715 1034 772 cxxxv,
1089 691 1148 759 Oui
1172 694 1270 780 operi,
1294 695 1321 759 si
1343 693 1445 760 altera
1467 717 1542 778 pars
1565 694 1702 774 additur,
1727 694 1833 762 oleum

284 795 348 861 col.
375 797 472 862 1143.
497 796 584 881 Lege
607 797 691 864 infra
714 821 746 884 p.
772 801 825 866 50.
1090 821 1155 866 non
1177 801 1299 867 frustra
1314 800 1425 867 doctus
1442 802 1546 867 editor
1561 803 1709 868 absumet
1725 803 1759 868 iu
1782 823 1836 869 co·

329 904 404 971 Vll.
429 905 485 970 fol.
510 906 670 972 303-317.
690 911 744 971 Ἐκ
762 916 816 971 τοῦ
834 898 955 992 duillios
979 918 1034 971 τοῦ
1089 908 1157 974 dice
1180 907 1333 974 Jauueusi
1358 907 1560 975 conferendo.

285 1011 375 1101 ἁγίου
392 1009 580 1101 Νικηφόρον.
597 1011 678 1079 Sunt
695 1036 809 1081 novem
834 1015 975 1100 capitula
999 1039 1035 1082 er
1133 1013 1189 1079 fol.
1207 1015 1282 1096 342,
1300 1013 1463 1102 Προοίμιον
1481 1014 1634 1103 χρήσεων.
1652 1015 1838 1102 Sequuntur

284 1122 433 1206 operibus
450 1123 551 1189 sancti
566 1123 767 1208 patriarchae
782 1125 875 1191 editis
893 1129 950 1191 aut
968 1126 1034 1192 ine·
1087 1124 1294 1210 septuaginta
1315 1146 1368 1190 sex
1385 1123 1518 1191 Petrum
1534 1127 1726 1207 testimonia,
1739 1126 1834 1192 scho-

284 1228 369 1310 ditis,
387 1249 523 1316 quorum
541 1232 646 1296 tomus
661 1230 787 1316 integer
803 1231 889 1317 apud
908 1253 965 1298 nos
981 1254 1034 1298 su·
1088 1230 1139 1296 liis
1151 1230 1337 1297 intermixta
1348 1231 1485 1313 Leontii,
1499 1255 1579 1318 quae
1592 1233 1733 1318 exceptis
1745 1233 1836 1300 scho-

283 1339 392 1420 perest
414 1335 524 1421 praelo
549 1341 696 1421 paratus,
1087 1335 1150 1419 liis,
1174 1337 1274 1404 latine
1297 1343 1423 1406 exstant
1443 1340 1476 1406 iu
1498 1337 1692 1406 lectionibus
1716 1337 1834 1406 Gauisii

326 1441 418 1511 VIII.
442 1443 498 1510 fol.
523 1445 598 1511 318.
626 1444 736 1512 Photii
766 1446 804 1512 de
834 1447 1033 1532 processione
1088 1447 1242 1536 (Basnag.
1259 1448 1335 1514 edit.
1355 1450 1396 1531 1),
1414 1453 1447 1516 et
1463 1470 1576 1536 graece
1594 1449 1662 1516 fers
1679 1449 1786 1516 omnia
1800 1449 1833 1515 iu

284 1549 423 1638 Spiritus
446 1554 558 1620 saneti.
582 1553 635 1629 Τίς
652 1553 741 1630 ὅλως,
759 1554 882 1623 Patrol.
906 1577 955 1638 cn,
972 1555 1033 1624 col.
1088 1553 1235 1623 Conciliis
1257 1561 1291 1622 et
1313 1556 1399 1641 apud
1422 1556 1462 1624 A.
1486 1555 1624 1638 hlaium,
1648 1580 1668 1623 a
1690 1579 1753 1642 quo
1776 1578 1833 1623 no·

288 1659 443 1728 725-729.
1086 1670 1191 1734 tatur:
1218 1665 1328 1733 ‘Cum
1350 1665 1501 1753 legantur
1524 1667 1590 1732 sive
1617 1666 1650 1731 in
1681 1665 1831 1752 operibus

326 1769 443 1843 ÷1x.
460 1769 516 1836 fol.
531 1772 595 1838 318
609 1771 669 1840 col.
685 1773 717 1854 3,
733 1761 894 1862 crotopus
911 1771 1032 1862 ipris-u·
1088 1772 1219 1840 Patrum
1243 1796 1263 1839 a
1291 1773 1383 1839 nohis
1414 1771 1507 1839 editis
1538 1774 1605 1839 sive
1634 1773 1667 1838 in
1698 1772 1832 1840 concilio

286 1897 331 1952 εις
349 1875 404 1940 καί
421 1877 591 1968 ἀπόκρισις.
608 1879 690 1948 Sunt
712 1905 826 1949 novem
848 1884 1033 1950 brevissima
1086 1880 1331 1948 Chalcedonensi
1354 1879 1414 1965 (ed.
1432 1881 1535 1964 Rom,
1561 1885 1624 1948 act.
1641 1905 1681 1962 rr,
1697 1903 1729 1966 p.
1756 1881 1832 1960 111)

284 1987 449 2070 opuscula,
472 1989 558 2056 inter
586 2011 667 2075 quae
697 2012 805 2075 opusc.
829 2014 854 2057 11
878 1997 910 2058 et
933 2016 1030 2074 xxxiv,
1086 1988 1253 2074 plerasque
1268 1988 1321 2054 hic
1333 1988 1521 2068 omittimus,
1539 1988 1649 2074 paucis
1662 1987 1832 2054 admodum

283 2092 883 2179 Parrot.xcv11,e01.1473,1585.cf.
908 2097 941 2166 S.
965 2099 1032 2166 Ma-
1085 2098 1220 2164 retentis
1243 2097 1409 2182 (tredecim
1432 2119 1472 2163 ex
1495 2099 1669 2178 anecdotis)
1687 2148 1715 2177 ,.

282 2197 368 2282 rimi,
392 2200 514 2270 Patrol.
531 2225 588 2285 ror,
605 2204 666 2270 col.
683 2206 759 2286 214,
776 2206 939 2273 Anastasii
961 2207 1032 2274 Ho-
1129 2203 1243 2270 Patres
1255 2202 1503 2270 veroaLeoutio
1513 2205 1640 2272 adducti
1653 2209 1743 2271 suut:
1756 2202 1833 2269 Am·

282 2306 351 2390 dep.
375 2312 435 2375 ete.
1084 2312 1219 2393 brosius,
1242 2310 1496 2397 Amphilochius,
1520 2309 1699 2378 Antiochus
1723 2311 1832 2378 Ptole-

326 2413 366 2482 X.
384 2416 441 2483 fol.
454 2418 530 2500 322,
543 2409 686 2507 Μαξίμου
698 2418 785 2495 λύσις
797 2419 872 2512 πρὸς
885 2425 1029 2511 Μοιρῖνον.
1084 2421 1213 2502 maides,
1229 2419 1436 2502 Athanasius,
1452 2419 1663 2506 Augustinus,
1680 2420 1830 2501 Basilius,

282 2523 406 2592 Potrol.
429 2549 489 2608 xor,
513 2527 573 2594 col.
598 2529 673 2596 218.
880 2548 884 2555 ·
1084 2527 1262 2595 Concilium
1275 2526 1511 2595 Antiochenam
1528 2529 1676 2595 adversus
1693 2527 1829 2594 Paulum

326 2631 382 2698 Xl.
417 2632 473 2699 fol.
506 2635 664 2716 328-352,
697 2638 842 2700 Λεοντίου
875 2637 1028 2728 πρόλογος
1084 2637 1340 2718 samosatenum,
1365 2635 1517 2723 Cyriacus
1549 2636 1735 2722 Papheusis,
1759 2635 1829 2723 Cy·

282 2735 381 2828 ἥγουν
405 2736 517 2830 θεωρία
540 2750 598 2818 τῆς
615 2744 820 2833 ὑποκειμένης
845 2740 1028 2825 συντάξεως.
1083 2745 1175 2811 rillus
1199 2744 1445 2824 Alexandrinus,
1474 2742 1615 2829 Gyrillus
1638 2741 1826 2829 Hierosoly·

282 2844 371 2931 Opus
394 2849 518 2936 insigne
539 2873 576 2919 ac
591 2853 659 2920 fere
675 2855 837 2940 integrum
854 2856 887 2921 in
906 2858 1028 2924 Pctrol.
1084 2854 1241 2934 mitanus,
1265 2851 1438 2937 Ephraem,
1467 2851 1655 2932 Flavianus,
1684 2849 1830 2916 Golasius

279 2976 397 3036 urxrvr,
422 2962 506 3042 part.
532 2959 562 3040 1,
586 2959 646 3027 col.
672 2962 758 3028 1267
786 2985 856 3048 sqq.
881 2985 917 3028 er
940 2962 1027 3043 Maii,
1083 2961 1301 3038 Caesariensis,
1316 2960 1490 3045 Gregorius
1503 2959 1733 3039 Nazianzenus,
1746 2957 1828 3024 Gre-

283 3059 397 3146 Spieil.
414 3066 505 3134 Rom.
522 3071 547 3134 t.
563 3091 594 3148 r,
610 3090 642 3153 p.
661 3070 691 3136 1.
707 3069 835 3138 Titulus
852 3075 917 3137 est:
935 3075 1029 3135 Λεον-
1083 3070 1192 3155 gorius
1205 3069 1380 3155 Nysseuus,
1393 3067 1542 3134 Hilarion
1555 3067 1714 3153 (Hilarius
1725 3066 1831 3134 Picta·

281 3168 349 3234 τίου
381 3183 521 3262 μοναχοῦ
544 3175 634 3268 λόγοι
657 3167 684 3267 γ’
709 3175 793 3241 κατὰ
817 3182 1027 3266 Νεστοριαοῶν
1081 3177 1220 3258 iriensis),
1237 3175 1436 3260 Hippolytus
1451 3173 1648 3256 Portuansis,
1667 3174 1828 3254 Irenaeus,

273 3276 336 3340 ’καί
349 3281 610 3370 Εὐτυχιανιοτῶν,
628 3285 746 3372 dequo
763 3309 865 3372 nuper
880 3287 950 3353 fuse
967 3287 1028 3353 dis·
1081 3285 1232 3364 Isidorus,
1248 3283 1387 3350 Joanues
1404 3281 1660 3367 chrysostomus,
1676 3280 1828 3361 Isidorus,

280 3389 383 3454 seruit
406 3387 498 3458 Fred.
522 3392 619 3461 Loofs
634 3394 666 3460 in
691 3394 846 3462 Leontius
872 3417 933 3462 von
956 3395 1028 3482 By·
1081 3391 1188 3459 Julius
1218 3389 1293 3469 PR,
1324 3391 1481 3470 Justinus,
1513 3388 1678 3469 Leontius,
1708 3386 1828 3453 Paulus

281 3517 376 3579 scus,
385 3499 454 3565 und
464 3500 960 3587 yloichmomr'yendchriftstcltcr
972 3505 1029 3570 der
1084 3501 1268 3582 Emeseuus,
1293 3499 1407 3566 Petrus
1426 3496 1671 3578 Alexandrinus,
1695 3495 1828 3562 Proclus

282 3601 492 3674 Griecdschcu
501 3607 631 3690 Kirchc,
641 3613 717 3692 eret,
728 3609 766 3677 B.
776 3609 917 3696 Leipzig.
930 3611 1026 3676 1887.
1081 3608 1462 3694 constantinopolitanus.
