3978 6070
264 491 300 554 ⁶2
743 491 828 584 Οκίε
847 491 1007 585 Αηοηίιο,
1026 494 1097 568 sive
1116 491 1338 570 Necessitas?

263 669 365 732 αὐτῶν
390 664 619 756 ὑπερφέρουσιν·
643 665 726 730 οὕτω
742 666 830 739 καίή
850 675 912 730 τῶν
930 665 1006 732 θεῶν
1025 668 1132 758 μήτηρ
1149 667 1253 746 πάσης
1277 667 1360 734 ἐστίν
1381 679 1439 745 της
1464 659 1691 764 δημιουργικῆς
1715 679 1816 765 σειρᾶς

263 773 317 838 καὶ
339 766 529 864 ζωογονικῆς
553 773 804 864 ὑπερηπλωμένη
830 773 961 867 παρήγα
1617 797 1620 802 ·

264 991 288 1058 f.
307 991 380 1071 140,
399 992 509 1057 mutili
526 993 547 1057 4
563 1015 665 1060 νοτες
692 984 1028 1083 ...διασκόσμησιν...
1054 995 1187 1084 μητέρες
1203 995 1275 1060 ἀλλ’
1293 1001 1348 1073 ῶς.
1361 1046 1384 1061 ..
1403 996 1552 1086 χθέντων·
1570 989 1677 1071 ἐπειδὴ
1704 989 1737 1065 δὲ
1759 1003 1816 1065 οόκ

263 1090 322 1176 ἐξω
345 1101 465 1163 ἑαυτῶν
489 1108 636 1188 γεννῶσιν
660 1097 680 1162 ἀ
704 1089 742 1172 δή
768 1099 822 1164 καί
843 1101 993 1190 λέγονται
1016 1111 1145 1191 γεννᾶν·
1167 1107 1198 1167 ἐν
1222 1114 1288 1179 τοῖς
1315 1108 1436 1169 ἑαυτῶν
1460 1104 1502 1170 τά
1526 1105 1718 1196 γεννηθέντα
1741 1113 1814 1197 παρ’

224 1224 237 1262 ⁶
263 1208 366 1270 αὐτῶν
383 1205 511 1282 κόλποις
524 1198 714 1299 έδράζουσιν,
729 1209 832 1298 ώσπερ
845 1219 886 1300 γῆ
900 1207 1007 1274 πάντα
1018 1207 1080 1274 ὅσα
1095 1211 1277 1294 βλαστάνει,
1294 1206 1452 1303 ῥιζώσασα
1467 1215 1498 1277 ἐν
1515 1217 1613 1299 ἑαυτῇ
1633 1213 1816 1298 βλαστάνει,

263 1313 318 1377 καί
334 1304 387 1378 ὅδε
403 1313 518 1405 κόσμος
534 1315 672 1404 περιέχει
695 1314 737 1380 τά
760 1320 873 1380 ἑαυτοῦ
889 1317 1084 1407 γεννήματα·
1102 1321 1211 1402 πολλῷ
1227 1319 1288 1411 γάρ
1305 1319 1425 1384 τούτων
1440 1313 1585 1409 μειζόνως
1602 1327 1635 1386 αί
1650 1321 1816 1411 ἀσώματοι

264 1411 409 1510 δυνάμεις
426 1424 496 1488 εἴσω
511 1433 570 1499 τῆς
586 1428 706 1488 ἑαυτῶν
724 1416 883 1513 δυνάμεως
900 1427 1140 1490 κατακλείουσιν
1157 1425 1214 1503 τάς
1231 1437 1293 1491 τῶν
1311 1428 1538 1519 παραγομένων
1561 1422 1714 1519 ὑπάρξεις.
1739 1429 1818 1495 Θεό-

262 1553 360 1607 τητες
384 1525 436 1595 οὖν
459 1538 534 1597 εἰσιν
559 1537 590 1596 αί
614 1535 746 1622 μητέρες
771 1531 858 1616 θεῶν,
883 1532 988 1596 ἀλλων
1011 1534 1238 1622 περιληπτικαί
1261 1535 1314 1598 καί
1330 1535 1509 1624 χωρητικαὶ
1533 1535 1587 1598 καί
1609 1538 1816 1626 παρακτικαί·

263 1639 375 1705 καίού
400 1631 449 1705 δεῖ
472 1639 610 1730 μητέρας
635 1642 842 1718 ἀκούσαντας,
866 1646 907 1718 εἰς
931 1639 991 1712 τήν
1015 1644 1093 1714 ὕλην
1117 1641 1203 1718 εόθὺς
1222 1645 1358 1728 βλέπειν,
1374 1642 1433 1715 τήν
1458 1646 1631 1735 ἀλλοτρίων
1655 1635 1815 1735 ὑποδοχὴν

210 1761 236 1800 1⁰
263 1747 482 1838 γεννημάτων,
507 1752 579 1812 ἀλλ’
596 1749 739 1814 ἐπέκεινα
755 1748 874 1816 τιθέναι
890 1749 932 1814 τά
949 1760 1109 1842 γεννῶντα
1127 1761 1189 1815 τῶν
1206 1754 1406 1844 γεννωμένων
1430 1756 1461 1818 ἐν
1486 1754 1620 1829 ἐκείνοις·
1640 1763 1735 1818 τοῦτο
1760 1753 1815 1844 μὲν

265 1850 317 1921 οὖν
340 1856 395 1920 καὶ
417 1857 619 1922 παντάπασιν
644 1850 817 1930 ἐκόλητέον
842 1868 900 1935 τῆς
924 1855 1037 1948 ψυχῆς,
1054 1865 1094 1935 ὡς
1111 1859 1129 1932 ή
1148 1869 1207 1936 τῆς
1223 1859 1381 1952 Ἀνάγκης
1398 1862 1417 1934 ἢ
1435 1872 1494 1938 τῆς
1512 1863 1630 1953 μητρός
1654 1872 1716 1928 τῶν
1741 1861 1816 1928 θεῶν

262 1965 339 2042 ὕλης
364 1967 457 2041 οὔσης
480 1976 539 2043 τῆς
563 1969 594 2030 ἐν
612 1965 757 2056 ἐσχάτοις
774 1967 833 2032 ὑπό
850 1977 913 2032 τῶν
931 1965 1008 2032 θεῶν
1025 1968 1242 2058 ἀπερριμένης.
1259 1975 1285 2033 Τ
1288 1969 1303 2032 “ο
1321 1960 1355 2035 δὲ
1370 1961 1408 2040 δὴ
1427 1969 1529 2060 λέγειν
1552 1969 1612 2041 τήν
1637 1973 1668 2036 ἐν
1692 1971 1815 2059 Τιμαίῳ

262 2073 437 2164 λεγομένην
461 2073 633 2167 Ἀνάγκην,
657 2075 778 2148 ταύτην
802 2069 955 2147 εἶναιτὴν
973 2076 1096 2166 μητέρα
1111 2085 1175 2140 τῶν
1199 2082 1329 2166 Μοιρῶν,
1346 2081 1377 2142 ἐν
1396 2088 1460 2154 τοῖς
1483 2079 1693 2167 προκειμένοις
1716 2083 1817 2168 ὑμνη-

264 2185 371 2272 μένην,
390 2190 424 2250 οὑ
439 2186 525 2249 λίνον
542 2187 617 2270 λίνῳ
628 2185 651 2274 1)
668 2184 834 2250 συνάπτειν
858 2183 935 2262 ἐστί,
960 2182 1019 2254 τήν
1036 2193 1087 2248 νοῦ
1104 2173 1366 2273 καταδεεστέραν,
1384 2185 1437 2248 καὶ
1453 2185 1512 2249 ὑπὸ
1537 2195 1604 2248 νοῦν
1628 2182 1815 2274 πειθομένην

211 2316 236 2354 ιε
264 2291 306 2358 τά
327 2298 464 2359 πλεῖστα
488 2303 550 2358 τῶν
575 2294 745 2384 γινομένων
762 2293 849 2384 ἄγειν
868 2291 954 2357 κατά
977 2290 1077 2381 φύσιν,
1095 2291 1148 2356 καί
1168 2289 1227 2365 τήν
1243 2291 1371 2356 πάντων
1388 2291 1544 2382 ἄρχουσαν
1561 2301 1624 2356 τῶν
1639 2293 1814 2382 ἐγκοσμίων
1864 2337 1869 2346 -

264 2400 396 2466 καὶτῶν
412 2398 519 2490 ψυχῶν
536 2403 747 2492 ἐφεστηκυιῶν
764 2411 829 2478 τοῖς
845 2399 971 2476 κύκλοις
994 2400 1048 2464 καί
1071 2411 1140 2476 ταῖς
1164 2403 1283 2465 ἑαυτῶν
1308 2403 1480 2490 ἐνεργείαις,
1497 2399 1556 2474 τὴν
1574 2401 1753 2491 ἐναρμόνιον
1769 2409 1815 2486 τῷ

263 2509 361 2575 παντὶ
383 2502 466 2588 ζωήν
490 2501 588 2575 ἀίδιον
612 2509 832 2600 παρεχομένων
856 2509 994 2573 καὶτῶν
1018 2518 1167 2573 κινουσῶν
1190 2507 1366 2598 ἐντεταγμέ

265 2725 289 2792 ί.
308 2727 371 2793 140
389 2751 430 2808 ν,
448 2727 561 2793 eadem
577 2727 712 2793 lacuna:
737 2715 920 2816 ...δρῶσαί
942 2750 975 2789 τι
998 2724 1083 2815 παρά
1108 2716 1144 2791 δό
1159 2777 1166 2793 .
1181 2776 1212 2793 ..
1235 2725 1306 2814 περί
1330 2724 1436 2807 αὐτόν,
1461 2727 1533 2789 ἀλλ’
1557 2727 1671 2799 ἐκεῖνος
1695 2725 1726 2789 ἐν
1750 2734 1816 2800 τοῖς

264 2831 391 2925 γόνασιν
416 2836 514 2909 αὐτῆς
538 2831 744 2923 στρεφόμενος
769 2831 822 2896 καί
844 2830 904 2903 τήν
929 2825 1019 2910 τάξιν
1043 2831 1103 2904 τήν
1128 2833 1269 2902 άνέκ...
1293 2835 1374 2922 ἔχων
1400 2824 1439 2896 δι’
1465 2833 1580 2906 αὐτήν·
1606 2837 1634 2897 εί
1657 2825 1709 2897 οίιν
1734 2832 1814 2904 αὐτὴ

210 2959 237 2996 2⁰
265 2939 320 3028 μὲν
343 2945 363 3012 η
389 2937 530 3031 Ἀνάγκη
557 2937 634 3006 θεῶν
659 2939 759 3030 ἄρχει,
783 2937 890 3029 ψυχῶν
907 2949 1017 3030 νοερῶν
1041 2931 1238 3022 ἐπιόέώηκεν,
1262 2931 1399 3029 ποδηγεῒ
1419 2950 1460 3026 τῇ
1487 2939 1634 3024 βουλήσει
1652 2939 1731 3028 μόνῃ
1759 2939 1814 3004 τὀν

264 3046 381 3135 κόσμον
405 3040 613 3137 ἐξῃρημένος,
636 3049 830 3138 ἐπιτροπεύει
846 3047 918 3124 τοὺς
936 3050 1020 3132 βίους
1037 3058 1100 3113 τῶν
1118 3058 1249 3139 μερικῶν
1265 3044 1372 3138 ψυχῶν
1389 3039 1455 3136 (διά
1475 3047 1535 3139 γάρ
1559 3047 1680 3120 ταότην
1704 3047 1816 3112 ἕπεται

263 3163 332 3229 ταῖς
356 3153 507 3242 αἱρέσεσιν
523 3148 556 3233 ἐξ
573 3154 714 3248 ἀνάγκης
738 3157 837 3240 όβίος
853 3155 1015 3242 έκάστης),
1031 3158 1132 3230 ἐκείνη
1153 3147 1186 3222 δὲ
1202 3167 1265 3222 τῶν
1290 3156 1445 3245 σωμάτων
1470 3156 1555 3222 ἐστίν
1578 3155 1737 3238 κινητική,
1761 3155 1815 3220 καί

265 3265 364 3330 οὐτῶν
389 3263 605 3335 αὐτοκινήτων
629 3263 843 3346 ὑποστάσεων,
867 3265 921 3329 καί
937 3264 1057 3330 τοότων
1074 3275 1258 3356 προεστῶσα
1276 3267 1377 3353 μόνων
1391 3267 1428 3349 ²),
1445 3267 1618 3354 ἐφεστῶτος
1636 3256 1738 3329 δεῖται
1761 3273 1817 3328 τοῦ

264 3381 328 3453 νοῦ,
351 3369 405 3434 καί
427 3370 465 3435 τό
490 3373 661 3461 ἀναγκαῖον
686 3375 742 3436 οῦκ
765 3373 833 3462 ἔχει
857 3363 908 3438 διά
932 3372 992 3445 τήν
1016 3372 1143 3439 πάντων
1167 3371 1350 3464 περίληψιν,
1372 3365 1494 3448 οὐδενός
1518 3371 1618 3444 αὐτὴν
1642 3363 1816 3461 ἀποδράναι

211 3494 238 3532 ²⁵
265 3469 447 3568 δυναμένου.
464 3477 522 3544 Διά
538 3469 571 3545 δὲ
587 3479 647 3552 τήν
664 3482 868 3570 ἀπροαίρετον
885 3491 948 3545 τῶν
965 3479 1014 3546 ὑπ’
1032 3484 1130 3557 αὐτῆς
1147 3482 1308 3573 ἀγομένων
1321 3480 1421 3570 φόσιν,
1437 3489 1502 3556 πῶς
1519 3478 1555 3545 ἀν
1571 3479 1725 3569 προσήκοι
1740 3501 1815 3543 τοσ-

265 3586 367 3663 οότοις
391 3585 488 3663 αὐτάς
512 3579 684 3664 διεστώσας
702 3587 754 3652 ἀπ’
772 3589 921 3662 ἀλλήλων
947 3589 1064 3654 οἴεσθαι
1079 3589 1135 3664 τάς
1152 3588 1251 3665 αὑτάς
1268 3583 1345 3654 εἷναι
1362 3579 1414 3653 διά
1430 3586 1489 3662 τήν
1509 3587 1684 3677 ἐπωνυμίαν
1709 3583 1814 3657 κοινήν

264 3689 377 3772 οὖσανς
401 3693 486 3760 ἀλλά
509 3695 594 3785 μήτε
616 3706 712 3768 τοῦτο
736 3701 826 3786 ἡμεῖς
850 3691 1075 3787 ύπολάόωμεν,
1101 3697 1176 3787 μητ’
1203 3697 1253 3760 ότι
1276 3695 1335 3767 τήν
1359 3701 1461 3778 ἐντῷ
1492 3699 1647 3777 πολιτικῷ
1670 3703 1813 3758 κινοῦσαν

264 3800 334 3869 καθ’
359 3804 471 3868 ἑαυτὸν
495 3803 550 3868 τόν
566 3803 683 3892 κόσμον
705 3804 905 3895 εἱμαρμένην,
923 3803 982 3895 χρὴ
1000 3804 1122 3877 ταότην
1139 3799 1217 3870 εἷναι
1232 3805 1334 3894 λέγειν
1351 3803 1411 3875 τήν
1428 3801 1600 3893 Ἀνάγκην,
1616 3797 1654 3876 ήν
1680 3806 1696 3865 ό
1721 3799 1814 3890 μῦθος

266 3905 357 3988 οὗτος
379 3917 456 4000 ήμῖν
481 3905 636 4003 ἐξέφηνεν·
654 3913 754 3986 ἐκείνη
779 3911 834 4001 μέν
851 3910 922 4003 γάρ,
947 3910 1022 3977 θεῶν
1039 3911 1124 3977 κατά
1142 3911 1202 3986 τήν
1218 3911 1351 4001 μυθικήν
1368 3911 1512 3976 ὑπόθεσιν
1528 3911 1655 3976 πάντων
1675 3911 1815 4000 ἀφέντων

211 4044 238 4082 so
264 4019 322 4098 τάς
343 4031 399 4086 τοῦ
423 4021 541 4097 παντός
558 4011 686 4111 μερίδας
700 4032 758 4096 τῆς
776 4025 879 4086 αὐτῶν
896 4022 1076 4109 ἐπιμελείας
1093 4019 1164 4084 ἀνευ
1180 4021 1305 4085 ἐκείνων
1322 4020 1524 4110 ἀναστρέφειν
1538 4019 1668 4109 λέγεται
1684 4020 1722 4084 τό
1741 4027 1815 4102 πᾶν,

265 4119 318 4194 διά
341 4127 401 4202 τήν
425 4127 585 4217 σύμφυτον
609 4125 785 4217 ἐπιθυμίαν,
809 4131 865 4194 οόκ
886 4121 961 4192 οὖσα
979 4125 1054 4203 θεός·
1073 4117 1127 4191 δύο
1144 4125 1205 4218 γάρ
1223 4128 1300 4216 φησί
1317 4125 1377 4211 θεῷ
1393 4137 1485 4192 κινεῖν
1503 4129 1645 4203 ἐναντίας
1665 4128 1813 4208 κινήσεις,

264 4240 299 4303 σὺ
316 4227 459 4302 δυνατόν·
476 4243 517 4314 ῶς
534 4237 626 4312 αότός
643 4240 674 4302 ἐν
699 4241 781 4327 ἀρχῇ
806 4248 862 4303 τοῦ
887 4235 985 4326 μόθου
1002 4227 1152 4326 διώρισεν,
1170 4236 1246 4301 ὥστ’
1264 4241 1290 4300 εί
1314 4235 1373 4307 τήν
1398 4234 1552 4326 πρότεραν
1573 4235 1667 4300 ἐκίνει
1691 4235 1728 4300 τό
1751 4244 1814 4301 πᾶν

266 4343 345 4428 θεός,
370 4344 430 4418 τήν
454 4346 597 4411 ἐναντίαν
620 4347 741 4419 ἐκείνην
765 4346 804 4411 τό
828 4355 930 4410 κινοῦν

265 4564 289 4631 f.
309 4565 383 4644 141,
399 4564 434 4629 in
450 4563 567 4632 lacuna
586 4567 606 4632 3
622 4589 709 4633 vers:
729 4564 931 4654 ...προφήτης
947 4561 1002 4628 τόν
1019 4570 1119 4626 νοῦν...
1137 4570 1207 4637 ταῖς
1224 4556 1337 4649 ψυχαῖς
1351 4559 1461 4650 νοερός·
1479 4557 1528 4649 ψιε
1539 4561 1563 4646 ³)
1582 4554 1624 4626 ὧν
1640 4561 1694 4625 καί
1711 4560 1814 4636 αότός·

211 4683 238 4722 ⁸⁵
266 4695 353 4735 ω...
377 4673 486 4753 πολλῷ
509 4671 603 4736 πλέον
628 4672 730 4762 νοεραί
754 4677 873 4762 Μοῖραι·
890 4670 992 4762 νοεραί
1009 4662 1042 4736 δὲ
1062 4665 1150 4735 οὖσαι
1164 4719 1171 4733 .
1186 4719 1213 4733 ..
1236 4679 1306 4745 ταῖς
1323 4669 1409 4744 όλαις
1433 4673 1609 4759 ἐφεστῶσαι
1626 4679 1814 4759 περιφοραῖς,

266 4775 329 4842 θεοί
349 4801 429 4854 τινες
446 4779 532 4841 είσίν·
550 4777 633 4842 ώστε
647 4781 757 4860 πολλῷ
774 4771 921 4866 μειζόνως
937 4783 956 4850 ή
976 4779 1115 4871 Ἀνάγκη
1135 4777 1353 4868 γεννησαμένη
1372 4775 1430 4853 τάς
1446 4778 1559 4865 Μοίρας
1576 4776 1654 4852 θεός.
1672 4767 1736 4842 οὐδ’
1754 4776 1813 4867 ἄρα

265 4883 326 4955 τὴν
350 4884 541 4974 εἱμαρμένην
566 4885 619 4948 καί
642 4885 701 4959 τὴν
726 4885 898 4976 Ἀνάγκην,
923 4885 994 4950 κατ’
1019 4885 1119 4958 αὐτήν
1143 4884 1203 4957 τήν
1228 4884 1397 4960 Πλάτωνος
1421 4885 1530 4974 κρίσιν,
1550 4883 1694 4973 συνάγειν
1718 4891 1759 4961 είς
1782 4884 1814 4950 ἐν

266 4983 410 5074 δυνατόν,
428 4992 471 5081 μή
489 4991 690 5057 παντάπασιν
708 4983 919 5080 ἀπαίδονταέ)
935 4993 1062 5082 γράφειν
1079 5005 1142 5059 τῶν
1159 4995 1275 5058 ἐκείνου
1292 4991 1448 5068 θέλοντας.
1468 4993 1546 5058 Τίνα
1565 4985 1617 5057 οὖν
1640 4998 1730 5080 ἡμεῖς
1753 4992 1813 5065 τήν

304 5149 327 5223 ¹)
345 5150 381 5206 In
399 5155 551 5224 margine:
572 5153 644 5205 Λίνον
660 5153 721 5222 λίνῳ
739 5155 878 5221 συνάπτειν,
892 5155 1014 5224 παροιμία
1106 5153 1129 5224 2)
1149 5156 1222 5226 μόνον
1240 5153 1381 5227 placeret.

267 5241 308 5294 ίπί
318 5244 367 5294 τῶν
378 5247 410 5294 τὰ
420 5243 485 5295 αὐτὰ
495 5247 537 5295 διὰ
547 5246 596 5296 τῶν
607 5243 688 5297 αὐτῶν
696 5245 878 5314 προασσόντων,
886 5247 918 5306 ώς
927 5248 1016 5316 στράτ-
1105 5246 1127 5316 ³)
1149 5245 1186 5314 ψιε
1199 5243 1243 5300 sic
1255 5241 1318 5298 cod.
1332 5241 1396 5299 sine
1409 5240 1549 5316 affinibus,
1562 5241 1648 5314 quasi
1660 5259 1813 5301 numerus.

268 5349 304 5392 τις
323 5332 347 5385 ίν
366 5337 497 5402 ποταμοῖς.
1105 5333 1128 5408 ⁴)
1148 5335 1286 5388 ἀπαίόοντα
1305 5330 1369 5389 eod.
1387 5331 1455 5403 loge
1472 5328 1541 5388 fort.
1563 5333 1712 5388 ἀπαίδευτα.
