4006 6074
562 485 697 558 Mortui
715 484 865 576 corporis
882 485 953 558 οἱῖιι
971 485 1135 560 divinitus
1154 486 1385 560 continuatur.
1718 499 1751 556 ιε

200 655 281 743 ὄφεις
305 657 421 721 ταύτδν
445 655 577 746 πάσχειν
602 662 633 722 ἐν
658 668 723 734 τοῖς
740 662 858 723 ἑαυτῶν
877 663 1017 748 φωλεοῖς,
1042 660 1095 724 καί
1111 651 1265 748 διαμένειν
1291 659 1542 742 ἀκινήτους,καὶ
1567 654 1651 736 αὖθις
1677 664 1753 726 ἀνα-

201 754 398 845 ύιώσκεσθαι,
424 763 574 852 μενούσης
598 755 684 829 ἔνδον
709 774 767 840 τῆς
791 760 926 845 ζωτικῆς
951 770 1059 856 ἀρχῆς,
1077 769 1131 831 καὶ
1147 767 1188 832 τά
1213 765 1434 857 ἀποψυχθέντα
1458 767 1672 857 παρελθούσης
1694 779 1752 846 τῆς

201 866 310 948 ἔξωθεν
329 873 407 955 βίας,
426 867 686 962 ἀναζωπυρούσης
701 869 737 957 ¹).
756 878 822 963 'Ep’
842 873 955 938 ἅπασιν
973 867 1006 938 δέ
1023 886 1087 950 τοῖς
1104 875 1273 965 εἰρημένοις
1290 877 1343 940 καὶ
1360 886 1454 940 τοῦτο
1478 874 1676 966 προσθετέον,
1701 878 1751 942 ὅτι

202 979 261 1052 τῆν
286 981 363 1052 ὅλην
388 979 510 1052 ταύτην
537 984 673 1071 ἱστορίαν
698 987 740 1058 εἱς
765 974 927 1071 δαιμονίαν
954 983 1101 1072 μηχανήν
1126 989 1141 1046 ὁ
1166 983 1299 1048 Πλάτων
1324 980 1510 1072 ἀνέπεμψεν,
1538 975 1633 1055 δηλοῖ

161 1231 175 1273 ⁵
203 1197 225 1262 f.
252 1201 293 1262 58
317 1220 348 1264 v.
372 1203 446 1283 posi
464 1221 573 1264 versus
590 1201 627 1264 5:
652 1195 792 1286 καθάπερ
812 1197 911 1269 αὐτήν
929 1195 1033 1288 ψυχὴν
1052 1199 1190 1272 ἀνέκπλη
1205 1254 1210 1267 .
1223 1253 1249 1267 ..
1273 1202 1332 1265 ὑπὸ
1348 1211 1411 1264 τῶν
1430 1198 1594 1289 θεαμάτων
1619 1204 1753 1286 ἐκείνων,

202 1305 221 1375 ή
240 1305 292 1368 καί
309 1305 398 1370 τύ...
423 1304 494 1381 τούς
512 1298 661 1394 δαίμονας
679 1306 729 1370 ἐπὶ
745 1308 893 1371 τοσοῦτόν
911 1331 946 1372 τε
962 1308 1073 1396 χρόνον
1091 1299 1271 1374 ἀσκέδαστα
1295 1307 1336 1374 τά
1358 1309 1493 1398 σώματα
1520 1301 1752 1397 διαφυλάττειν·

204 1413 219 1478 ό
238 1413 290 1476 καί
307 1404 348 1476 δι’
373 1413 477 1478 ἄλλων
495 1405 625 1478 δύναται
642 1413 781 1505 γίνεσθαι
798 1415 952 1502 σωμάτων
970 1427 1035 1490 τοῖς
1052 1427 1167 1505 νεκροῖς
1183 1415 1324 1505 σώμασιν
1342 1409 1505 1482 ἀδύνατον,
1522 1417 1625 1492 Ὄλως
1650 1408 1683 1482 δὲ
1708 1410 1756 1483 δεῖ

204 1511 358 1611 μηδαμῶς
384 1525 504 1611 ἀγνοεῖν
529 1521 588 1592 τὴν
612 1522 757 1611 πρόνοιαν
771 1531 833 1586 τῶν
852 1520 937 1608 θεῶν,
956 1519 1153 1612 ταῖςψυχαῒς
1170 1524 1322 1614 σύστοιχα
1339 1526 1392 1589 καὶ
1410 1523 1450 1589 τά
1467 1526 1583 1617 ὄργανα
1609 1516 1755 1616 δημιουρ-

203 1641 327 1718 γοῦσαν·
349 1623 419 1696 ούδέ
435 1632 495 1722 γάρ
519 1631 637 1708 ταύτας
656 1637 697 1707 εἱς
721 1630 763 1696 τά
787 1632 937 1721 τυχόντα,
964 1632 1021 1708 τάς
1046 1643 1201 1722 τυχούσας
1226 1625 1408 1710 εἰσδύεσθαι,
1433 1633 1474 1698 τά
1499 1627 1533 1698 δέ
1554 1635 1756 1722 προσήκοντα

202 1735 341 1810 ἑκάστην
359 1738 441 1803 κατά
462 1739 520 1810 τήν
545 1741 667 1804 ἐκείνων
691 1733 934 1831 περιύάλλεσθαι
958 1741 1121 1824 βούλησιν·
1146 1742 1194 1804 ὅτ’
1219 1740 1255 1805 ἃν
1280 1736 1331 1806 οὖν
1355 1741 1398 1806 τά
1421 1747 1494 1832 παρ’
1520 1744 1625 1818 αὐτοῖς
1651 1740 1755 1832 ἀγαθά

203 1846 446 1936 προυπάρχοντα
472 1847 666 1931 βουληθῶσιν
691 1855 731 1926 εἱς
756 1848 933 1939 ἀνθρώπους
957 1853 1100 1940 ἐκφῆναι,
1116 1851 1199 1940 λέγω
1220 1841 1254 1914 δέ
1270 1845 1332 1914 οἷον
1351 1850 1507 1939 μαντικήν
1530 1850 1590 1922 τήν
1616 1850 1753 1933 θείαν,·ή

205 1955 347 2046 ἰατρικήν
372 1955 431 2026 τήν
456 1962 496 2032 ὡς
521 1955 644 2033 ἀληθῶς
668 1956 827 2040 παιώνιον,
852 1959 949 2030 ῆτήν
967 1958 1062 2034 ὅντως
1080 1953 1173 2023 οὖσαν
1193 1958 1351 2048 ἱερατικὴν
1376 1959 1636 2050 ἐπιστήμην,καὶ
1656 1955 1756 2048 ψυχάς

203 2064 390 2154 προάγουσιν
408 2063 464 2140 τάς
482 2057 717 2156 διαπορθμεύειν
734 2067 853 2142 ταύτας
872 2058 1042 2156 δυναμένας
1059 2071 1100 2141 εἰς
1117 2066 1310 2157 τήνγένεσιν
1328 2065 1455 2140 ἄνωθεν,
1472 2067 1526 2131 καὶ
1542 2067 1658 2156 ὄργανα
1682 2091 1756 2156 προ-

202 2165 490 2262 παρασκευάζουσιν
515 2185 583 2250 ταῖς
606 2174 767 2250 τοιαύταις
792 2171 904 2264 ψυχαῖς
929 2164 1095 2246 ἐπιτήδεια
1114 2175 1188 2264 πρὸς
1213 2173 1272 2246 τήν
1297 2176 1418 2240 ἐκείνων
1443 2176 1615 2256 πολιτείαν,
1640 2175 1693 2237 καὶ
1717 2173 1755 2238 τό

203 2291 261 2355 τῆς
279 2273 359 2358 ζωῆς
376 2271 454 2356 εἶδος
472 2285 517 2370 ἐφ’
536 2282 551 2346 ’ό
568 2281 627 2353 τήν
647 2281 746 2372 ἀρχήν
765 2281 861 2358 αύτάς
879 2282 1149 2369 καταπέμπουσιν·
1167 2282 1220 2346 καί
1236 2277 1287 2347 οὖν
1305 2283 1359 2346 καί
1373 2281 1430 2358 τάς
1448 2281 1618 2375 ἀγγελικάς
1636 2281 1756 2356 ταύτας

204 2384 314 2476 ψυχάς,
335 2399 392 2464 τῆς
418 2391 696 2479 ἀποκεκρυμμένης
709 2393 777 2482 παρ’
799 2393 903 2465 αὐτοῖς
921 2388 1069 2464 ἀληθείας
1087 2380 1138 2454 διά
1154 2401 1212 2465 τῆς
1229 2401 1387 2480 χωριστῆς
1403 2394 1522 2454 ἑαυτῶν
1546 2383 1628 2467 ζωῆς
1644 2393 1757 2479 ἐκφαν-

203 2495 327 2583 τορικάς
344 2498 502 2586 ἐσομένας,
526 2509 682 2576 κινοῦντες
706 2505 746 2575 εἱς
770 2490 862 2564 τόνδε
886 2499 940 2563 τον
966 2498 1073 2581 τύπον,
1099 2497 1232 2589 σώματα
1258 2503 1367 2574 αὑταῖς
1391 2497 1678 2587 ύποστροννύουσιν,
1704 2495 1757 2560 καί

205 2612 349 2691 χωρῆσαι
372 2597 530 2695 δυνάμενα
554 2605 614 2680 τήν
638 2613 776 2698 ὑπερφυῆ
802 2599 885 2684 ζωήν
910 2614 972 2669 τῶν

205 2827 228 2890 f.
245 2829 287 2891 59
304 2831 377 2909 post
388 2849 497 2892 versus
510 2828 544 2890 3:
559 2822 717 2912 χωριστήν
730 2823 882 2888 ἐκείνων...
898 2821 1040 2913 τρώμενα
1053 2822 1105 2886 καὶ
1119 2821 1354 2910 μιμούμὶεναψ...
1369 2823 1471 2884 αύτῶν
1485 2828 1546 2884 τῶν
1560 2818 1757 2908 χρωμένων...

205 2923 239 2996 δέ
255 2933 308 2997 καί
324 2933 416 3007 αύτδς
440 2937 455 2995 ὁ
480 2931 613 2996 Πλάτων
638 2931 697 3001 τήν
714 2931 882 3020 ὁργάνων...
907 2929 963 3007 τάς
981 2922 1201 3004 ἐπιύεύηκυίας
1218 2930 1406 3013 ὁμοιότητα,
1423 2925 1530 3017 ψυχῶν
1549 2927 1602 3016 μὲν
1620 2920 1684 3011 ζωῇ
1702 2936 1758 2990 τοῦ

204 3041 301 3132 Πρὸς,
315 3041 373 3115 τήν
386 3041 485 3113 ἀλκήν
499 3033 676 3107 ἀποδοῦσαν
691 3032 724 3106 δέ
737 3039 862 3130 σώματι
875 3041 911 3105 τύ
926 3031 1102 3129 διάφθορον,
1115 3044 1154 3114 ῶς
1169 3035 1204 3104 ἀν
1219 3036 1302 3102 κατά
1315 3037 1402 3126 φύσιν
1414 3035 1534 3100 τούτοιν
1545 3026 1757 3123 συζευγέντων

206 3150 372 3224 ἀλλήλοις·
395 3149 484 3237 τάχα
508 3139 542 3213 δὲ
565 3149 618 3212 καί
641 3153 681 3222 ὡς
707 3149 755 3210 ἀπ’
783 3149 881 3222 αύτῆς
905 3157 963 3221 τῆς
988 3143 1089 3234 ψυχῆς
1114 3145 1167 3209 καὶ
1190 3151 1231 3220 εἰς
1255 3145 1292 3208 τύ
1317 3153 1407 3232 σῶμα
1432 3133 1652 3218 διαύαινούσης
1675 3141 1758 3214 τινος

207 3254 355 3332 ἀπαθείας
380 3256 434 3320 καί
458 3256 614 3346 άτρέπτου
638 3246 808 3345 δυνάμεως,
825 3253 897 3330 τούς
915 3253 968 3344 μέν
987 3253 1100 3330 ἄλλους
1118 3245 1325 3343 διαφθαρῆναι
1340 3251 1451 3340 λέγων·
1470 3251 1524 3315 τόν
1550 3240 1583 3312 δέ
1603 3248 1757 3335 νΑλκιμον

205 3368 332 3440 ἐκεῖνον,
356 3368 428 3454 ύγιῆ
456 3363 523 3452 μέν,
548 3362 762 3452 ἀναιρεθῆναι,
788 3355 1000 3428 δωδεκαταῖον
1027 3353 1059 3426 δέ
1083 3363 1133 3427 ἐπὶ
1156 3373 1197 3446 τῇ
1223 3370 1306 3450 πυρᾷ
1330 3361 1467 3448 κείμενον
1493 3349 1673 3422 ἀναύιῶναι.
1698 3357 1759 3420 Καὶ

166 3505 178 3540 ε
207 3463 303 3544 δῆλον
329 3471 383 3560 μὲν
400 3473 425 3558 ²)
448 3478 487 3547 ῶς
518 3472 571 3534 καί
595 3470 654 3542 τήν
681 3471 817 3559 ἱστορίαν
843 3469 957 3554 αὐτὴν,
982 3470 1079 3545 ούτως
1104 3473 1187 3558 ἔχειν
1213 3469 1467 3557 ὁμολογήσομεν,
1492 3457 1579 3531 ούδέν
1604 3456 1781 3558 ἀδύνατον·

206 3578 370 3670 λέγουσαν,
396 3580 468 3643 οὔτε
492 3577 547 3643 τόν
574 3579 634 3642 ἀπὸ
658 3589 713 3642 τοῦ
738 3577 885 3667 σώματος
908 3579 1065 3668 χωρισμόν
1082 3587 1139 3652 τῆς
1157 3573 1268 3666 ψυχῆς.
1288 3577 1349 3640 Καὶ
1365 3573 1424 3665 γάρ
1442 3581 1470 3640 οἱ
1496 3573 1647 3664 ἱερατικαί
1669 3573 1759 3662 λύγοι

206 3697 301 3750 τοῦτο
327 3677 448 3776 δρῶσιν,
473 3680 659 3776 χωρίζοντες
685 3684 746 3750 ἀπὸ
771 3695 833 3750 τῶν
858 3685 1012 3774 σωμάτων
1037 3685 1094 3761 τάς
1116 3683 1227 3775 ψυχάς,
1244 3685 1297 3749 καί
1314 3695 1378 3758 τοῖς
1397 3683 1451 3772 μέν
1476 3681 1615 3770 σώμασιν
1641 3691 1695 3746 τοῦ
1713 3679 1755 3769 μή

207 3785 403 3858 διαπνεῖσθαι
427 3793 559 3882 φρουράν
583 3786 836 3883 περιύάλλοντες,
861 3803 930 3869 ταῖς
955 3785 988 3859 δὲ
1012 3791 1124 3882 ψυχαῖς
1148 3791 1207 3865 τήν
1234 3793 1391 3856 ἀπύλυτον
1416 3799 1478 3854 τῶν
1504 3788 1658 3878 σωμάτων
1682 3812 1759 3877 προ-

207 3895 361 3978 ξενοῦντες
385 3901 537 3991 ἐνέργειαν
562 3901 616 3965 καὶ
640 3901 698 3974 τήν
724 3900 829 3991 ἄφεσιν
854 3911 916 3966 τῶν
941 3910 1076 3992 φυσικῶν
1095 3892 1227 3988 δεσμῶν,
1245 3901 1316 3964 ούτε
1333 3897 1391 3969 τήν
1411 3901 1441 3962 ἐν
1461 3899 1601 3962 πλείοσιν
1626 3896 1757 3986 ήμέραις

209 4001 377 4097 διαμονήν,
404 4001 599 4073 ἀσκεδάστου
623 4019 680 4074 τοῦ
705 4008 860 4100 σώματος.
885 4010 945 4074 Καί
968 4009 1028 4102 γάρ
1053 4004 1084 4087 ἐξ
1109 4009 1212 4072 ἄλλων
1245 4016 1339 4071 τοῦτο
1363 4005 1490 4095 γέγονεν
1515 3993 1611 4075 δῆλον
1643 4004 1757 4092 ὁμοίων

207 4116 291 4208 παρά
315 4127 380 4193 τοῖς
404 4115 574 4207 ἔμπροσθεν
599 4120 883 4208 ἀναγεγραμμένων
910 4124 1059 4207 ἱστοριῶν,
1085 4119 1111 4182 κ’
1138 4109 1176 4194 &i
1201 4117 1303 4182 αὐτῶν
1328 4114 1459 4194 τούτων,
1480 4107 1521 4176 ὧν
1546 4122 1596 4175 νῶν
1621 4113 1758 4199 εἴπομεν,

207 4227 260 4289 καί
283 4237 377 4290 τούτο
401 4225 547 4290 πιθανόν·
573 4231 600 4290 εἱ
623 4224 684 4316 γάρ
708 4227 762 4289 καὶ
786 4237 850 4301 τοῖς
876 4231 1039 4315 ἱερατικοῖς
1065 4235 1160 4290 τοῦτο
1191 4215 1324 4289 δυνατὸν
1356 4221 1525 4311 φυλάττειν
1549 4219 1693 4308 ἄτρεπτα
1717 4216 1759 4282 τά

209 4333 354 4422 σώματα,
378 4326 594 4423 χωριζομένων
618 4343 681 4398 τῶν
708 4330 839 4423 (ψυχῶν)

209 4549 231 4614 ί.
250 4553 291 4615 59
309 4573 338 4615 v.
356 4555 429 4634 post
445 4573 554 4616 versus
569 4549 727 4634 quinque:
747 4599 798 4615 ...
825 4547 971 4638 ἱστορίαν·
995 4549 1067 4613 οότε
1082 4550 1119 4614 τὀ
1145 4547 1294 4616 θεῖον...
1319 4545 1489 4636 ἀσώματον
1513 4541 1616 4632 ψυχὴν
1643 4539 1759 4630 ἀνθρω-

207 4657 300 4728 πίνην
324 4665 386 4720 τῶν
411 4660 441 4721 ἐν
467 4647 542 4740 ᾅδου
566 4656 762 4745 πραγμάτων
779 4655 832 4719 καί
848 4659 996 4746 ἀγγεῖλαι
1020 4666 1084 4731 τοῖς
1103 4654 1284 4745 ἀνθρώποις.
1303 4658 1402 4725 Δηλοῖ
1421 4645 1453 4718 δέ
1477 4653 1530 4716 καὶ
1554 4656 1569 4714 ὁ
1594 4649 1678 4714 κατά
1702 4648 1757 4713 τόν

209 4753 465 4852 Ἐμπ[εδύ]τιμον
490 4763 594 4854 λόγος,
617 4764 650 4828 ’όν
675 4755 876 4854 Ἡρακλείδης
903 4765 1063 4854 ἱστόρησεν
1088 4769 1103 4828 ὁ
1128 4765 1290 4846 Ποντικὸς,
1315 4761 1416 4850 θηρῶν
1441 4759 1482 4825 τά
1507 4757 1575 4848 μετ’
1598 4757 1702 4821 ἄλλων
1727 4761 1758 4820 ἐν

210 4864 387 4959 μεσημόρίᾳ
411 4870 547 4960 σταθερᾷ
571 4872 655 4937 κατά
678 4897 750 4937 τινα
774 4882 875 4963 χῶρον
901 4874 995 4938 αύτόν
1027 4874 1141 4963 ἔρημον
1167 4871 1397 4962 ἀπολειφθέντα
1420 4871 1537 4963 λέγων,
1562 4879 1619 4944 τῆς
1643 4892 1679 4933 τε
1702 4879 1757 4931 τοῦ

211 4976 390 5054 Πλούτωνος
413 4983 589 5068 ἐπιφανείας
614 4979 755 5068 τυχόντα
771 4981 826 5045 καί
842 4993 899 5057 τῆς
919 4984 1123 5072 Περσεφόνης·
1140 4980 1410 5069 καταλαμφθῆναι
1428 4979 1482 5067 μὲν
1500 4978 1559 5042 ύπὶ
1583 4986 1639 5042 τοῦ
1656 4976 1757 5064 φωτὸς

247 5230 269 5303 ¹)
287 5229 355 5285 Huo
373 5245 470 5301 usquo
495 5228 693 5302 penultimum
718 5229 860 5303 prooemii
879 5230 957 5306 frag·
1047 5231 1070 5303 ²)
1089 5229 1163 5285 Indo
1182 5229 1281 5286 Maius
1300 5228 1439 5284 ultimum
1453 5225 1501 5283 sui
1517 5223 1660 5297 prooemii
1677 5222 1758 5295 frag-

208 5327 342 5378 mentum
361 5319 460 5379 Maius
479 5318 634 5393 excerpsit.
1009 5327 1142 5378 mentum
1155 5319 1267 5392 recepit
1280 5336 1374 5390 usquo
1388 5317 1425 5373 ad
1438 5325 1530 5374 verba
1544 5313 1576 5368 ῶν
1589 5319 1629 5368 νῖν
1648 5315 1757 5386 cinopo.
