4008 6068
683 499 744 572 Εω
761 496 999 574 commentario
1017 498 1056 572 tu
1069 497 1228 591 ρεαίιηοε.

802 885 999 955 Ρειοινυν
1022 886 1121 954 nav.

604 1125 634 1169 ν.
658 1105 689 1168 2.
713 1093 913 1178 Ἀλαλάξατε
935 1110 981 1186 τῷ
1005 1107 1087 1188 Θεῷ,
1110 1109 1196 1166 πᾶσα
1219 1105 1239 1174 η
1265 1110 1317 1191 γῆ.

714 1211 859 1278 «Ῑαθίίοόε
882 1211 961 1320 Deo,
986 1211 1091 1278 omnis
1112 1217 1210 1279 terra.

232 1418 326 1487 Κατὰ
338 1411 372 1486 δὲ
384 1419 522 1512 θεωρίαν,
535 1427 574 1497 ὡς
588 1415 639 1488 οὖν
657 1423 859 1513 ἀνῃρημένων
872 1432 934 1488 τῶν
1034 1424 1135 1491 Juxta
1144 1423 1456 1510 contemplationem,
1467 1445 1505 1492 eo
1517 1425 1601 1510 qnod
1613 1423 1733 1492 sublati

188 1529 350 1618 ἀρχόντων
367 1537 422 1594 τοῦ
440 1533 548 1606 αίῶνος
565 1528 679 1596 τούτου
695 1521 748 1595 διά
764 1541 821 1606 τῆς
847 1535 937 1620 Χρισ-
989 1534 1065 1596 sunt
1080 1530 1240 1616 principes
1252 1529 1347 1615 hujus
1360 1530 1477 1598 saeculi
1490 1552 1547 1615 per
1562 1531 1734 1598 adventum

188 1645 242 1701 τοῦ
266 1636 446 1725 παρουσίας,
467 1635 575 1702 πάντα
590 1636 633 1702 τά
648 1636 721 1711 ἔθνη
747 1637 818 1715 τοὺς
842 1641 938 1704 ἑπινι-
991 1636 1120 1719 Christi,
1136 1637 1279 1723 psnlmus
1293 1639 1479 1723 provocarit
1495 1661 1604 1704 omnes
1621 1643 1734 1724 gentes

188 1745 271 1820 κίους
287 1745 399 1832 ὕμνους
417 1745 609 1834 ἀναπέμπειν
626 1745 874 1837 παρακελεύεται
890 1758 936 1831 τῷ
991 1745 1030 1812 ad
1057 1746 1247 1831 promendus
1269 1745 1408 1832 hymnos
1430 1746 1642 1832 triumphales
1665 1747 1735 1813 Deo

188 1861 246 1928 τῆς
270 1853 358 1928 νίκης
382 1854 472 1938 αἰτίῳ
497 1857 577 1940 Θεῷ,
594 1855 648 1920 καί
663 1864 709 1940 τῷ
725 1857 856 1946 ὀνόματι
881 1862 937 1924 αιἰ-
990 1853 1142 1921 victoriae
1157 1855 1291 1937 auctori,
1309 1859 1342 1920 et
1356 1855 1478 1922 nomini
1493 1854 1571 1939 eJ‘uS,
1588 1853 1736 1921 videlicet

188 1971 255 2039 τοῦ,
278 1960 425 2026 τουτέστι
447 1971 493 2046 τῷ
517 1967 596 2047 Υίῷ·
620 1969 659 2040 ὡς
683 1963 743 2056 γάρ
770 1971 861 2057 ἡμεῖς
885 1958 936 2032 διὰ
991 1961 1084 2028 Filio.
1108 1961 1198 2030 Sicut
1214 1963 1298 2030 enim
1315 1985 1374 2030 nos
1390 1962 1527 2030 nominis
1550 1983 1612 2048 ops
1634 1983 1736 2048 agno·

189 2078 244 2133 τοῦ
260 2067 415 2160 ὀνόματος
431 2071 527 2134 αὐτοῦ
544 2063 768 2162 γνωριζόμεθα,
786 2074 868 2138 οὕτω
884 2074 938 2139 καί
991 2072 1120 2154 scimur,
1144 2073 1190 2139 ita
1213 2077 1245 2140 et
1268 2071 1367 2140 Pater
1390 2095 1448 2158 per
1470 2071 1600 2139 Filium.

190 2179 206 2239 ό
231 2173 341 2265 Πατὴρ
366 2167 418 2242 διά
441 2187 496 2242 τοῦ
520 2181 602 2244 Υίοῦ.

241 2519 271 2565 ν.
287 2498 319 2580 5,
337 2499 368 2566 6.
385 2502 482 2563 Δεῦτε
504 2495 559 2562 καί
581 2486 664 2564 ἴδετε
688 2495 729 2562 τά
745 2498 821 2588 ἔργα
838 2506 893 2562 τοῦ
909 2501 1001 2582 Θεοῦ,
1018 2489 1145 2587 ροθερός
1169 2501 1200 2563 ἐν
1227 2499 1353 2581 βουλαῖς
1377 2496 1450 2587 ὑπὲρ
1475 2497 1545 2574 τοὺς
1568 2498 1649 2577 υίοὺς
1672 2509 1735 2566 τῶν

192 2601 370 2694 ἀνθρώπων,
395 2608 410 2668 ό
435 2604 658 2696 μεταστρέφων
683 2604 743 2677 τὴν
768 2602 928 2670 θάλασσαν
952 2609 993 2681 είς
1017 2596 1124 2696 ξηράν.

244 2713 355 2782 Venite
376 2719 406 2782 et
428 2715 530 2783 videte
553 2737 648 2798 opera
671 2715 745 2796 Dei,
769 2715 927 2782 terribilis
942 2715 980 2782 in
994 2715 1143 2784 consitiis
1157 2736 1254 2799 super
1267 2715 1356 2799 filios
1377 2715 1549 2799 hominum,
1571 2719 1629 2803 qus·
1650 2739 1738 2788 marc

192 2825 344 2892 concutit
367 2825 403 2890 in
426 2824 565 2892 ανίᾶοω.

237 3043 306 3102 Τῶν
324 3035 509 3102 ἀποστόλων
525 3036 660 3103 ενταῦθα
677 3036 798 3129 εἰσάγει
813 3037 851 3103 τό
867 3037 941 3127 πρό·
1040 3039 1103 3108 Hic
1118 3039 1337 3125 apostolorum
1353 3039 1474 3106 inducit
1489 3061 1670 3125 personam,
1683 3040 1740 3126 qni

194 3170 308 3230 σωπον,
324 3135 538 3210 διδασκόντων
554 3143 597 3210 τὰ
613 3143 698 3229 ἔθνη,
718 3151 758 3222 ὡς
775 3145 834 3236 ἄρα
852 3139 941 3220 οὗτος
996 3153 1107 3234 gentes
1131 3151 1274 3229 edocent,
1298 3148 1456 3234 quomodo
1479 3149 1535 3234 qui
1550 3148 1583 3214 in
1600 3148 1739 3216 adventu

193 3259 209 3319 ὁ
233 3258 264 3320 ἐν
288 3264 330 3340 τῇ
356 3251 440 3318 κατά
464 3250 564 3342 σάρκα
585 3253 739 3343 παρουσίᾳ
756 3251 941 3343 διοσημείας
995 3258 1167 3324 seeundum
1184 3279 1321 3339 carnem,
1337 3256 1444 3323 divina
1458 3256 1606 3342 prodigia
1628 3277 1740 3341 opera·

193 3356 405 3454 ἐργαζόμενος,
423 3361 515 3435 αὑτός
532 3361 616 3425 ἔστιν
633 3364 649 3424 ὁ
665 3359 765 3425 πάλαι
780 3358 840 3434 τὴν
859 3366 943 3448 Ἐρυ-
996 3369 1060 3446 tur,
1083 3365 1169 3431 idem
1190 3365 1246 3431 ille
1262 3366 1305 3432 sit
1320 3366 1376 3451 qui
1392 3364 1470 3431 olim
1493 3365 1582 3432 Mare
1606 3364 1739 3431 rubrum

195 3470 269 3560 ῦρὰυ
286 3469 447 3534 θάλασσαν
465 3461 625 3558 ἐξηράνας,
643 3469 696 3532 καὶ
716 3466 777 3558 μὴν
796 3467 848 3532 καὶ
865 3467 942 3557 'lop-
996 3473 1176 3555 exsiccavit,
1199 3474 1254 3559 qui
1278 3477 1311 3540 et
1333 3473 1484 3540 Jordanis
1505 3473 1622 3540 fluctus
1644 3474 1740 3539 inter

194 3567 288 3642 δάνον
313 3573 471 3663 ἀνακόψας
488 3574 529 3642 τά
548 3575 700 3666 ῥεύματα,
718 3581 757 3651 ὡς
777 3567 860 3640 ποδά
882 3601 942 3642 πα·
995 3583 1094 3668 rupit,
1117 3586 1155 3648 ut
1171 3583 1266 3668 pedes
1282 3583 1457 3650 transirent
1472 3581 1531 3647 filii
1548 3579 1659 3648 Israel.
1682 3580 1740 3647 Ait

196 3685 312 3778 ρελθεῖν
344 3684 416 3762 τοὺς
452 3683 533 3760 υἱοὺς
565 3684 702 3774 ’ίρραθλ
734 3685 836 3759 Φησίν
872 3679 942 3752 οὖν·
996 3690 1114 3775 igitur:
1139 3689 1292 3755 Animum
1318 3687 1490 3770 attendite,
1514 3693 1547 3754 et
1568 3687 1740 3774 iutelligite

193 3792 409 3865 Ἑπιστήσατε
439 3793 494 3857 τόν
525 3801 612 3868 νοῦν,
636 3792 691 3856 καὶ
721 3794 943 3869 κατανοήσατε
997 3795 1125 3881 singnis
1147 3817 1229 3880 quae
1260 3795 1361 3860 bonus
1385 3794 1471 3860 Deus
1502 3794 1639 3880 peregit,
1662 3815 1741 3879 quo·

195 3912 258 3967 τῶν
282 3901 342 3966 ὑπό
357 3910 413 3966 τοῦ
430 3899 549 3991 ἀγαθοῦ
565 3905 645 3966 Θεοῦ
663 3901 831 3991 γινομένων
852 3901 943 3968 ἑκάσ-
997 3903 1090 3970 modo
1102 3903 1135 3968 in
1149 3901 1289 3970 consiliis
1305 3902 1371 3968 suis
1386 3901 1561 3986 impervius
1576 3901 1676 3968 menti
1687 3901 1740 3982 sit,

195 4035 269 4092 των,
286 4011 368 4085 ὅπως
390 4011 475 4074 ἐστιν
500 4012 531 4073 ὲν
557 4009 683 4093 βουλαῖς
705 4008 943 4091 άκατάληπτος,
997 4016 1030 4076 st
1042 4009 1201 4076 miremini
1213 4030 1361 4075 arcanam
1378 4010 1445 4094 ejus
1462 4008 1661 4094 sapientiam,
1677 4030 1741 4093 qua

195 4119 250 4184 καί
271 4117 333 4190 τὴν
350 4117 485 4208 ἄρρητον
502 4119 596 4182 αὑτοῦ
614 4119 723 4206 σορίαν
747 4115 943 4207 θαυμάσατε,
996 4119 1084 4186 ducit
1096 4117 1261 4184 hominnm
1277 4138 1379 4203 genus
1395 4118 1435 4185 ad
1451 4117 1658 4203 religionem
1674 4120 1742 4183 trs-

197 4219 238 4292 δι’
255 4223 291 4304 ἧς
307 4227 345 4292 τό
357 4235 420 4291 τῶν
434 4222 602 4315 ἀνθρώπων
615 4225 702 4316 γένος
717 4216 853 4316 ποδηγετ
867 4227 943 4318 προς
997 4225 1118 4293 mendis
1125 4225 1210 4291 enim
1218 4225 1445 4310 stupendisque
1453 4225 1674 4292 instrumentis
1682 4246 1742 4309 pro

197 4327 371 4403 εῦσόθειαν·
400 4325 544 4423 ροόεραϊς
575 4331 636 4422 γάρ
661 4332 714 4397 καί
745 4321 942 4420 θαυμασταῖς
996 4333 1161 4401 hominum
1174 4331 1400 4400 saluteutitur.
1410 4333 1574 4400 Historica
1583 4336 1741 4418 spectans,

198 4453 355 4536 μηχαναῖς
378 4441 452 4532 ὑπὲρ
476 4450 534 4516 τῆς
558 4449 621 4506 τῶν
638 4439 805 4530 ἀνθρώπων
830 4439 944 4530 κέχρη-
997 4441 1059 4506 ait:
1083 4437 1177 4506 Nihil
1191 4438 1320 4519 mirum,
1337 4440 1393 4521 ait,
1410 4439 1436 4504 si
1453 4461 1537 4506 nunc
1560 4442 1654 4504 tanta
1668 4460 1741 4523 per·

196 4578 252 4619 ται
275 4551 440 4639 σωτηρίας.
459 4547 552 4613 Κατὰ
567 4545 626 4619 τὴν
646 4548 793 4636 ἱστορίαν,
810 4551 845 4613 οὺ
869 4545 943 4612 θαυ-
997 4548 1077 4633 agit,
1090 4567 1144 4612 vos
1160 4544 1373 4630 eceptivitate
1383 4545 1518 4612 educens
1529 4550 1562 4611 ct
1571 4545 1741 4612 restituens

198 4661 329 4752 μαστόν,
354 4657 458 4748 ρησίν,
482 4661 509 4722 εί
540 4665 591 4720 νῦν
625 4659 671 4743 ἐρ’
697 4659 780 4742 ἡμᾶς
810 4664 945 4720 τοιαῦτα
997 4655 1031 4720 in
1047 4655 1195 4739 patriam,
1210 4650 1337 4737 quando
1353 4651 1482 4737 quidem
1499 4653 1566 4736 ipse
1588 4651 1673 4717 idem
1693 4656 1742 4718 est

196 4776 288 4843 ποιεῖ,
313 4758 432 4855 ἐξάγων
456 4756 490 4842 ἐξ
514 4763 731 4852 αἰχμαλωσίας
753 4761 807 4826 καί
830 4761 945 4826 ἐπανά-
998 4760 1054 4845 qui
1076 4759 1152 4827 olim
1176 4762 1209 4824 st
1232 4777 1320 4824 mare
1336 4763 1369 4823 et
1384 4758 1503 4824 flumen
1523 4757 1686 4839 dissecuit,
1710 4762 1743 4824 et

197 4899 260 4967 γων
284 4879 325 4949 είς
350 4872 409 4945 τὴν
425 4859 574 4961 πατρίδα,
590 4871 686 4934 ὅπυτε
710 4864 798 4945 οὗτός
823 4872 943 4934 ἐστινό
998 4871 1113 4952 putres
1130 4870 1252 4932 vestros
1267 4865 1364 4951 jussit
1392 4864 1530 4931 transire
1552 4864 1739 4931 incolumes

197 4981 297 5046 πάλαι
320 4977 374 5045 καί
398 4975 561 5044 θάλατταν
577 4977 631 5042 καί
645 4976 789 5063 ποταμόν
815 4965 946 5048 διαστά·
999 4975 1089 5040 Adeo
1112 4972 1192 5040 illud
1218 4973 1475 5053 ‘transferens,
1501 4975 1550 5038 est
1570 4971 1662 5056 quasi
1686 4971 1743 5056 qni

199 5112 264 5166 σας,
288 5086 342 5152 καί
357 5084 429 5162 τοὺς
448 5080 614 5174 ὑμετέρους
629 5081 799 5172 προγόνους
821 5073 946 5146 άκινδό-
1003 5085 1015 5115 ⁶
1034 5080 1201 5148 transtulit
1219 5130 1245 5160 ,‚
1261 5079 1436 5164 praeterita
1449 5077 1533 5145 enim
1545 5081 1582 5144 ut
1594 5099 1744 5164 praesen·

198 5220 256 5273 νως
281 5187 429 5269 διαάῆναι
452 5191 616 5268 κελεύσας·
640 5193 743 5282 ὥσπερ
771 5190 826 5255 τό·
849 5194 865 5253 ό
891 5213 946 5279 με·
1000 5191 1046 5256 tia
1069 5189 1227 5255 enunciat.
1243 5185 1367 5252 Verum
1384 5185 1595 5273 Symmachus
1617 5189 1745 5271 tempus

199 5305 399 5394 ταστρίρων,
425 5301 496 5368 ἀντί
517 5311 590 5368 τοῦ·
614 5305 630 5365 ό
653 5297 880 5390 μεταστρέψας,
904 5296 947 5363 τά
1001 5297 1149 5376 servavit,
1165 5294 1290 5362 dicens:
1311 5292 1618 5362 ‘Transtulitmsre
1632 5291 1666 5358 in
1681 5290 1744 5358 sri-
