3940 6072
319 486 372 545 286
951 481 998 553 ad
1026 475 1236 574 Asclepium.

314 655 557 746 οὶγριοπήγανον,
582 655 788 718 κατακλεῖσιν
813 658 844 718 ἐν
869 646 1017 736 δακτύλῳ
1041 663 1145 743 χρυσῷ
1162 655 1184 742 ¹)
1210 657 1264 719 καὶ
1287 653 1388 744 φάρει·
1416 653 1587 722 ἀπωθεῖται
1610 658 1671 748 γάρ
1696 663 1846 726 ταῦτατί

315 763 500 852 ἀλγήματα.
527 761 684 848 Παραίτου
710 751 743 824 δὲ
767 761 809 849 μὴ
837 773 945 850 φαγεῒν
969 763 1110 853 γέρανον.

357 873 467 960 Τρίτος
492 861 629 942 δέκανος.
654 863 752 943 Οὗτος
777 869 876 957 ὄνομα
900 871 965 958 ἔχει
991 869 1137 958 Σιχὲτ’),
1163 869 1284 960 μορφὶιν
1316 862 1354 942 δὶ,
1389 870 1448 942 τὴν
1477 871 1697 960 ὑποκειμένην,
1721 875 1847 964 γυναικὶς

315 977 491 1068 κρατούσης
516 976 566 1042 ἐπὶ
589 986 647 1052 τῆς
672 982 810 1065 κεφαλῆς
834 982 951 1066 Ιὶνχεῖον,
975 982 1006 1043 έν
1031 977 1086 1065 μέν
1104 989 1143 1062 τῇ
1163 971 1249 1062 δεξιᾷ
1265 979 1344 1068 χειρὶ
1361 989 1531 1069 σκῆπτρον,
1549 971 1615 1044 ένδ

314 1080 473 1177 ὑδρίσκην,
498 1078 742 1174 Περιεζωσμένος
769 1085 860 1175 μέχρι
885 1085 1104 1178 ἀστραγάλων.
1130 1087 1266 1176 Κυριεύει
1290 1091 1386 1164 ἀκοῆς
1410 1087 1464 1152 καὶ
1487 1079 1618 1164 κιονίδος
1640 1089 1698 1152 καὶ
1721 1081 1846 1154 ὀδόντων.

315 1192 434 1282 Γλύ·)ον
451 1188 503 1257 οὐν
521 1202 633 1258 τοῦτον
651 1197 681 1257 ἑν
699 1191 775 1275 λίθῳ
794 1196 964 1284 βοστρυχὶη
982 1195 1006 1277 ³)
1030 1194 1083 1257 καὶ
1107 1193 1227 1270 ὑποθεὶς
1247 1194 1384 1279 βοτάνην
1406 1195 1631 1285 άρνύγλωσσον,
1656 1202 1846 1262 κατακλεῖσιν

316 1306 347 1368 ἐν
373 1297 396 1385 ᾧ
423 1301 538 1386 βούλει,
564 1300 617 1364 καὶ
641 1301 725 1392 φόρει
752 1303 804 1386 [V.
827 1301 1010 1391 παρατηρου
1036 1292 1069 1367 δὲ
1093 1302 1136 1390 μὴ
1163 1313 1271 1393 φαγεῖν
1294 1305 1386 1392 κρίων
1410 1305 1542 1392 ἔντερα).

363 1411 519 1500 Τέταρτος
537 1401 673 1486 δέκανος,
690 1409 805 1500 ταύρου
829 1419 960 1500 πρῶτος.
981 1405 1079 1486 Οὐτος
1095 1411 1193 1498 ὄνομα
1217 1412 1281 1500 έχει
1306 1409 1392 1476 Σούου
1407 1409 1432 1495 ⁴)
1457 1411 1577 1502 μορφὴν
1603 1403 1636 1478 δὲ
1652 1414 1846 1504 κριοκέραλον,

314 1517 525 1605 ἐστολωμένος
551 1528 698 1606 συριακῆς
713 1518 737 1601 ⁵)
763 1518 854 1608 μέχρι
878 1511 991 1596 ποδῶν,
1008 1523 1039 1584 έν
1065 1511 1098 1584 δὲ
1121 1530 1189 1596 ταῖς
1205 1520 1293 1609 χερσὶ
1308 1528 1431 1610 κρατῶν
1449 1526 1488 1596 ὡς
1509 1519 1560 1585 ἐπὶ
1582 1520 1654 1597 τούς
1680 1523 1772 1611 ὅμους
1794 1525 1846 1586 έπι-

315 1626 443 1714 κείμενα
470 1633 628 1713 σκῆπτρα,
654 1625 795 1714 Κυριεύει
818 1618 851 1691 δέ
875 1621 964 1702 οὐτος
988 1631 1004 1690 ὁ
1029 1623 1154 1702 δέκανος
1178 1628 1352 1717 τραχήλου.
1378 1623 1496 1714 Γλύψον
1521 1622 1572 1692 οὐν
1597 1639 1712 1693 τοῦτον
1737 1634 1765 1693 ὲν
1786 1628 1846 1708 λίθῳ

316 1735 479 1819 σεληνίτῃ,
504 1741 550 1814 τῷ
574 1736 604 1796 έν
630 1742 675 1815 τῷ
699 1735 770 1815 νύλίΙ
807 1734 996 1822 βαρουμένῳ,
1021 1733 1075 1796 καὶ
1098 1733 1221 1808 ὑποθεὶς
1247 1734 1385 1817 βοτάνην
1410 1744 1575 1824 σφαιρῒτιν,
1600 1739 1804 1800 κατακλεῖσιν
1823 1739 1845 1799 έν

315 1834 339 1923 ᾧ
366 1839 481 1923 βούλει,
506 1839 561 1903 καὶ
585 1840 682 1931 φάρει.
706 1840 808 1930 ’ὶχθύν
835 1833 868 1904 δέ
891 1843 946 1904 τὀν
970 1840 1161 1929 καλούμενον
1186 1841 1320 1932 γρύλλον
1346 1842 1389 1929 μιὶ.
1416 1841 1530 1932 φάγῃς.

361 1947 508 2035 Πέμπτος
533 1940 671 2029 δέκανος,
698 1945 786 2024 οὗτος
811 1951 877 2038 ἔχει
901 1949 1000 2037 ὄνομα
1032 1947 1181 2038 Ἀρὼνθ),
1207 1949 1327 2039 μορφὴν
1360 1953 1504 2040 γυναικύς
1535 1949 1715 2040 κρατούσης
1742 1953 1771 2014 έν
1792 1959 1844 2023 ταῖς

314 2045 383 2118 δυσὶ
400 2056 488 2145 χερσὶ
506 2065 665 2146 σκῆπτρον
690 2056 831 2132 ἑστώσης
856 2049 1013 2147 σύμποδος
1023 2055 1060 2140 ⁷),
1078 2059 1153 2132 ὅλης
1171 2049 1204 2122 δε
1228 2057 1460 2146 κεχειρισμένης
1479 2059 1673 2146 ἀσσυριακῶς
1693 2059 1781 2148 μέχρι
1795 2068 1843 2120 τῶν

313 2154 429 2230 ποδῶν.
456 2167 595 2254 Κυριεύει
618 2157 651 2228 δέ
675 2163 877 2254 περισθεμίων
903 2167 957 2229 καὶ
981 2167 1119 2254 αὐχένος.
1144 2161 1263 2253 Γλύύον
1288 2159 1339 2230 οὐν
1365 2167 1460 2229 αὐτὸν
1492 2169 1522 2230 έν
1551 2165 1629 2250 λίθῳ
1655 2159 1843 2256 άφροδισιακνῖν

315 2274 369 2336 καί
386 2271 508 2349 ὑποθεὶς
527 2271 664 2357 βοτάνην
683 2265 847 2362 δίκταμον,
872 2278 1080 2338 κατακλεῒσον
1099 2264 1178 2338 δὲέν
1195 2299 1218 2363 χ
1222 2273 1300 2363 ρύσῳ
1316 2272 1335 2346 ἢ
1356 2273 1488 2364 ἀργύρῳ,
1508 2274 1560 2339 καί
1576 2275 1674 2364 φόρει,
1700 2277 1818 2364 ἔγχελυν
1826 2269 1843 2352 ³)

316 2372 349 2444 δὲ
375 2381 417 2468 μὴ
445 2381 556 2470 φάγῃς,
581 2381 766 2471 παρατήρου
792 2380 834 2471 μά.
861 2381 970 2472 φάγειν
997 2379 1143 2471 στρούθου
1169 2381 1335 2471 τρύγῳνος.

362 2490 469 2573 [Vind.
494 2489 603 2562 Ἰὑκτύς
618 2486 642 2571 ⁹)
660 2481 797 2564 δέκανος,
815 2490 929 2578 ταύρου
953 2491 1067 2578 τρίτος.
1084 2483 1183 2564 Οὐτος
1200 2489 1299 2577 ὄνομα
1322 2489 1389 2578 ἔχει
1414 2487 1630 2578 ’1)ωμένοςῑθ),
1656 2489 1774 2580 μορφὴν
1795 2489 1844 2576 ἔχει

315 2597 564 2686 κυνοπρόσωπον,
590 2601 620 2660 έν
644 2608 685 2681 τῇ
712 2602 833 2688 κεφαλῇ
853 2590 886 2664 δέ
904 2603 1023 2688 μᾶλλον
1039 2595 1078 2682 ¹¹)
1091 2607 1227 2686 κρατῶν,
1247 2601 1277 2661 έν
1295 2607 1335 2681 τῇ
1356 2589 1443 2680 δεξιᾷ
1467 2608 1637 2687 σκῆπτρον,
1657 2598 1716 2669 τὴν
1733 2590 1765 2661 δὲ
1787 2595 1843 2659 εὐύ-

314 2729 409 2794 νυμον
434 2707 514 2793 ἔχων
539 2710 578 2780 ὡς
603 2704 654 2769 ἐπὶ
679 2706 750 2781 τούς
775 2706 937 2796 γλουτούς,
962 2701 1202 2798 περιεζωσμένος
1227 2705 1300 2796 ἄχρι
1323 2716 1385 2770 τῶν
1410 2706 1572 2796 γονάτων.Ι
1588 2706 1728 2794 Κυριεύει
1750 2697 1781 2768 δε
1801 2711 1841 2766 τοῦ

316 2813 474 2898 στόματος
499 2812 552 2875 καὶ
576 2822 631 2876 τοῦ
648 2813 814 2902 λάρυγγος.
832 2811 951 2900 Γλύθον
969 2809 1021 2878 οὐν
1037 2825 1148 2880 τοῦτον
1166 2820 1196 2879 ἑν
1213 2813 1290 2897 λίθῳ
1312 2812 1486 2898 ὑακινθίνῳ,
1503 2813 1555 2877 καὶ
1578 2813 1702 2889 ὑποθεὶς
1728 2812 1840 2896 βοτάνην

316 2921 517 3010 βούγλοσσον,
532 2925 739 2986 κατακλεῖσον
754 2927 783 2986 ἑν
801 2923 904 3011 χρύσῳ
918 2921 936 2993 ἢ
952 2922 1085 3012 ἀργύρῳ,
1099 2923 1260 3012 καὶφέρει,
1274 2922 1455 3012 παρατήρου
1470 2914 1504 2986 δε
1518 2921 1559 3010 μὶ.-
1576 2920 1689 3013 φάγειν
1706 2919 1838 3012 ἔγχελυν.)

359 3021 517 3117 Ἵὶύδομος
542 3021 679 3106 δέκανος,
697 3021 832 3119 διδύμων
850 3040 982 3120 πρῶτος.
998 3027 1096 3107 Οὐτος
1114 3031 1212 3119 ὄνομα
1230 3034 1294 3120 έχει
1312 3031 1375 3120 Ζύχ
1379 3057 1408 3114 α,
1430 3029 1550 3120 μορφὴν
1575 3021 1608 3094 δὲ
1632 3031 1839 3120 ὁνοπρύσωπον,

315 3142 345 3202 έν
370 3149 410 3222 τῇ
438 3129 523 3222 δεξιᾷ
547 3148 671 3228 κρατῶν
696 3130 843 3216 κλειδὶον,
868 3151 908 3224 τῇ
936 3131 969 3205 δὲ
986 3140 1133 3228 εὐωνύμῳ
1150 3129 1236 3204 οὐδέν
1255 3139 1334 3203 ἄλλο
1354 3143 1433 3228 ἔχων
1458 3139 1736 3227 κατακεκλιμένον,
1759 3157 1841 3224 περιε-

313 3242 467 3336 ζωσμένος
493 3249 584 3336 μέχρι
608 3258 670 3312 τῶν
695 3247 848 3338 γονάτων.
874 3245 973 3324 Ούτος
996 3248 1128 3338 κυριεύει
1153 3249 1343 3338 άκρωμείων.
1368 3244 1485 3334 Γλύψον
1516 3241 1567 3310 οὐν
1591 3257 1706 3310 τοῦτον
1730 3249 1759 3311 ἐν
1780 3243 1839 3324 λίθῳ

315 3346 485 3442 ἀδάμαντι,
509 3357 562 3420 καὶ
587 3355 707 3432 ὑποθεὶς
734 3357 871 3440 βοτάνην
896 3360 993 3446 ὐρχιν,
1018 3357 1071 3421 καὶ
1094 3360 1301 3421 κατακλεῖσον
1326 3349 1349 3418 ὧ
1376 3353 1489 3438 βούλει,
1514 3354 1567 3418 καί
1591 3353 1688 3444 φόρει.

360 3455 497 3554 Ὄγδοος
522 3455 659 3540 δέκανος.
684 3459 783 3540 Οὐτος
801 3465 898 3552 ὄνομα
914 3468 979 3554 ἔχει
996 3465 1103 3554 Οὐαρὶ,
1121 3463 1241 3554 μορφάν
1259 3454 1292 3528 δέ
1309 3463 1554 3553 αἰγοπρόσωπον,
1567 3466 1597 3526 ἐν
1614 3472 1655 3545 τῇ
1676 3452 1758 3542 δεξιᾷ
1777 3455 1839 3545 χειρὶ

312 3575 456 3661 κατέχων
482 3575 678 3662 βακτηρίαν,
701 3573 761 3643 τὴν
787 3566 820 3638 δέ
844 3572 999 3662 εὐώνυμον
1031 3576 1110 3662 ἔχων
1135 3571 1378 3661 κεχαλασμένην
1403 3577 1441 3646 ιὀς
1466 3571 1516 3635 ἐπὶ
1539 3571 1593 3634 τύν
1624 3570 1735 3658 μηρον,
1757 3586 1839 3650 περιε-

312 3675 466 3769 ζωσμένος
492 3681 584 3770 μέχρι
607 3691 670 3747 τῶν
695 3683 847 3771 γονάτων.
875 3681 1010 3770 Κυριεύει
1028 3671 1060 3744 δέ
1077 3691 1138 3746 τῶν
1158 3681 1341 3770 βραχιόνων.
1359 3675 1477 3766 Γλύψον
1501 3672 1553 3743 οὐν
1578 3687 1691 3743 τοῦτον
1711 3681 1750 3751 είς
1771 3671 1836 3736 λίθον

312 3800 497 3878 πανχροοῦν,
520 3791 574 3854 καὶ
598 3789 721 3866 ὑποθεὶς
747 3791 885 3874 βοτάνην
902 3781 1171 3874 πενταδάκτυλον,
1189 3791 1399 3854 κατακλεῖσον
1418 3789 1528 3877 ὁμοίως
1544 3790 1574 3852 ἐν
1597 3791 1621 3868 ῳ
1649 3785 1759 3870 βούλει,
1781 3783 1837 3842 άπε-

312 3899 445 3987 χύμενος
470 3907 586 3989 σκαρᾶς
604 3897 642 3986 l²)
658 3952 665 3966 .
680 3953 687 3967 .
703 3953 710 3968 .

359 4007 513 4081 Ἵίννατος
539 3998 675 4083 δέκανος.
701 4004 799 4084 Οὐτος
824 4009 923 4098 ὄνομα
947 4012 1011 4099 ἔχει
1035 4007 1188 4086 Πεπισὼθ,
1215 4009 1335 4098 μορφάν
1353 3997 1385 4072 δέ
1402 4005 1556 4097 γυναικὸς·
1581 4005 1611 4068 έν
1637 4002 1692 4090 μέν
1709 4011 1746 4084 τῇ
1769 3989 1835 4074 θῑξῑέ

312 4116 393 4204 χειρὶ
416 4124 539 4204 κρατῶν
563 4115 720 4204 κέραυνον,
746 4121 776 4181 ὲν
795 4108 828 4181 δέ
843 4129 884 4202 τῇ
903 4117 1048 4206 εὐωνύμῳ
1065 4109 1221 4207 ὑδρίσκην,
1239 4119 1277 4181 τύ
1295 4107 1328 4182 δὲ
1345 4125 1437 4204 σῶμα
1453 4115 1514 4178 ἀπὶ
1531 4121 1592 4176 τῶν
1618 4113 1719 4200 μέσων
1740 4105 1834 4176 πτανὸς

313 4224 404 4313 μέχρι
428 4234 491 4287 τῶν
515 4215 630 4304 ποδῶν,
655 4224 706 4288 έπὶ
729 4215 762 4288 δέ
786 4235 843 4300 τῆς
860 4229 998 4315 κεφαλῆς
1017 4227 1173 4309 βασίλειον
1190 4225 1281 4314 ἔχων.
1299 4224 1436 4314 Κυριεύει
1454 4216 1487 4288 δέ
1509 4231 1571 4287 τῶν
1592 4231 1713 4311 χειρῶν.
1737 4210 1833 4322 Γλύβο)

312 4323 364 4394 οὐν
390 4342 501 4396 τοῦτον
525 4335 556 4395 έν
587 4328 664 4414 λίθῳ
688 4331 893 4422 ἡλιωτρύπῳ,
919 4333 972 4396 καὶ
995 4331 1115 4408 ὑποθεὶς
1141 4331 1277 4416 βοτάνην
1307 4322 1519 4408 λιύανωτίδα,
1543 4333 1748 4394 κατακλεῒσον
1773 4325 1797 4386 ἐν
1816 4323 1833 4400 (ᾖ)

313 4437 426 4526 βούλει,
453 4439 505 4504 καὶ
530 4439 627 4530 φύρει,
653 4439 846 4530 ἀπεχόμενος
871 4440 1005 4530 συάργου
1030 4439 1169 4530 κρέατος.

350 4773 369 4848 Ι)
389 4771 423 4830 V.
444 4777 545 4845 Χαλκῷ.
1151 4775 1174 4851 ⁸)
1193 4779 1231 4833 M.
1246 4777 1353 4852 ἔγχελυν.
1367 4775 1450 4834 Infra
1463 4777 1498 4836 V.
1511 4778 1616 4852 ἔγχυλον
1632 4771 1788 4852 (anquina).
1800 4761 1831 4823 Cf·

348 4867 371 4938 ²)
391 4867 425 4922 V.
448 4871 532 4920 Σιαιῦ.
1113 4867 1216 4923 Decan
1235 4883 1341 4924 xxv111.

348 4957 371 5026 ³)
392 4956 427 5013 V.
449 4959 578 5028 βοροτιαῷ.
1149 4957 1172 5030 ⁹)
1190 4957 1227 5012 In
1246 4957 1418 5030 Mosquensi
1438 4955 1632 5014 desideratur.

350 5047 374 5119 ⁴)
394 5047 428 5104 V.
448 5053 512 5118 Σωῆ,
532 5048 562 5104 in
579 5066 674 5120 marg.
695 5051 773 5103 Χωιὺ.
1139 5047 1173 5120 ¹⁰)
1192 5049 1229 5104 In
1247 5067 1340 5120 marg.
1360 5047 1562 5120 Ῥομὺρῳιάρως.

347 5137 369 5209 ⁵)
393 5136 426 5195 V.
446 5142 608 5210 άσσυριακῶς.
1137 5137 1171 5212 ¹¹)
1191 5139 1276 5195 Alias
1296 5145 1409 5210 μάλλιον,
1431 5145 1533 5210 μᾶλλον.

347 5227 369 5301 ‘)
389 5228 422 5284 V.
442 5227 474 5285 in
492 5247 585 5302 marg.
605 5230 692 5300 Ἀίροκ
1138 5228 1173 5304 ¹²)
1191 5230 1230 5286 M.
1250 5234 1351 5302 σκαροὶν.
1371 5229 1405 5285 V.
1426 5233 1517 5302 σκάρου

346 5315 369 5394 ⁷)
389 5316 423 5375 V.
444 5321 553 5373 ὶστύσαν
572 5321 696 5392 σύμποδα.
