3978 6070
709 511 817 588 Verba
835 513 922 587 vatis
940 489 970 588 οῖ
989 511 1162 588 Lachesis.

436 700 478 763 ÷
500 687 540 758 τή
568 678 601 752 δέ
618 677 803 772 ἀδέσποτον,
826 685 864 760 ήν
889 695 988 776 τιμῶν
1006 685 1058 750 καί
1075 679 1248 775 ἀτιμάζων,
1272 685 1376 752 πλέον·
1403 698 1447 760 ÷

434 810 478 871 -ζ-
500 795 554 860 καί
578 795 712 861 ἔλαττον
738 798 835 871 αὐτῆς
859 796 998 873 ἕκαστος·
1016 789 1087 882 ἕξει]
1110 797 1198 860 αἰτία
1220 795 1378 884 ἑλομένου,
1402 809 1447 870 ÷

431 919 476 981 ÷
500 903 565 982 θεός
590 907 727 981 ἀναίτιος
742 900 776 988 ¹).
801 917 846 980 -ζ-

212 1131 378 1213 Πανταχοῦ
404 1121 458 1212 μέν
484 1126 499 1186 ὁ
523 1121 669 1206 Πλάτων,
692 1130 760 1186 νοῦν
783 1119 924 1212 ήγεμόνα
947 1120 1205 1212 προστησάμενος
1230 1114 1271 1184 ὧν
1297 1119 1477 1212 φθέγγεται,
1501 1139 1542 1197 -1÷
1565 1131 1675 1212 νοερῶν
1689 1120 1714 1207 ²)

127 1261 140 1298 ε
166 1230 263 1308 ὄντως
286 1225 398 1308 ἐπάξια
421 1228 591 1321 φθέγγεται
615 1228 790 1320 θεαμάτων·
817 1232 894 1294 ὅταν
917 1220 950 1294 δέ
973 1230 1027 1293 καί
1050 1227 1122 1306 τοὺς
1144 1230 1325 1319 κρείττονας
1349 1236 1438 1317 ήμῶν
1463 1224 1714 1316 ἀπεικονίζηται,

168 1349 272 1428 σαφῶς
289 1334 464 1419 ἐνθεάξοντι
478 1339 667 1428 προσέοικεν,
684 1337 824 1414 καὶτοὺς
842 1330 1071 1428 φοιθολήπτους
1089 1348 1242 1430 μιμεῖται,
1259 1338 1388 1428 ῥήματα
1406 1338 1503 1428 ἀφιείς
1520 1339 1621 1428 ὥσπερ
1636 1338 1712 1423 βέλη

167 1458 218 1511 νοῦ
243 1447 382 1538 γέμοντα
406 1445 460 1510 καί
481 1443 607 1534 ὑψηλῶν
632 1438 794 1511 ἐπιόολῶν·
813 1438 1046 1536 σονεξορμώσης
1064 1437 1097 1510 δέ
1118 1449 1203 1528 αύτῷ
1220 1455 1278 1520 τῆς
1295 1446 1456 1533 ἑρμηνείας
1480 1455 1549 1521 ταῖς
1574 1445 1715 1518 νοήσεσιν

169 1556 430 1640 ἀκαλλωπίστως,
455 1552 736 1645 συνεστραμμένοις
761 1553 815 1643 μέν
839 1563 956 1643 χρῆται
980 1551 1163 1645 φθέγμασιν,
1189 1554 1408 1642 ἀπολελυμένα
1433 1543 1465 1617 δὲ
1489 1551 1541 1619 ἀπ’
1567 1555 1715 1629 ἀλλήλων

169 1663 251 1730 αύτά
268 1655 434 1750 διίστησιν,
451 1663 510 1735 τήν
529 1664 686 1728 ἀπόλυτον
705 1660 891 1750 μιμούμενος
909 1659 979 1726 θέαν
996 1671 1054 1738 τῆς
1071 1657 1172 1751 ψυχῆς
1189 1664 1242 1725 ἀπ’
1259 1659 1363 1726 ἄλλων
1381 1664 1428 1727 ἐπ’
1447 1661 1530 1727 ἀλλα
1553 1654 1716 1736 πηδῶσαν·

116 1801 140 1839 ιο
170 1771 219 1840 οἷα
243 1773 296 1839 καὶ
321 1765 372 1838 διά
396 1773 516 1838 τούτων
533 1765 701 1863 ἐργάζεται
718 1779 779 1835 τῶν
796 1780 852 1835 τοῦ
868 1771 1030 1862 προφήτου
1046 1771 1160 1862 λόγων,
1178 1773 1209 1835 ἐν
1234 1771 1411 1860 ἐλαχίστοις
1437 1769 1492 1861 μέν
1516 1773 1717 1863 ἀπεριήγητα

169 1883 315 1971 νοήματα
339 1873 515 1957 συλλαύὼν,
541 1869 696 1945 ἀσύνδετα
720 1871 753 1945 δέ
777 1879 818 1945 τά
841 1874 1212 1972 πλεῖσταφθεγξάμενος,
1231 1876 1402 1971 συστρέψας
1419 1870 1452 1946 δέ
1475 1878 1517 1946 τά
1540 1885 1629 1946 κῶλα
1652 1893 1718 1958 τοῖς

170 1993 349 2081 αἰνίγμασιν
372 1989 608 2080 παραπλησίως.
628 2028 668 2037 -
694 1989 808 2054 Σκόπει
832 1980 865 2055 δέ
888 1993 917 2066 ἐς
942 1981 1071 2079 δύναμιν
1096 1991 1227 2055 ἕκαστον
1252 1997 1314 2053 τῶν
1338 1987 1457 2053 κώλων·
1480 2003 1525 2065 ÷
1548 1988 1716 2081 Ἀνάγκης,

171 2099 256 2186 φησί,
282 2097 434 2188 θυγατρός
458 2096 551 2187 κόρης
576 2097 739 2186 Λαχέσεως
764 2103 779 2162 ὁ
805 2089 838 2164 δέ
868 2099 972 2191 λόγος.
996 2113 1041 2174 -ζ-
1059 2093 1196 2189 Ἤρξατο
1221 2099 1275 2188 μὲν
1300 2092 1351 2163 ούν
1382 2098 1444 2163 ἀπό
1467 2110 1526 2175 τῆς
1549 2098 1718 2190 Ἀνάγκης,

171 2199 397 2296 ἐνδεικνύμενος
420 2211 460 2281 ῶς
476 2205 536 2297 ἀρα
553 2207 640 2278 καίή
660 2207 792 2296 Λάχεσις
809 2206 863 2271 καὶ
879 2215 938 2283 πᾶς
956 2211 971 2270 ὁ
989 2218 1126 2298 μοιραῖος
1144 2197 1312 2296 διάκοσμος
1329 2216 1391 2272 τῶν
1410 2206 1535 2272 θεαινῶν
1552 2207 1606 2274 καί
1626 2210 1718 2285 αὑτός

118 2339 143 2377 ιε
170 2317 399 2406 όπροφητικός
425 2319 466 2390 εἰς
490 2307 611 2403 μονάδα
636 2317 708 2405 μίαν
733 2315 852 2389 ἐκείνην
878 2318 1101 2381 ἀνατείνονται·
1127 2325 1214 2381 πᾶσα
1237 2314 1298 2407 γάρ

172 2534 195 2598 f.
211 2535 252 2600 89
267 2555 313 2598 v.:
327 2525 414 2610 τάξις
432 2535 486 2597 ἀπ’
504 2533 623 2609 ἐκείνης
640 2541 703 2597 τῶν
720 2533 867 2622 οὐρανίων
878 2531 916 2619 ³),
931 2543 992 2597 τῶν
1005 2532 1147 2623 χθονίων,
1160 2542 1223 2598 τῶν
1238 2528 1355 2623 ψυχῶν,
1368 2542 1431 2597 τῶν
1449 2534 1540 2618 ὅλων,
1557 2543 1619 2597 τῶν
1638 2557 1721 2624 μερι-

173 2650 246 2705 κῶν·
260 2651 319 2717 τῆς
333 2632 365 2706 δέ
377 2642 540 2730 Λαχέσεως
554 2639 646 2707 εἰπὼν
661 2643 843 2730 έκφαντικός
857 2635 943 2725 εἶναι,
956 2632 1159 2732 διαφερόντως
1173 2632 1306 2706 δέδωκεν
1320 2647 1396 2732 ήμῖν
1409 2647 1531 2720 ἐννοεῖν,
1542 2647 1582 2718 ὡς
1596 2641 1654 2732 ἀρα
1668 2641 1721 2706 καί

174 2749 267 2825 αὐτὸς
290 2749 483 2841 ἡγεμονικήν
501 2743 589 2828 ἀξίαν
606 2751 671 2839 ἔχει
685 2749 759 2837 πρός
777 2773 861 2824 τινας
878 2747 991 2825 ἀλλους
1007 2749 1180 2839 προφήτας,
1196 2753 1236 2824 ὡς
1252 2754 1272 2822 ή
1291 2747 1422 2838 Λάχεσις
1438 2748 1512 2838 πρός
1529 2746 1585 2824 τάς
1609 2747 1720 2825 λοιπάς

173 2861 296 2948 Μοίρας·
320 2858 374 2923 καί
398 2856 481 2947 μετά
504 2868 567 2922 τῶν
583 2867 762 2948 προφητῶν,
780 2859 850 2934 ἴσως
867 2856 938 2934 τούς
955 2846 1114 2947 δαίμονας,
1132 2855 1180 2933 ούς
1196 2858 1341 2946 ἐφίστησι
1363 2866 1431 2932 ταῖς
1456 2853 1578 2945 ψυχαῖς·
1603 2854 1662 2930 τήν
1689 2847 1722 2922 δέ

118 2988 146 3025 ιο
175 2955 212 3035 δή
238 2964 372 3054 Λάχεσιν
397 2963 495 3036 αύτήν
520 2965 615 3055 κόρην
640 2969 792 3055 ἀνυμνῶν,
818 2965 973 3058 ἄχραντον
998 2966 1097 3037 αύτήν
1123 2957 1224 3038 δήπου
1248 2965 1301 3029 καί
1324 2970 1423 3056 ἀμιγῆ
1454 2966 1527 3054 πρός
1551 2963 1657 3030 πάντα
1681 2964 1722 3029 τά

174 3063 384 3163 διοικούμενα,
409 3073 462 3138 καὶ
486 3077 590 3162 ἀκμῆς
615 3074 742 3162 μηστήν
767 3069 853 3160 εἶναι,
878 3073 931 3138 καί
948 3065 1108 3164 δυνάμεως
1126 3074 1221 3138 ἀύλου
1239 3073 1293 3138 καί
1312 3073 1447 3164 καθαρᾶς
1472 3074 1653 3142 αἰνίσσεται.
1678 3073 1723 3138 Τό

174 3180 234 3273 γάρ
259 3181 348 3271 κόρον
372 3191 513 3246 τοιοῦτον
533 3176 680 3247 εἶναικαὶ
696 3183 788 3258 αὑτός
807 3188 889 3270 ήμάς
907 3186 937 3246 ἐν
955 3191 999 3264 τῷ
1019 3179 1170 3271 Κρατύλῳ
1186 3178 1271 3270 παρά
1286 3191 1351 3256 τοῖς
1377 3179 1455 3256 θεοῖς
1480 3171 1628 3265 ἐδίδαξεν,
1653 3178 1724 3269 οὐχί

174 3289 372 3380 πλησμονήν,
398 3289 480 3355 ἀλλά
503 3289 710 3380 καθαρότητα
730 3301 893 3378 σημαῖνον·
910 3305 951 3361 -ζζ-
967 3291 1048 3355 ούτω
1065 3281 1099 3354 δέ
1115 3289 1215 3354 καὶέν
1234 3289 1344 3379 Νόμοις
1361 3287 1419 3362 τήν
1436 3293 1603 3379 πολιοῦχον
1628 3289 1723 3379 κόρην

178 3395 245 3485 ἀμα
261 3398 314 3462 καί
332 3389 493 3463 δέσποιναν
511 3405 600 3487 ήμῶν
613 3400 814 3488 προσείρηκεν
828 3403 867 3474 ὡς
881 3397 1027 3489 ἀχράντῳ
1041 3389 1169 3485 δυνάμει
1185 3388 1436 3489 διαλάμπουσαν.
1449 3399 1510 3462 Τόν
1525 3389 1557 3464 δὲ
1575 3391 1613 3462 αὖ
1629 3397 1723 3488 λόγον

122 3540 149 3577 25
176 3503 268 3569 εἰπὼν
287 3500 363 3571 εἶναι
379 3517 436 3582 τῆς
453 3507 628 3596 Λαχέσεως,
645 3506 677 3570 όν
696 3507 805 3596 μέλλοι
822 3517 891 3582 ταῖς
912 3504 1025 3596 ψυχαῖς
1042 3507 1194 3596 ἐκφαίνειν
1212 3507 1409 3596 σαφέστατα,
1434 3499 1523 3585 τάξιν
1548 3505 1723 3597 ἀγγελικὴν

174 3617 276 3697 ἐαυτῷ
299 3615 373 3704 πρός
397 3615 457 3686 τήν
482 3615 616 3705 Λάχεσιν
648 3606 862 3680 ἀποδέδωκεν·
887 3614 985 3680 ἀλλου
1017 3615 1077 3705 γάρ
1110 3616 1321 3706 ἀπαγγέλλων
1344 3615 1472 3707 λόγους,
1497 3614 1632 3706 ἄγγελός
1656 3619 1724 3681 ἐστι

177 3712 332 3796 δήπουθεν
356 3725 449 3800 αύτός
474 3725 589 3788 ἐκείνου
615 3713 819 3814 διαφερόντως
844 3718 879 3788 ού
902 3733 964 3789 τῶν
988 3723 1091 3815 λόγων
1109 3729 1176 3790 ἐστι
1200 3724 1353 3814 μηνυτής·
1371 3725 1452 3788 ὥστε
1476 3723 1647 3815 συντόμως,
1671 3724 1725 3790 καί

176 3831 260 3906 ὅστις
284 3831 369 3896 ἐστίν
393 3823 547 3920 ἐξέφηνεν,
572 3834 622 3898 ότι
645 3843 707 3897 τῶν
733 3833 880 3924 μοιραίων
905 3833 1047 3925 ἀγγέλων
1071 3858 1119 3909 τις
1135 3833 1259 3923 κλήρων
1277 3824 1449 3922 διανομεύς,
1476 3834 1549 3917 βίων
1574 3836 1726 3924 έκφαντο-

178 3939 269 4029 ρικός,
286 3949 349 4004 τῶν
369 3939 541 4012 εἰληκότων
566 3947 650 4030 ήμᾶς
668 3933 822 4031 δαιμόνων
840 3940 1021 4016 ἐπιστάτης.
1040 3939 1128 4006 Ἀλλ’
1146 3942 1227 4017 ὅπως
1245 3941 1300 4030 μέν
1317 3943 1381 4031 ἔχει
1398 3941 1471 4031 πρός
1488 3939 1530 4005 τά
1547 3940 1604 4030 πρό
1629 3943 1724 4005 οιύτοῦ

122 4083 148 4120 30
177 4039 228 4113 διά
251 4048 372 4114 τούτων
397 4041 556 4128 ἐδίδαξεν,
581 4048 601 4114 ἀ
624 4042 657 4115 δέ
679 4051 753 4141 πρὸς
784 4048 826 4114 τά
851 4049 934 4141 μετά
966 4050 1060 4115 αὐτόν
1093 4051 1303 4136 ἀποτείνεται,
1328 4050 1534 4140 σκοπήσωμεν
1558 4051 1724 4138 ἑπομένως·

176 4171 221 4232 ÷
246 4157 364 4247 Ψυχαὶ,
389 4157 492 4246 φησίν,
517 4159 674 4248 ἐφήμεροι,
699 4172 743 4233 -ζ-
765 4158 822 4235 τάς
846 4158 900 4248 μέν
925 4157 1115 4249 ἀνθρωπίνας
1139 4155 1250 4250 ψυχάς,
1275 4160 1342 4225 ούτι
1366 4183 1403 4251 γε
1425 4155 1538 4241 πάσας,
1563 4155 1647 4222 ἀλλά
1667 4156 1724 4234 τάς

177 4264 324 4355 γενέσεως
348 4265 574 4356 ἐπορεγομένας
596 4256 659 4339 ήδη
677 4271 781 4332 καλῶν
799 4265 981 4356 ἐφημέρους,
998 4271 1037 4342 ὡς
1055 4265 1177 4340 θνητῶν
1194 4267 1247 4332 καὶ
1270 4268 1433 4359 ἐφημέρων
1458 4267 1647 4357 ἁπτομένας,
1673 4267 1727 4330 καί

179 4363 231 4439 διά
255 4383 356 4438 ταῦτα

178 4592 201 4656 f.
227 4592 286 4658 90:
312 4589 372 4682 ἀρα
394 4595 512 4656 πολλοῦ
536 4590 580 4682 ἐφ’
606 4588 648 4666 οἷς
664 4645 671 4658 .
687 4644 717 4660 .,
742 4589 812 4669 τήν,
838 4579 935 4656 ἀίδιον
952 4592 1057 4657 ούσίαν
1073 4602 1136 4657 τῶν
1161 4589 1277 4682 [ψυχῶν
1302 4597 1390 4682 ἐνεργ
1406 4645 1413 4660 .
1429 4645 1436 4660 .
1451 4594 1481 4679 .]
1508 4616 1540 4657 τι
1563 4590 1623 4664 τήν
1648 4593 1728 4683 ἐφη-

126 4743 153 4780 35
182 4721 273 4787 μερον
298 4701 399 4762 αὐτῶν
424 4692 507 4777 ζωήν
532 4700 624 4778 αὐτός
648 4703 841 4766 ἐπισκοπῶν·
866 4713 910 4775 -ζ-
933 4699 1032 4790 ’Λρχή
1060 4691 1097 4773 δή
1124 4695 1175 4765 ούν
1200 4695 1270 4779 ἑξῆς
1296 4701 1403 4790 φησὶν,
1432 4700 1542 4786 [ἄλλης
1566 4692 1722 4792 περιόδου]

182 4802 296 4877 θνητοῦ
320 4807 426 4895 γένους
451 4805 679 4898 θανατηφόρου,
703 4819 748 4882 ÷
771 4817 874 4872 ταῦτα
898 4818 952 4872 τοῦ
967 4810 1027 4898 πρό
1044 4809 1145 4872 αὐτῶν
1164 4808 1346 4883 ἀποστήσας
1368 4806 1482 4886 κώλου,
1507 4807 1648 4898 καθάπερ
1673 4807 1727 4872 καί

180 4913 277 4976 ἐκεῖνο
301 4922 356 4976 τοῦ
380 4913 504 5002 πρώτου
529 4913 683 5006 ῥηθέντος·
708 4919 748 4990 ὡς
772 4913 831 5006 γάρ
846 4915 870 5004 ⁴)
894 4925 957 4980 νοεῖ
972 4907 1203 5005 μεταόατικῶς,
1220 4916 1301 4980 οὕτω
1318 4914 1371 4980 καὶ
1387 4915 1566 5008 φθέγγεται·
1591 4914 1728 4991 καὶτῆς

219 5177 241 5252 l)
259 5179 295 5236 A.
314 5198 341 5252 p.
361 5179 404 5235 78.
1019 5185 1043 5260 ³)
1062 5185 1097 5240 Α.
1117 5187 1210 5246 ἐκιὶνης
1228 5187 1278 5238 τῶν
1299 5185 1342 5238 ούκ
1362 5185 1451 5258 αὐτῶν,
1472 5186 1573 5238 τῶν...

217 5268 242 5345 ²)
261 5271 389 5326 Erasum
408 5266 589 5326 versiculum
603 5268 703 5327 decem
721 5269 857 5327 asterisci
875 5271 929 5326 im·
1018 5277 1041 5349 ⁴)
1059 5275 1094 5330 A.
1113 5292 1141 5346 p.
1161 5274 1203 5329 79.

181 5363 272 5434 plent.
