4008 6068
648 533 709 607 ur
726 534 965 608 commentario
982 533 1020 606 in
1035 533 1195 626 psalmos.
1664 549 1706 632 ιο

153 703 184 783 θς
207 705 308 798 πέτρα
324 715 369 790 τῷ
387 707 531 798 μακαρίῳ
549 706 798 796 κατωνόμασται
822 707 901 772 ΙΙαύ
965 709 1007 775 sti
1030 711 1086 796 qui
1107 713 1201 796 petra
1216 713 1347 778 vocatus
1362 714 1411 776 est
1433 733 1453 776 a
1475 711 1570 778 beato
1595 712 1707 780 Paulo.

154 818 201 898 λῳ
215 813 251 900 ¹),
276 813 330 878 καί
355 816 405 878 ἵνα
427 813 483 878 τόν
507 823 576 878 νοῦν
594 813 722 879 ἅπαντα
744 825 803 892 τῆς
828 811 911 904 tat.
965 811 1073 900 Atque
1084 819 1121 880 ut
1133 836 1257 882 omnem
1270 815 1464 904 psalmodiae
1479 823 1619 885 mentem
1633 841 1709 906 ape-

155 911 274 1010 μῳδίας
290 922 376 1007 είπω,
394 922 599 1011 εὐχαριστίαν
617 925 633 985 ό
648 921 743 1012 λόγος
766 924 911 1014 περιέχει.
964 922 1061 1004 marn,
1084 925 1262 1008 gratiarum
1285 926 1443 992 actionem
1473 927 1626 994 continet.
1651 927 1708 1011 Ea,

155 1035 266 1094 Ταῦτα
289 1027 350 1122 γάρ
375 1053 439 1118 ριοι,
457 1029 544 1118 ρησί,
561 1022 702 1121 ὑπῆρξαν
727 1032 786 1096 ὅσα
808 1034 912 1123 προεί-
964 1030 1079 1115 inquit,
1095 1031 1174 1096 mihi
1190 1031 1384 1113 acciderunt,
1400 1055 1482 1119 quaa
1498 1033 1573 1116 dixi,
1590 1034 1710 1121 quippe

157 1161 248 1229 ρηκα,
274 1128 380 1209 ἐπειδὴ
407 1135 444 1202 σύ
469 1138 562 1214 αύτύς
587 1142 602 1202 ό
628 1140 704 1214 Θεὸς
728 1141 846 1231 ἰπῇράς
874 1165 912 1229 με
965 1141 1000 1204 tu
1024 1138 1103 1222 ipse,
1120 1137 1216 1220 Deus,
1232 1139 1390 1205 sustulisti
1406 1161 1457 1206 me
1473 1144 1506 1206 et
1521 1139 1653 1208 elevasti
1674 1141 1709 1207 in

154 1248 208 1312 καί
230 1243 354 1336 ύψωσας
379 1251 411 1312 ἑν
441 1257 483 1334 τῇ
507 1246 593 1338 παροί
625 1248 674 1312 ccl
703 1248 814 1336 πέτρᾳ,
839 1249 910 1325 ἥτις
964 1245 1024 1312 hac
1032 1245 1285 1332 juxtatepetra‚
1296 1269 1376 1332 quae
1389 1251 1438 1314 est
1449 1247 1593 1315 Verbum
1606 1253 1709 1315 tuum.

154 1353 240 1420 ἐστίν
259 1358 275 1418 ὁ
293 1354 346 1430 σός
358 1355 468 1445 Λόγος.
487 1355 521 1418 'll
536 1354 638 1446 πέτρα
654 1353 714 1446 γὰρ
730 1351 769 1430 ἦν
787 1360 803 1419 ὁ
820 1361 912 1447 Χρισ-
948 1352 1050 1448 'Nam
1073 1359 1165 1439 petra
1195 1360 1264 1422 erat
1297 1354 1453 1422 Christus.
1477 1355 1583 1433 Quum
1606 1356 1709 1442 igitur

154 1463 218 1539 τός·
243 1463 312 1528 ἰπιί
335 1463 439 1528 τοίνυν
463 1470 508 1545 τῷ
532 1460 620 1552 λόγῳ
644 1485 700 1526 σου
723 1457 847 1550 ύψωσάς
872 1485 910 1552 με
964 1461 1097 1528 elevasti
1119 1485 1170 1530 me
1193 1466 1250 1528 tuo
1265 1461 1384 1545 Verbo,
1409 1463 1641 1550 sublimemque
1660 1465 1710 1532 fe-

155 1570 210 1635 καί
234 1570 390 1662 μετέωρον
416 1571 576 1654 ἐποίησας,
597 1576 637 1646 ὼς
663 1570 779 1661 μηκέτι
803 1595 912 1637 acror-
965 1570 1046 1652 cisti,
1069 1569 1154 1636 uude
1169 1591 1234 1636 nou
1248 1570 1315 1656 Jam
1332 1571 1503 1640 mediocria
1525 1576 1631 1640 terrae
1655 1595 1710 1639 ex·

155 1690 221 1746 κείν
246 1677 289 1744 τόι
314 1677 394 1769 μέσα
417 1687 475 1754 τῆς
498 1687 570 1769 γῆς,
587 1681 658 1742 ἀλλ’
676 1683 707 1744 έν
732 1676 836 1768 ἄκροις
859 1683 912 1744 αύ-
964 1677 1077 1760 oolam,
1094 1678 1197 1744 sedin
1211 1682 1317 1746 terrae
1333 1679 1473 1766 fastigiis
1494 1681 1622 1748 sistam:
1638 1680 1711 1747 inde

155 1799 214 1866 της
238 1786 394 1878 γενέσθαι,
418 1779 480 1860 ἤδη
511 1779 546 1852 δέ
577 1785 631 1851 καί
662 1777 833 1876 ῶδήγησάς
857 1808 909 1874 με,
964 1809 1101 1871 namque
1116 1787 1274 1854 deduxisti
1297 1811 1358 1869 me,
1375 1792 1412 1854 ut
1428 1790 1560 1875 propius
1581 1790 1642 1856 tibi
1657 1811 1710 1857 ao·

155 1897 241 1962 ὥστε
263 1897 399 1968 πλησίον
425 1917 480 1960 σου
504 1892 632 1984 ρθάσαι,
648 1893 780 1985 γέγονοίς
799 1917 835 1958 τε
859 1896 911 1958 ἰλ-
965 1896 1086 1976 cedam,
1109 1895 1230 1980 fiasque
1246 1917 1318 1980 spes
1337 1919 1417 1978 mea,
1433 1898 1467 1962 in
1484 1919 1548 1983 qua
1571 1919 1627 1984 epe
1648 1920 1712 1965 non

154 2007 205 2082 πίς
231 2029 302 2098 μου,
327 1996 362 2071 δι’
381 2005 421 2079 ἣν
438 1996 552 2070 ἐλπίδα
575 2008 610 2068 ού
635 2000 910 2092 καταισχυνθήσο-
964 2003 1160 2083 confundar;
1183 2004 1238 2070 sed
1263 2027 1360 2089 quum
1387 2006 1594 2073 circumstent
1617 2007 1712 2074 multi

157 2139 224 2206 μαι.
239 2113 343 2180 Ἀλλὰ
358 2114 412 2179 καί
427 2116 554 2179 πολλῶν
571 2111 773 2201 ἐπικειμένων
786 2118 908 2184 νοητῶν
964 2109 1146 2195 spirituales
1177 2111 1369 2192 adversarii,
1393 2133 1496 2179 meam
1523 2118 1713 2199 quaerentes

157 2221 287 2312 ἐχθρῶν,
299 2230 361 2285 τῶν
375 2214 557 2300 ζητούντων
570 2217 629 2292 τὴν
642 2215 745 2308 ψυχήν
757 2241 827 2309 μου,
838 2217 910 2282 ὰντί
964 2219 1113 2300 animam,
1137 2223 1249 2285 contra
1265 2241 1374 2286 omnes
1390 2225 1426 2288 tu
1442 2222 1520 2287 satis
1543 2244 1624 2302 eras,
1641 2222 1710 2288 sola

157 2329 286 2394 πάντων
310 2327 445 2418 ἤρκεσας
470 2325 517 2405 σύ,
543 2327 636 2416 μόνον
660 2325 776 2417 πύργος
805 2325 909 2414 ἰσχύος
963 2329 1042 2394 mihi
1066 2329 1165 2394 turris
1188 2328 1396 2396 fortitudinis.
1420 2329 1536 2396 Merito
1558 2331 1633 2397 dum
1658 2331 1709 2396 his

159 2460 213 2528 μοι
240 2436 417 2529 γενόμενος.
443 2435 579 2511 Εἰκότως
613 2434 735 2501 τούτων
761 2433 909 2498 ἁπάντων
963 2436 1110 2502 omuibus
1133 2435 1232 2517 fruar,
1256 2457 1342 2502 meos
1364 2436 1425 2502 tibi
1448 2437 1583 2523 hymnos
1599 2437 1709 2519 offero,

157 2545 278 2637 τυχὼν,
293 2545 341 2611 σοί
353 2543 425 2621 τούς
438 2543 549 2633 ύμνούς
563 2543 748 2633 ἀναπέμπω,
760 2549 801 2621 ὡς
815 2542 910 2610 ἀποίν-
962 2545 1018 2630 qui
1033 2549 1145 2611 auctor
1162 2544 1317 2610 bonorum
1333 2566 1476 2611 meorum
1493 2543 1597 2614 iactus
1613 2567 1658 2611 es.

158 2679 224 2722 των
250 2677 304 2744 μοι
328 2651 455 2745 ἀγαθόν
478 2653 636 2744 γενομένῳ
660 2655 761 2738 αἰτίῳ.

180 2999 211 3046 ν.
237 2978 268 3044 4.
293 2965 474 3065 Ὦδύγησοίς
498 2997 547 3064 με,
564 2975 614 3040 ὅτι
637 2972 789 3065 έγενήθης
813 2975 899 3048 ἐλπίς
924 2995 994 3062 μου,
1018 2971 1133 3064 πύργος
1160 2970 1263 3061 ἰσχύος
1288 2971 1349 3037 σίπδ
1373 2970 1540 3062 προσώπου
1565 2967 1685 3061 ἰχθροῦ.

271 3083 451 3152 Deduxisti
464 3105 523 3166 πιο,
540 3085 739 3169 quiefactus
755 3103 788 3151 es
803 3099 876 3166 spes
893 3105 981 3167 πόα,-
997 3085 1101 3150 turris
1114 3081 1323 3167 fortitudinis
1339 3105 1359 3150 α
1373 3083 1458 3167 socie
1472 3081 1609 3147 inimici.

205 3295 295 3362 Ἐπεί
318 3285 353 3360 δί
368 3305 431 3361 τῶν
448 3287 648 3387 ύδηγούντων
665 3287 742 3361 ἴδιον
766 3295 804 3362 τό
829 3286 913 3361 δεικ-
1011 3297 1144 3374 Quando
1160 3295 1288 3383 quidem
1303 3317 1413 3362 eorum
1425 3295 1480 3381 qui
1496 3295 1626 3376 ducunt,
1638 3315 1711 3360 mu·

161 3405 244 3473 νύειν
267 3407 343 3472 ποία
360 3405 415 3494 μὲν
432 3403 575 3495 ἀσφαλὴς
593 3401 674 3491 ὁδός,
690 3407 767 3470 ποία
783 3383 816 3470 δὲ
840 3428 916 3495 σρα-
968 3428 1027 3471 nus
1044 3409 1093 3470 est
1109 3405 1276 3471 ostendere
1291 3403 1396 3488 qualis
1412 3407 1485 3469 tuta
1500 3402 1551 3469 via
1566 3401 1619 3483 sir,
1635 3423 1714 3486 qua·

161 3511 238 3604 λεροί
261 3512 315 3578 καί
334 3505 472 3604 βλαύιροί
492 3511 725 3603 μαρτυρεῖσθαι,
743 3511 795 3576 καί
818 3521 913 3576 τοῦτο
968 3511 1007 3578 lis
1031 3534 1107 3578 vero
1128 3512 1253 3580 lubrica
1269 3517 1302 3577 et
1318 3511 1498 3598 periculosa
1520 3509 1714 3596 significare,

164 3623 294 3714 Χριστός
317 3619 495 3698 πεποιηκὼς
519 3622 707 3711 εὑρίσκεται,
732 3624 763 3686 ἐν
787 3631 833 3704 τῷ
855 3621 914 3686 λέ·
970 3643 1041 3687 ecce
1064 3621 1210 3686 Christus
1233 3620 1265 3685 id
1285 3620 1397 3712 fecisse
1419 3620 1589 3704 reperitur,
1613 3640 1713 3703 quum

163 3752 241 3820 γειν·
264 3728 347 3820 Ἐγώ
363 3732 426 3819 εἰμι
450 3719 520 3804 ὁδὸς
544 3729 633 3803 καίή
661 3727 736 3819 θύρα
750 3727 784 3814 ²).
810 3730 853 3794 Τό
878 3720 912 3794 δὲ
969 3730 1063 3796 dicit:
1087 3733 1100 3762 ⁸
1119 3729 1190 3815 Ego
1205 3751 1276 3794 sum
1291 3729 1343 3794 ria
1359 3733 1392 3795 et
1408 3728 1525 3794 ostium
1543 3777 1569 3808 ,.
1585 3727 1715 3792 Turrim

162 3837 279 3928 πύργος
297 3835 400 3927 ἰσχύος
414 3837 520 3926 ὅμοιον
537 3837 611 3902 ὡσεί
624 3837 723 3927 λέγοι·
739 3848 844 3927 τεῖχος
861 3837 915 3902 καὶ
970 3841 1077 3903 autem
1093 3835 1291 3902 fortitudinis
1308 3857 1386 3916 esse,
1401 3834 1486 3900 idem
1502 3856 1540 3901 ac
1560 3834 1585 3898 si
1610 3833 1713 3900 dicat:

165 3943 309 4034 ἀσραλὴς
326 3944 457 4034 γέγονας
474 3949 514 4021 εἰς
529 3945 568 4010 τδ
590 3936 688 4032 μηδὲν
704 3955 815 4011 πατεῖν
840 3947 917 4018 ἐπη-
970 3943 1083 4010 Murus
1098 3964 1224 4029 quoque
1240 3943 1351 4008 firmus
1366 3942 1471 4008 factus
1486 3963 1530 4022 es,
1543 3940 1614 4006 ideo
1627 3941 1714 4025 quod

167 4045 340 4140 ρεαζόντων
355 4059 419 4115 τῶν
437 4048 564 4142 έχθρῶν.
582 4050 701 4142 Πύργος
718 4050 779 4142 γὰρ
795 4041 916 4142 ἑδραῖος
970 4073 1034 4118 που
1050 4050 1154 4117 ἰυίίείἰ
1170 4072 1228 4117 nos
1243 4051 1284 4117 ab
1300 4049 1436 4116 inimicis
1451 4049 1580 4115 tentari.
1601 4047 1713 4114 'l'urris

166 4158 220 4224 καί
242 4157 473 4234 ἀκατάσειστος
497 4161 513 4221 ὁ
538 4157 694 4248 Χριστός.’
971 4158 1055 4224 enim
1078 4157 1180 4223 solida
1203 4160 1236 4222 et
1259 4157 1446 4228 inconcussa
1468 4153 1624 4222 Christus.

405 4507 433 4552 ν.
458 4485 490 4553 6.
513 4475 661 4561 ’Έδωκας
685 4483 896 4575 κληρονομίαν
920 4491 985 4559 τοῖς
1010 4473 1210 4573 ρσόουμένοις
1233 4481 1270 4546 τό
1294 4478 1393 4569 ὄνομά
1417 4501 1481 4543 σου.

518 4595 652 4663 Dedisti
673 4596 898 4663 haereditatem
921 4594 1106 4660 timentibus
1127 4612 1241 4660 nornen
1264 4597 1364 4658 tuum.

213 4806 328 4874 ’ἰστέον
353 4806 461 4897 μέντοι
488 4809 539 4874 ὅτι
569 4817 664 4874 τοῦτο
696 4809 825 4899 αἴνιγμα
852 4808 919 4896 ἔχει
1016 4807 1185 4875 Sciendum
1203 4805 1333 4872 interim
1347 4804 1382 4870 in
1398 4825 1435 4870 eo
1447 4803 1552 4889 jacere
1567 4802 1716 4888 aenigma

169 4917 296 4994 καὶτῆς
313 4915 447 4994 ἀληθοῦς
463 4920 683 5008 κληρονομίας·
700 4918 781 4990 αύτη
801 4908 834 4981 δέ
851 4919 919 4981 έστι
972 4914 1010 4981 de
1033 4936 1110 4980 vera
1131 4913 1338 4980 haereditate.
1362 4909 1452 4978 Haec
1478 4932 1554 4977 sane
1584 4913 1633 4976 est
1656 4909 1716 4974 im·

168 5029 189 5100 η
208 5024 329 5101 αἰώνιος
344 5019 422 5109 ζωὴ,
447 5024 531 5091 ἀλλὰ
548 5025 610 5115 μὴν
628 5027 709 5098 αύτη
729 5028 760 5091 ἐν
777 5033 822 5109 τῷ
843 5025 920 5113 μέλ·
973 5024 1118 5090 mortalis
1140 5023 1218 5108 vita,
1234 5022 1288 5088 sed
1311 5020 1432 5106 ipsein
1456 5018 1566 5086 futuro
1590 5017 1717 5084 saeculo

168 5137 257 5198 λοντι
281 5138 367 5198 αἰῶνι
391 5122 567 5207 δοθήσεται
590 5139 659 5210 Πῶς
683 5125 735 5198 σύν
764 5125 839 5198 εἴτε·
864 5123 920 5196 δέ·
972 5133 1111 5199 dabitur.
1134 5128 1300 5208 Quomodo
1321 5129 1425 5214 igitur
1440 5127 1486 5194 ait
1505 5131 1518 5162 ⁸
1535 5125 1659 5194 Dedisti
1677 5127 1718 5206 ,ί

207 5381 230 5456 ¹)
248 5397 261 5440 1
280 5383 345 5441 00³·
364 5400 394 5457 Σ,
413 5385 439 5442 4·
1006 5381 1029 5456 ²)
1048 5379 1137 5440 Joan.
1157 5400 1185 5456 x,
1205 5381 1223 5439 9
1230 5401 1238 5456 ς
1256 5397 1317 5454 arv,
1337 5381 1363 5439 6.
