3944 6074
262 457 315 521 ιιο
605 449 808 527 Xenocratis
827 458 857 525 et
876 447 1022 524 aliorum
1036 448 1219 543 μεοιιιείνίο
1234 443 1454 543 μεκεῖίιίίιιοιι.

262 628 305 691 Τὸ
330 617 363 690 δὲ
389 623 553 706 ἰσοσκελὲς,
580 635 648 698 ταῖς
674 624 757 714 μετά
781 623 837 700 τάς
862 622 942 700 θείας
960 621 1072 712 ψυχαῖς
1098 615 1269 711 δαιμονίαις
1293 625 1406 697 οὔσαις,
1429 625 1460 686 ἐν
1485 618 1530 697 αἷς
1556 621 1663 709 μέσαις
1688 625 1804 700 οὔσαις,

261 735 367 808 ἰσότης
391 733 426 797 τέ
451 735 534 797 ἐστιν
557 733 611 795 καὶ
636 733 793 816 ἀνισότης,
817 733 921 807 ένωσίς
945 756 981 795 τε
1005 732 1058 795 καί
1081 733 1221 795 ποικιλία
1240 721 1410 819 δυνάμεων,
1426 738 1488 793 τῶν
1508 729 1626 812 βάσεων
1651 733 1806 819 ἀνομοίων

261 847 358 906 οἰσῶν
383 841 457 931 πρὸς
482 839 540 915 τάς
557 839 683 904 ἄνωθεν·
701 832 782 905 διότι
799 832 836 910 δὴ
856 841 908 904 καί
926 847 953 904 οἱ
970 833 1123 927 δαίμονες,
1139 850 1204 913 τοῖς
1222 839 1276 926 μὲν
1300 837 1444 927 ἐσχάτοις
1468 842 1587 902 ἑαυτῶν
1612 839 1809 926 ἐφάπτονται

260 961 322 1015 τῶν
347 949 505 1038 χειρόνων,
529 960 593 1022 τοῖς
619 939 652 1012 δὲ
676 945 877 1036 ὑψηλοτέροις
900 958 961 1012 τῶν
978 949 1171 1036 κρεισσόνων,
1191 947 1244 1010 καί
1260 952 1279 1019 ῆ
1298 945 1401 1034 ἐπαφὴ
1428 957 1493 1021 τοῖς
1518 948 1572 1034 μὲν
1596 941 1732 1036 ἐξομοιοῖ
1756 939 1809 1012 διά

220 1087 232 1122 ε
261 1071 317 1134 τῆς
345 1061 499 1133 ἰσότητος·
524 1067 589 1132 τοῖς
615 1050 647 1122 δέ
665 1057 831 1122 συνάπτειν
850 1049 901 1120 διά
917 1068 975 1131 τῆς
996 1057 1188 1130 ἀνισότητος.
1208 1095 1250 1103 -
1268 1057 1312 1119 Τὸ
1337 1047 1370 1119 δὲ
1395 1047 1431 1128 δὴ
1458 1058 1563 1144 τρίτον
1588 1056 1624 1120 τδ
1649 1059 1807 1127 σκαληνόν

261 1167 366 1250 πάντρΙ
393 1164 592 1252 ἀνισούμενον
616 1173 679 1228 τῶν
704 1161 810 1253 ψυχῶν
834 1169 919 1228 ἐστιν
945 1169 1010 1228 ἀνι·
1040 1166 1107 1248 (fol.
1125 1165 1181 1247 53)
1206 1161 1498 1248 ...κινούμενα...
1524 1162 1669 1252 χειρόνων
1693 1164 1809 1227 καὶτὸ

261 1264 573 1365 παραδοξότατον
591 1283 654 1337 τῶν
671 1273 775 1357 πάντῃ
795 1267 846 1336 οὑν
864 1276 971 1346 αὑταῖς
989 1272 1092 1336 ἄνισον
1104 1321 1110 1333 .
1121 1322 1128 1335 .
1140 1323 1145 1334 .
1156 1261 1283 1334 δεδοται
1300 1271 1337 1334 τὸ
1360 1269 1464 1356 πάντῃ
1484 1271 1599 1356 ἄνισον,
1616 1275 1687 1334 ἀλλ’
1706 1273 1807 1336 ὅτε...

261 1395 324 1476 χῶν
341 1382 504 1464 τοιούτων,
522 1382 648 1457 εἰκότως
673 1381 773 1452 καλὴν
799 1383 896 1446 όντων
914 1404 1046 1445 ...νεσιν
1064 1379 1117 1442 καί
1138 1379 1198 1442 ἀπὸ
1222 1378 1369 1468 γενέσεως
1387 1380 1609 1468 φερομένων...
1634 1370 1671 1451 δὴ
1698 1381 1734 1444 τὸ
1759 1385 1809 1470 ύρ-

263 1491 420 1584 θογώνιον,
434 1495 449 1554 ὁ
463 1490 531 1580 περὶ
546 1489 599 1578 μὲν
614 1489 673 1560 τὴν
687 1488 779 1578 ύρθῆν
799 1487 911 1578 [ἔχων]
929 1487 1070 1576 πυθμένα
1083 1488 1138 1551 τὸν
1151 1489 1319 1576 ἐπίτριτον,
1333 1491 1417 1551 κατά
1431 1479 1463 1551 δέ
1479 1487 1538 1559 τὴν
1552 1490 1808 1574 ὑπ[οτειΊνουσαν·

209 1619 235 1656 ¹⁰
261 1601 316 1665 τὸν
340 1609 398 1674 τῆς
422 1589 585 1686 πεμπάδος
603 1595 741 1684 ἀριθμόν·
758 1586 821 1660 ἔδει
839 1594 927 1685 [μέν]
946 1595 1005 1685 γάρ
1024 1595 1066 1682 μί,
1088 1597 1122 1659 τό
1138 1596 1235 1683 τυχόν
1253 1599 1354 1658 αὑτῶν
1373 1589 1449 1659 εἶναι
1470 1597 1619 1686 τρίγωνον
1635 1597 1689 1660 καί
1705 1607 1807 1661 ταῦτα

262 1709 366 1794 πάντῃ
393 1706 610 1793 ἀνισουμένων,
628 1705 711 1768 ἀλλά
729 1705 766 1768 τό
790 1702 984 1792 ὀρθογώνιον·
1002 1695 1107 1774 ἐπειδὴ
1127 1703 1183 1768 κάν
1202 1708 1232 1767 ἐν
1249 1714 1318 1778 ταῖς
1336 1703 1491 1775 κινήσεσιν
1509 1707 1604 1793 ἔχωσι
1627 1707 1664 1768 τὸ
1689 1706 1809 1768 ἀνισοῦ-

263 1815 335 1880 σθαι
348 1814 407 1885 τὴν
425 1815 530 1878 οὑσίαν
549 1814 595 1878 ἀεὶ
615 1811 674 1882 τὴν
693 1810 791 1883 αὐτην
810 1811 1037 1900 φρουρουμένην
1055 1813 1229 1898 εἰλήχασιν·
1244 1821 1298 1876 τοῦ
1317 1815 1437 1899 μᾶλλον
1455 1813 1508 1876 καί
1524 1808 1622 1887 ἧττον
1640 1805 1807 1903 ἅδε[κτον]

263 1921 329 1990 οίαν
354 1926 420 2012 ἔχει
443 1923 497 1987 καί
520 1927 539 1995 ῆ
566 1919 639 2010 ύρθὴ
666 1919 770 2008 φύσιν,
797 1911 844 1984 διὸ
868 1930 927 1994 τῆς
950 1911 1113 1994 οὑσιώδους
1138 1924 1222 1983 ἐστιν
1246 1918 1335 1983 εἰκὼν
1360 1931 1524 2008 πανταχοῦ
1549 1931 1691 2009 συνοχῆς·
1714 1931 1809 1985 τοῦτο

263 2023 297 2098 δὲ
321 2027 359 2096 αὔ
384 2023 445 2096 ἔδει
469 2029 525 2105 τάς
550 2029 620 2115 περί
638 2027 696 2098 τῆν
715 2026 806 2117 ύρθῆν
831 2030 924 2116 ἔχειν,
948 2033 979 2092 ἐν
1003 2028 1089 2119 λόγῳ
1113 2037 1158 2109 τῷ
1183 2030 1341 2116 ἐπιτρίτῳ·
1366 2019 1447 2090 διότι
1471 2030 1508 2092 τὸ
1532 2031 1689 2119 ἐπίτριτον
1715 2030 1807 2116 μέσον

209 2152 235 2190 ¹⁵
263 2141 346 2206 ἐστὶν
360 2137 531 2228 συμφώνων
546 2139 599 2201 καί
613 2137 805 2225 ἀσυμφώνων
821 2129 1059 2224 διαστημάτων,
1070 2143 1097 2200 εἰ
1110 2127 1143 2202 δὲ
1156 2136 1199 2224 μὴ
1213 2147 1412 2226 προϋπῆρχεν
1426 2141 1456 2201 ἐν
1471 2150 1510 2222 τῇ
1527 2142 1615 2222 ούσίορ
1628 2149 1685 2215 τῆς
1696 2136 1806 2228 ψυχῆς,

264 2247 318 2312 καί
341 2257 399 2321 τῆς
425 2247 624 2333 ἀσυμφωνίας
649 2240 734 2335 ῥίζα,
760 2253 818 2317 τῆς
844 2246 1020 2331 συμφωνίας
1046 2244 1182 2333 ἀκράτου
1207 2245 1260 2308 καί
1285 2246 1381 2333 μόνης
1405 2247 1507 2326 οὔσης,
1531 2239 1595 2311 οὔδ’
1621 2247 1656 2312 ἀν
1681 2253 1711 2313 ἐν
1740 2259 1807 2322 ταῖς

264 2349 356 2434 ζωαῖς
382 2358 480 2427 αὑτῆς
505 2351 605 2440 ὤφθη·
630 2353 684 2417 καί
707 2363 775 2427 ταῖς
800 2343 968 2439 δυνάμεσιν
994 2343 1154 2425 διάστασις
1171 2353 1224 2415 καί
1248 2356 1450 2442 ἀναρμοστία·
1469 2345 1565 2425 δηλοῖ
1583 2347 1616 2420 δέ
1639 2357 1692 2420 καὶ
1717 2357 1808 2430 αὑτὸς

264 2462 323 2533 τὴν
349 2463 454 2526 ούσίαν
481 2463 578 2534 αὐτῆς
603 2465 659 2524 οὑκ
683 2453 715 2537 ἐξ
737 2460 903 2548 ἀκηράτων
921 2463 1082 2534 παντελῶς
1099 2460 1200 2550 λέγων
1217 2465 1394 2533 ὑποστῆσαι
1410 2462 1465 2524 τόν
1483 2453 1684 2553 δημιουργὸν,
1708 2465 1809 2554 ὥσπερ

263 2569 323 2640 τὴν
348 2567 441 2634 θείαν·
460 2573 487 2632 εἰ
504 2560 537 2634 δέ
553 2579 647 2633 τοῦτο
671 2561 835 2657 δαιμονίως
853 2573 868 2631 ὁ
886 2571 1042 2658 ἐπίτριτος
1058 2567 1118 2638 τὴν
1136 2568 1319 2656 ἀσύμφωνον
1344 2568 1409 2656 ἅμα
1434 2571 1487 2633 καὶ
1511 2570 1672 2660 σύμφωνον
1697 2575 1811 2638 ἐνεικύ-

210 2708 237 2744 ιο
264 2679 374 2741 νίσατο
399 2676 558 2740 σύστασιν·
585 2676 744 2766 ἀκιόρατον
761 2675 820 2766 γάρ
838 2667 889 2740 διά
906 2676 964 2746 τὴν
982 2679 1160 2748 καλλίστην
1177 2678 1251 2766 πρὸς
1268 2679 1345 2741 αὑτὸ
1366 2681 1543 2766 συμφωνίαν
1565 2681 1654 2766 μένον
1679 2682 1730 2745 ἐπί
1752 2691 1811 2756 τῆς

265 2788 378 2861 οἰκείας
392 2778 540 2874 άδιαφθό-
557 2787 626 2866 (fol.
641 2789 683 2850 53
697 2787 741 2868 v.)
756 2787 920 2849 ...ενίουσι
932 2783 989 2860 τάς
999 2835 1005 2847 .
1016 2835 1039 2847 ..
1055 2777 1243 2848 διαλυτικῶν
1257 2795 1410 2874 κηρῶν...
1424 2786 1518 2849 πάλιν
1532 2791 1548 2850 ὁ
1562 2791 1692 2876 Τίμαιος
1706 2781 1811 2860 δηλῶν

265 2893 322 2969 τάς
340 2898 370 2958 ἐν
389 2889 463 2978 ᾗ...
483 2903 547 2956 τῶν
565 2892 686 2955 κύκλων
705 2890 798 2981 φοράς
815 2892 963 2980 φησίν...
981 2894 1141 2965 παντελῶς
1158 2886 1235 2954 εἶναι
1252 2891 1359 2965 λυτάς·
1376 2893 1430 2956 καί
1447 2893 1571 2980 μέποτε
1588 2895 1642 2957 καί
1658 2904 1719 2958 τῶν
1737 2919 1816 2982 συμ-

265 3006 419 3089 φονιῶν,ῆ
437 3000 491 3087 μέν
505 2990 557 3063 διά
574 3008 691 3062 πασῶν·
710 3004 737 3062 εἰ
752 2999 805 3062 καί
821 2998 934 3074 πάσαις
952 3003 982 3062 ἐν
998 3000 1111 3074 πάσαις
1130 3003 1251 3064 ἀνεῖται
1268 3010 1336 3075 ταῖς
1354 2999 1445 3075 θείαις
1464 2999 1576 3090 ψυχαῖς
1596 2992 1814 3092 διαφερόντως,

267 3108 364 3184 ὔντως
382 3107 441 3180 τὴν
459 3105 739 3195 κατακορεστάτην
754 3117 815 3170 τῶν
834 3117 1015 3196 συμφωνιῶν
1029 3101 1185 3196 ἐξαίρετον
1199 3106 1353 3196 ἐχούσαις,
1368 3110 1416 3173 ἵνα
1433 3099 1485 3173 διά
1500 3119 1607 3172 πασῶν
1625 3113 1816 3201 ἐνεργοῦσαι,

210 3241 238 3278 ιε
264 3216 370 3280 πάντα
394 3214 476 3307 ῥητά
499 3215 552 3279 καί
576 3215 726 3303 σύμφωνα
750 3213 792 3279 τά
816 3218 846 3280 ἐν
867 3224 912 3297 τῷ
936 3217 1044 3304 κόσμῳ
1069 3207 1333 3304 διαφυλάττωσιν·
1360 3222 1377 3287 ἡ
1405 3207 1438 3281 δέ
1462 3207 1513 3280 διά
1536 3217 1631 3281 πέντε
1656 3209 1815 3305 δαίμοσιν,

266 3327 443 3415 τελεωτέρα
469 3324 523 3412 μὲν
542 3317 618 3387 οὑσα
643 3334 701 3399 τῆς
726 3313 777 3387 διά
800 3323 961 3414 τεττάρων
979 3325 1032 3388 καί
1048 3324 1237 3413 περιέχουσα
1261 3323 1392 3394 ταύτην·
1417 3323 1562 3411 ὑφειμένῃ
1577 3323 1600 3406 ¹)
1626 3315 1659 3389 δέ
1681 3335 1739 3400 τῆς
1764 3317 1817 3390 διά

265 3443 382 3511 πασῶν,
407 3433 461 3496 καί
485 3431 691 3522 περιεχομένη
718 3436 769 3496 ὑπ’
789 3435 896 3507 αὐτῆς·
913 3438 932 3504 ῆ
952 3423 986 3496 δέ
1002 3422 1053 3495 διά
1070 3430 1228 3520 τεσσάρων
1245 3429 1351 3505 λοιπὴ,
1370 3441 1438 3506 ταῖς
1462 3441 1600 3520 μερικαῖς
1626 3429 1737 3521 ψυχαῖς
1761 3425 1816 3497 διά

265 3539 322 3615 τάς
339 3539 500 3630 εἰρημένας
519 3541 631 3615 αἰτίας,
649 3537 701 3602 ὑπ’
718 3541 900 3630 ἀμφοτέρων
919 3541 973 3628 μέν
989 3525 1207 3629 περιεχομένη,
1225 3543 1295 3625 μετ’
1313 3539 1435 3602 ἐκείνων
1457 3528 1490 3602 δέ
1507 3542 1731 3629 συμπληροῦσα
1754 3539 1816 3610 τὴν

267 3651 345 3719 ὅλην
371 3649 519 3737 ἀρμονίαν
545 3657 600 3711 τοῦ
624 3649 755 3723 παντός·
782 3649 884 3738 ὥσπερ
909 3647 1047 3712 καὶτῶν
1073 3645 1179 3736 ψυχῶν
1205 3652 1236 3711 αἱ
1259 3639 1338 3723 ζωαί
1361 3647 1415 3710 καί
1437 3656 1540 3711 ταῦτα
1564 3646 1644 3710 πολύ
1668 3639 1818 3712 δοκοῦσαι

213 3787 240 3824 ³0
266 3754 304 3818 τὸ
330 3754 526 3844 ἀνάρμοστον
551 3757 651 3842 ἐχειν,
676 3756 758 3845 ὅμως
784 3759 980 3820 συντελοῦσιν
1004 3760 1044 3829 εἰς
1069 3754 1128 3825 τὴν
1154 3745 1206 3818 διά
1229 3753 1355 3817 πάντων
1387 3759 1418 3818 ἐν
1451 3761 1496 3835 τῷ
1520 3754 1627 3842 κόσμῳ
1652 3753 1817 3842 σύμφωνον

268 3853 367 3936 τάξιν·
392 3867 410 3933 ῆ
439 3861 493 3950 μέν
519 3855 570 3924 οὑν
596 3851 647 3924 διά
671 3861 838 3952 τεσσάρων,
859 3861 1011 3934 τοιαύτην
1028 3862 1094 3951 ἔχει
1109 3860 1292 3951 συγγένειαν
1308 3861 1381 3949 πρὸς
1398 3858 1457 3930 τὴν
1475 3865 1580 3926 ούσίαν
1604 3873 1662 3937 τῆς
1687 3873 1818 3952 μερικῆς

267 3963 378 4057 ψυχῆς.
404 3969 437 4031 Ἡ
462 3959 496 4034 δέ
519 3971 723 4035 ὑποτείνουσα
748 3970 806 4041 τῆν
824 3969 917 4059 ὀρθὴν
935 3969 1024 4034 εἰκών
1042 3975 1109 4033 ἐστι
1125 3979 1183 4042 τῆς
1201 3977 1303 4057 νοερᾶς
1321 3973 1351 4033 ἐν
1369 3972 1450 4052 αὑτῇ
1469 3963 1549 4046 ζωῆς
1569 3973 1653 4045 ὅλης·
1677 3972 1730 4034 καί
1755 3970 1818 4060 γάρ

268 4083 287 4150 ῆ
314 4075 451 4164 πεμπάς,
474 4086 596 4166 πρῶτος
620 4077 764 4153 κύκλικός
788 4083 872 4143 ἐστιν
897 4077 1024 4167 ἀριθμὸς
1049 4077 1102 4141 καί
1125 4087 1166 4160 νῷ
1191 4069 1331 4166 σύζυγος,
1351 4069 1388 4141 δι’
1414 4076 1452 4149 ἣν
1476 4087 1543 4151 νοῦς
1567 4079 1650 4142 ἐστιν
1676 4069 1820 4167 δυνάμει,

267 4181 321 4246 καί
345 4183 536 4274 ἐπιστρέφειν
562 4175 694 4250 δύναται
717 4186 791 4276 πρὸς
814 4186 943 4260 ἑαυτήν·
966 4187 1033 4274 ἔχει
1057 4178 1108 4248 οὑν
1133 4185 1192 4256 τ”ην
1211 4183 1265 4273 μέν
1283 4183 1387 4273 ὀρθὴν,
1405 4194 1461 4260 τῆς
1478 4187 1582 4261 ούσίας
1607 4186 1720 4250 εἰκόνα·
1746 4195 1820 4276 μιᾶς

213 4320 241 4358 ει
269 4280 303 4356 δέ
326 4291 418 4366 οὔσης
443 4292 497 4355 καί
520 4282 671 4368 δυοειδοῦς
696 4296 726 4357 ἐν
756 4297 835 4378 αὐτῇ
860 4304 918 4370 τῆς
943 4295 1047 4367 ούσίας
1072 4293 1125 4357 καί
1149 4295 1223 4380 μίαν
1247 4297 1266 4366 ἡ
1294 4291 1366 4382 όρθὴ
1392 4290 1571 4370 καθαυτῆν,
1597 4294 1704 4358 καὶέν
1729 4285 1819 4358 δυσὶν

268 4405 287 4472 ῆ
316 4400 372 4486 μία
396 4400 473 4464 τότε
497 4404 614 4465 ἀπλοῦν
640 4392 793 4476 δεικνῦσα,
819 4401 873 4464 καί
897 4401 933 4465 τὸ
958 4405 992 4464 ού
1018 4402 1087 4483 (fol.
1117 4402 1173 4484 54)
1198 4397 1443 4474 ...παντός...
1468 4399 1527 4490 γάρ
1551 4405 1567 4464 ὁ
1592 4399 1741 4491 θάττερος
1767 4403 1822 4466 κὺ-

269 4510 342 4583 κλος
409 4506 491 4597 μετά
508 4499 682 4598 διαιρέσεως
699 4508 755 4584 τάς
770 4498 1052 4599 δε...γραμμ·“ην”χ
1068 4517 1130 4571 τῶν
1149 4500 1309 4594 δυνάμεων
1329 4507 1534 4597 [συμψφώνων
1553 4509 1605 4572 καί
1621 4509 1820 4599 ἀσυμφώνων

268 4615 381 4704 περί..
397 4639 454 4682 ,αν
472 4619 570 4692 αὑτῆς
588 4608 803 4706 διϊσταμένων·
822 4615 881 4688 την
900 4609 933 4680 δέ
949 4621 1169 4683 ὑποτείνουσαν
1187 4616 1240 4682 τόν
1258 4622 1288 4682 ἐν
1305 4627 1346 4702 τῆ
1366 4611 1429 4701 ζωῇ
1453 4629 1521 4682 νοῦν
1539 4613 1692 4696 κυκλίζειν
1718 4617 1821 4685 αύτιίν

207 4813 210 4821 V
270 4721 358 4786 ἐτέλε
374 4775 380 4789 .
396 4775 403 4789 .
419 4747 482 4790 ,τα
506 4723 560 4787 καί
584 4724 683 4796 αὑτὴν
708 4729 748 4800 εἰς
773 4723 888 4794 ἐαυτῆν
913 4735 1008 4790 κινεῖν
1033 4727 1086 4790 καί
1109 4727 1178 4817 περὶ
1203 4726 1311 4802 αὑτὴν,
1329 4731 1369 4801 ὡς
1393 4727 1458 4790 ἴσον
1483 4718 1631 4790 δύνασθαι
1654 4735 1694 4811 τῇ
1721 4717 1819 4810 διπλῆ

214 4853 243 4892 ιο
269 4822 332 4914 ζωῇ
357 4827 412 4894 τόν
437 4823 569 4910 ζωτικόν
594 4835 692 4908 αὐτῆς
715 4843 827 4896 τοῦτον
845 4831 969 4896 κύκλον·
988 4845 1048 4898 πᾶν
1074 4833 1132 4924 γάρ
1155 4837 1304 4907 ἀκίνητον
1323 4829 1437 4906 διπλῆν
1459 4836 1524 4922 ἔχει
1548 4828 1642 4915 ζωὴν,
1666 4837 1720 4898 καί
1744 4838 1821 4922 μίαν

269 4937 323 4999 καί
347 4939 394 5002 έτι
419 4941 504 5026 μίαν,
528 4941 597 5012 ἴσην
622 4952 662 5024 τῇ
688 4935 720 5018 ἐξ
746 4946 879 5030 ἀμφοῖν·
904 4944 997 5018 οὔσης
1023 4934 1133 5006 δὲκαὶ
1156 4954 1213 5018 τῆς
1238 4946 1342 5017 ούσίας
1368 4951 1438 5031 μιᾶς
1464 4933 1575 5016 διπλῆς
1606 4943 1660 5005 καί
1683 4942 1751 5015 ίσης
1776 4953 1819 5026 τῇ

270 5034 366 5130 διπλῇ
392 5056 450 5120 τῆς
476 5055 546 5134 μιᾶς
571 5048 624 5114 καί
647 5059 704 5124 τῆς
729 5043 810 5128 ζωῆς
834 5053 956 5140 ὁμοίως,
976 5043 1071 5123 δῆλον
1089 5051 1170 5125 ὅπως
1188 5051 1242 5114 καί
1257 5061 1358 5114 κινοῦν
1384 5053 1451 5114 ἐστι
1475 5051 1528 5114 καί
1551 5049 1741 5138 κινούμενον,
1766 5050 1822 5113 καί

309 5293 332 5371 ¹)
350 5295 418 5352 eod.
438 5298 578 5371 ῖριιμίνην,
598 5299 688 5358 etiam
707 5306 777 5374 post
796 5306 917 5360 correct.
1109 5302 1133 5378 ²)
1152 5301 1279 5378 Legitur
1296 5302 1376 5359 intra
1393 5301 1488 5361 lineas
1510 5323 1533 5366 ιι
1554 5318 1645 5378 ευριπ
1663 5321 1761 5378 γραμμ.
