4006 6074
725 505 769 580 0..
801 502 837 577 V.
868 502 1055 601 Aquiliana
1081 505 1253 584 doverae

976 787 1021 856 11.

538 1006 689 1092 Inprimis
704 1003 730 1092 ¹)
754 1007 900 1093 genetrix
924 1007 1022 1074 cubili
1046 1009 1247 1075 accommoda
1271 1031 1334 1076 non
1359 1014 1418 1092 est,

442 1110 469 1147 ⁶⁰
492 1116 530 1182 In
553 1139 617 1202 quo
640 1121 742 1202 nupta
764 1117 858 1199 iacet,
881 1117 1069 1202 nullumque
1091 1116 1260 1203 agnoverit
1280 1141 1383 1200 usum,

492 1225 635 1310 Excepta
657 1226 776 1311 pietate
799 1226 847 1292 sui
871 1248 959 1292 mens
982 1225 1091 1293 sedula
1113 1227 1191 1309 nati,

492 1332 535 1399 Et
558 1355 639 1419 quae
662 1335 805 1418 paternis
826 1357 1067 1420 nonnumquam
1091 1334 1291 1420 amplexibus
1315 1335 1429 1402 haesit.

492 1441 564 1508 Hoc
587 1465 740 1528 germana
763 1443 867 1524 moda,
890 1443 1000 1510 eodem
1023 1443 1061 1510 de
1085 1449 1187 1510 matra
1210 1447 1329 1525 creata,

491 1549 558 1614 Aut
581 1551 686 1634 neptis
709 1555 856 1636 suscepta
878 1551 938 1616 tibi
961 1555 1076 1618 natove
1098 1557 1241 1618 nataeve.

440 1650 467 1688 ⁸⁵
490 1656 565 1723 Non
589 1659 688 1726 amita
709 1661 826 1727 affectu
850 1682 909 1728 nec
931 1661 973 1728 sit
997 1664 1171 1727 matertera
1189 1659 1293 1741 foedo,

491 1763 638 1833 Sanctior
660 1769 693 1833 in
715 1791 869 1836 venarum
892 1771 1018 1836 noxalis
1040 1770 1133 1836 luxus
1156 1769 1321 1849 abhorret,

493 1873 555 1940 Vel
578 1881 712 1961 nuptam
735 1900 830 1962 quam
854 1878 957 1944 frater
979 1879 1086 1959 habet,
1110 1900 1175 1943 non
1197 1877 1323 1944 noverit
1345 1899 1415 1958 usu,

494 1982 575 2049 Filia
598 2006 694 2068 quam
719 1987 865 2070 genetrix
887 1976 1019 2053 lectove¹
1032 1985 1164 2052 incubat
1187 1985 1307 2066 eodem,

493 2091 557 2157 Uni
581 2092 679 2158 mixta
700 2094 770 2158 viro
792 2095 962 2179 iunctaque
984 2095 1113 2164 nomina
1136 2097 1256 2178 turpet.
1339 2087 1342 2092 ¹

439 2197 468 2235 ²⁰
492 2200 527 2267 Si
550 2223 674 2268 novena
696 2203 755 2269 fiat
777 2225 923 2270 carorum
948 2204 1015 2270 feta
1038 2209 1203 2289 nepotum,

491 2309 534 2374 Et
556 2331 637 2395 qnae
661 2310 810 2396 privigno
833 2311 1050 2396 coniungitur,
1073 2315 1106 2377 et
1128 2311 1206 2376 duas
1230 2331 1294 2374 uno

490 2416 667 2484 Germanas
690 2418 839 2485 cohibere
862 2418 944 2499 sinu,
968 2441 1018 2485 rea
1041 2419 1162 2485 absona
1184 2418 1245 2484 iuri
1271 2421 1332 2482 est.

494 2524 558 2591 Vel
580 2547 677 2610 quam
702 2527 871 2594 coniuncta
893 2528 982 2594 vobis
1005 2528 1044 2593 de
1068 2528 1163 2613 plebe
1186 2527 1334 2612 capessit,

490 2631 659 2698 Proximus
682 2637 739 2699 aut
761 2637 856 2700 natus
879 2635 972 2700 detur
995 2635 1115 2702 servire
1137 2634 1273 2719 potenti,

439 2733 466 2770 ⁷⁵
489 2737 540 2803 Ne
563 2739 663 2805 vetito
686 2761 802 2805 nomen
824 2740 953 2806 Domini
976 2741 1114 2809 violetur
1135 2741 1169 2806 in
1193 2743 1279 2822 actu,
1379 2745 1382 2752 '

491 2845 654 2912 Masculus
676 2847 812 2914 obsceno
835 2869 874 2913 nc
897 2847 939 2914 sit
961 2849 1078 2914 mixtus
1103 2870 1222 2929 amore,

493 2951 567 3019 Neu
592 2975 700 3018 sexum
725 2954 861 3040 deturpa
884 2959 986 3020 tuum.
1010 2954 1079 3023 Nec
1101 2954 1275 3040 quadrupla
1299 2953 1366 3020 ulla

490 3060 627 3128 Noverit
650 3061 801 3128 informes
824 3062 927 3129 coitus
951 3067 1114 3148 nuptaeva
1133 3064 1243 3145 vinive,

491 3168 632 3236 Crimina
657 3192 738 3255 quae
760 3174 893 3256 propter
916 3170 1091 3238 Dominum
1110 3173 1233 3257 jactare
1256 3175 1421 3257 potentem

440 3273 468 3311 ³⁰
492 3277 612 3344 Gentes
635 3279 852 3360 multimodae,
876 3283 962 3345 terra
985 3301 1067 3364 quaa
1089 3279 1139 3345 bis
1163 3280 1309 3346 omnibus

492 3383 642 3468 Exhibet,
666 3389 698 3452 et
721 3383 831 3451 sordes
853 3385 969 3470 quibus
993 3391 1042 3453 est
1064 3387 1184 3454 infecta
1206 3383 1376 3463 refutat'),

962 3603 1021 3670 III.

490 3820 631 3888 Pendeat
644 3817 669 3904 ³)
693 3844 711 3888 e
734 3821 825 3889 tholo
848 3821 984 3908 lychnus
1007 3820 1211 3922 laquearibus
1234 3820 1319 3902 altis,

488 3927 657 4011 Noctibus,
682 3935 718 3997 ut
740 3934 882 4016 praestet
905 3930 1103 3995 flammatum
1127 3927 1233 3994 lumen
1253 3927 1383 4009 olivum,

489 4036 541 4103 Ne
564 4038 695 4106 decursa
718 4038 783 4105 diae
806 4037 964 4124 pallentes
987 4037 1119 4103 misceat
1142 4036 1271 4102 umbras

439 4145 467 4188 ⁸⁵
490 4145 631 4212 Aedibus
654 4145 688 4212 in
711 4146 839 4214 Domini
863 4151 1036 4232 sanctaque
1058 4146 1174 4212 altaria
1196 4147 1312 4212 condat
1326 4143 1362 4230 ι).

964 4362 1022 4431 IV.

490 4581 622 4668 Indigna
634 4577 661 4666 ⁵)
684 4580 818 4648 alterius
841 4581 966 4667 quotics
990 4581 1060 4647 vult
1083 4602 1208 4646 sumere
1231 4601 1387 4661 nummos,

491 4689 631 4776 Pignora
654 4689 798 4774 deposito
820 4687 920 4776 Syrus
942 4689 1100 4756 addixerit
1122 4687 1171 4753 illi

493 4797 589 4864 Cuius
611 4799 715 4884 poscit
738 4821 842 4884 opem,
865 4799 970 4865 reddit
992 4798 1052 4864 sibi
1076 4797 1196 4864 credita
1219 4796 1405 4884 promptim,

247 5084 269 5158 ¹)
287 5085 329 5142 Gt
348 5087 450 5159 Spica
469 5103 489 5157 1,
508 5087 562 5144 226
581 5106 608 5145 v.
627 5087 671 5146 57.
689 5088 763 5146 Indo
781 5087 882 5162 pergit
900 5087 955 5146 Ju-
1010 5091 1080 5160 post
1097 5102 1124 5143 v.
1146 5085 1206 5156 143,
1223 5085 1312 5158 juxta
1329 5083 1427 5142 Lavit.
1446 5099 1528 5155 xxrv,
1547 5085 1573 5139 2.

209 5190 322 5233 vanoua
334 5174 413 5233 utin
427 5176 956 5252 sequentibus,adLevit.cap.xvrrr.
1046 5180 1070 5252 ¹)
1088 5177 1163 5235 Inde
1182 5177 1250 5250 lege
1268 5195 1297 5234 v.
1317 5176 1384 5233 144:
1403 5176 1487 5232 Haec
1499 5174 1578 5232 inter
1596 5173 1685 5232 calidi
1703 5181 1758 5232 eta

244 5262 267 5334 ¹)
286 5259 457 5336 Sequuntur
474 5266 528 5320 226
546 5285 574 5324 v.
594 5265 629 5322 58
648 5283 711 5340 sqq.
730 5267 769 5323 nt
788 5284 881 5340 quum
900 5269 954 5323 eto.
1046 5267 1069 5338 ⁵)
1087 5265 1180 5322 Refer
1198 5264 1236 5322 ad
1254 5265 1355 5337 spicil.
1373 5265 1393 5321 l.
1412 5265 1431 5320 l.
1450 5283 1478 5340 p.
1496 5265 1550 5323 229
1568 5269 1637 5340 post
1656 5283 1682 5322 v.
1697 5265 1758 5336 152,

244 5351 268 5426 ³)
286 5351 343 5410 Hic
360 5369 456 5427 pauca
474 5353 640 5412 succedunt
667 5354 698 5411 in
722 5355 824 5426 spicit.
850 5373 877 5428 p.
901 5353 956 5410 228
1009 5371 1047 5412 ex
1066 5352 1162 5411 Levit.
1181 5368 1251 5411 xxv.
