3944 6074
680 517 849 607 Quartum
869 530 1119 614 argumentum.
1622 543 1673 600 191

125 689 184 762 τὴν
209 695 240 756 ὲν
264 701 305 775 τῇ
331 691 421 756 πόλει
438 693 598 756 κοινωνίαν
617 692 769 780 μάλιστα,
786 693 823 758 τὸ
840 693 961 770 πάντας
977 696 1000 782 ¹)
1017 699 1132 762 ταύτὸν
1149 698 1252 789 λέγειν
1277 700 1313 765 τὸ
1339 702 1413 791 ἐμὸν
1438 704 1492 770 καὶ
1515 707 1552 770 τὸ
1567 705 1592 792 7)
1619 712 1674 772 οὐκ

127 801 211 889 ἐμόν,
237 800 290 863 καί
314 799 357 888 μὴ
384 802 421 863 τὸ
447 801 501 890 μὲν
527 801 616 877 ἄλλο,
641 804 678 866 τὸ
704 794 738 868 δὲ
762 802 840 868 ἄλλο
865 815 927 868 τῶν
952 810 1090 870 πολιτῶν
1105 805 1139 892 7),
1163 810 1199 872 τὸ
1224 809 1284 902 γάρ
1308 811 1429 888 πάντας
1455 808 1531 876 εἶναι
1557 806 1674 899 διττόν,

124 911 142 982 3.
170 907 362 974 τὸὲκαστον
388 909 406 981 ἢ
435 912 470 974 τὸ
494 922 582 995 κοινῇ
610 911 675 1000 μὲν,
701 915 759 1001 οὐχ
782 915 913 978 ἕκαστον
932 903 974 995 δὲ,
992 915 1132 1005 καθάπερ
1149 918 1202 980 καὶ
1225 920 1263 982 τὸ
1286 921 1390 1010 λέγειν
1416 920 1508 1009 ἄμφω
1534 924 1625 1011 ἀρτία
1636 921 1674 1008 ⁴),

126 1018 144 1089 ἢ
172 1019 265 1106 ἄμφω
288 1017 418 1107 περισσά
444 1009 562 1083 διττόν·
581 1019 600 1089 3,
618 1019 676 1110 γάρ
694 1021 731 1084 τὸ
748 1024 783 1085 ὲκ
801 1031 862 1084 τῶν
880 1014 933 1086 333
950 1024 1037 1113 λέγει
1053 1026 1197 1113 περισσὸν
1214 1023 1233 1096 3
1252 1025 1368 1116 ἄρτιον,
1394 1027 1412 1100 ἢ
1441 1020 1503 1112 ἰδίᾳ
1526 1030 1673 1119 ἑκάτερον

89 1136 100 1172 ⁵
127 1133 142 1190 3
152 1127 177 1210 5)
203 1137 298 1192 τοιτο
315 1127 425 1216 λεγων
444 1152 497 1190 και
514 1137 597 1191 -οιε
611 1153 695 1218 παρα
677 1129 848 1218 λομτιιον
866 1140 920 1193 τοῦ
939 1130 1031 1260 ἄμφω
1049 1129 1121 1216 33⁰)
1139 1123 1256 1196 διττόν
1273 1136 1354 1199 οὕτω
1372 1126 1404 1199 δὲ
1429 1136 1482 1198 καὶ
1502 1137 1539 1201 τὸ
1556 1135 1676 1213 πάντας

127 1229 177 1301 δι’
147 1239 245 1302 ιττόν
269 1261 322 1300 και
345 1241 371 1300 ει
395 1235 450 1325 μὲν
475 1237 607 1302 ἕκαστον
633 1240 832 1325 σημαίνειτ
819 1248 1020 1328 ..ωιρατει
1035 1265 1072 1304 το
1089 1266 1211 1317 τανα
1226 1239 1349 1383 7έρ)λγ·

127 1346 181 1409 καὶ
204 1348 260 1408 οὐκ
284 1345 374 1432 ἐμόν·
401 1347 446 1417 εἴη
476 1345 530 1432 μὲν
555 1344 590 1409 ἀν
615 1347 712 1421 οὕτως
737 1345 928 1430 όβοόλεται
951 1348 1140 1438 λέγ.εινὸ
1120 1349 1250 1439 ,ωκράτ
1239 1373 1289 1425 ιης
1304 1347 1345 1431 7)·
1371 1351 1501 1427 ἕκαστος
1532 1351 1592 1442 γάρ
1617 1355 1679 1440 ἐρεῖ

128 1453 181 1516 τὸν
207 1454 301 1517 αὐτὸν
325 1455 389 1516 υἱὸν
414 1453 467 1516 καὶ
491 1465 623 1544 γυναῖκα
647 1453 706 1524 τὸν
725 1456 834 1527 αὐτήν
853 1459 925 1518 ἀλλ’
943 1459 998 1520 οὐκ
1015 1461 1131 1545 ἐροῦσιν
1148 1459 1204 1521 οὔτ
1206 1482 1256 1533 ως,
1273 1463 1312 1532 333
1336 1459 1467 1522 ἕκαστον
1492 1463 1556 1523 υἱὸν
1583 1463 1642 1524 αὐτ
1644 1471 1677 1524 οῦ

127 1571 239 1625 τοῦτον
263 1561 377 1652 λέγειν,
402 1563 456 1625 καὶ
479 1563 681 1644 ἕκαστον7)ἑ
685 1574 959 1654 αυτοῦγυναῒκα
945 1563 1092 1635 ἑκάστην.
1111 1555 1250 1629 Εἰδίὀ
1240 1567 1677 1692 ςὲκπάντωνὲναὲκαστφν,

77 1680 101 1718 ¹⁰
127 1681 222 1734 τοῦτο
246 1675 408 1744 παντελῶς
426 1663 590 1735 ἀδύνατον·
614 1681 678 1746 πῶς
703 1666 754 1734 οὖν
779 1672 1008 1759 Ιεροῦσιτιᾶντςε
1026 1697 1141 1737 ταιτον
1159 1698 1196 1737 το
1214 1697 1287 1763 εμον
1304 1698 1358 1737 και
1375 1698 1429 1737 ουκ
1454 1676 1527 1762 ἐμὸν
1551 1675 1677 1757 ταύτὸν,

129 1781 144 1844 ὸ
168 1792 253 1844 ποιεῖ
276 1780 368 1868 μόνον
386 1783 401 1842 ὁ
419 1779 600 1868 Σωκράτης,
619 1781 696 1862 (ὅτε)
714 1780 800 1869 λέγει
819 1784 892 1868 μίαν
917 1779 976 1852 τὴν
993 1781 1102 1858 πόλιν;
1128 1783 1205 1868 Πρὸς
1230 1735 1267 1854 δὴ
1294 1793 1389 1846 τοῦτο
1414 1738 1552 1871 φάόομεν
1577 1788 1680 1871 ἡμεῖς,

127 1889 249 1964 πάντας
275 1888 329 1976 μὲν
355 1889 451 1963 οὕτως
475 1891 552 1977 ἐρεῖν
577 1913 640 1963 πως
664 1888 807 1964 ἕκαστον,
829 1888 952 1960 ταύτην
967 1880 1000 1954 δὲ
1024 1888 1083 1962 τὴν
1108 1887 1264 1978 ὑπόληψιν
1285 1892 1416 1955 ἕκαστον
1441 1883 1528 1974 ἕξειν,
1552 1891 1679 1955 πάντων

130 1994 207 2063 εἶναι
231 1997 371 2086 πατέρα,
395 1997 448 2060 καὶ
472 1996 633 2070 κοινωνοὺς
658 1991 828 2072 εἶναιτοὺς
852 1988 982 2072 παῖδας,
1001 1999 1055 2062 καὶ
1077 1999 1204 2063 πάντων
1229 1991 1306 2062 εἶναι
1330 2009 1478 2088 γυναῖκας
1503 1998 1559 2074 τάς
1585 1997 1680 2074 αὑτάς

130 2109 254 2196 ὁμοίως,
280 2099 331 2170 διά
354 2105 391 2170 τὸ
417 2096 538 2193 μηδένα
564 2114 625 2168 τῶν
651 2105 754 2169 ἄλλων
781 2107 1011 2172 ἀποσπάσαντα
1040 2109 1133 2197 χωρὶς
1157 2109 1239 2196 ἔχειν
1263 2106 1322 2177 τὸν
1348 2119 1548 2172 συνοικοῦσαν
1564 2104 1603 2188 ¹⁰)
1627 2107 1681 2170 καὶ

78 2226 102 2264 ¹⁵
130 2220 216 2297 αὐτῷ
239 2207 495 2294 παιδοποιοῢοαν,
519 2211 603 2276 κατά
627 2213 685 2284 τὴν
708 2217 801 2277 αὺτοῦ
821 2215 980 2299 βούλησιν,
998 2216 1081 2280 ἀλλά
1106 2217 1189 2281 κατά
1213 2217 1272 2288 τὴν
1297 2227 1359 2280 τῶν
1385 2219 1546 2306 ἀρχόντων
1571 2218 1679 2306 κρίσιν,

130 2323 184 2387 καὶ
209 2321 240 2386 ὸν
267 2321 302 2385 ἄν
326 2315 506 2411 ἄφορι7ζωσιν
531 2323 637 2412 καιρὸν
661 2321 799 2412 γίνεσθαι
823 2321 883 2395 τὴν
912 2317 1064 2411 σόνερξιν·
1091 2317 1193 2416 ὧσπερ
1218 2320 1269 2389 οὖν
1294 2327 1347 2390 καὶ
1373 2325 1418 2390 τά
1448 2327 1602 2414 χρήματα
1627 2315 1679 2388 διά

131 2442 226 2494 τοῦτο
249 2429 338 2493 κοινά
362 2439 470 2512 πᾶσιν,
496 2429 546 2493 ὅτι
569 2440 626 2505 τῆς
650 2431 769 2506 πόλεως
793 2432 893 2496 ὄντων
918 2433 1044 2497 πάντων
1068 2434 1198 2508 ἕκαστος
1228 2435 1378 2524 τυγχάνει
1403 2443 1465 2498 τῶν
1490 2435 1682 2523 ἀναγκαίων,

131 2542 173 2628 ἐφ’
202 2539 273 2602 ὅσον
298 2542 383 2620 αὐτῷ
408 2528 463 2615 δεῖ,
487 2538 541 2601 καὶ
565 2539 664 2628 κόριος
689 2549 751 2603 τῶν
776 2539 912 2618 πάντων,
937 2545 994 2630 οὸχ
1019 2536 1124 2618 οὗτος,
1150 2542 1220 2605 αλλ’
1246 2547 1261 2605 ὁ
1286 2542 1396 2631 νόμος·
1423 2543 1519 2617 οὕτως
1544 2541 1597 2604 καὶ
1620 2564 1683 2672 γυ-

132 2673 181 2712 να
170 2658 235 2722 κε,
260 2645 360 2710 κοιναί
383 2645 521 2728 πάντων,
546 2648 596 2710 ὅτι
620 2647 721 2736 κίριος
746 2652 805 2712 οιὸτ
807 2659 848 2712 ῶν
872 2659 930 2726 τῆς
955 2651 1247 2741 σοναπογεννήσεως
1272 2655 1327 2716 οὐκ
1352 2652 1460 2728 αὐτὸς,
1486 2649 1593 2713 ἀλλ”
1582 2673 1598 2712 ο
1623 2648 1682 2736 ἄρ

78 2783 105 2820 ιο
132 2783 208 2847 χων.
233 2753 340 2831 Οὸτως
364 2749 415 2820 οὖν
440 2758 493 2820 καὶ
517 2755 587 2831 τοὺς
611 2750 755 2833 παῖδας
750 2755 968 2888 ἀπολήγονται
993 2761 1165 2840 κοινωνοὺς,
1187 2764 1414 2888 ἀγνοοῦγτεςω
1392 2757 1441 2834 333
1465 2758 1681 2886 ὲγεγνήσαντο·

131 2865 344 2956 τροφήσονται
367 2865 426 2954 γάρ
452 2865 654 2955 ἄγνοοὸμενοι
677 2877 742 2940 τοῖς
765 2865 933 2954 πατράσιν,
957 2867 1011 2930 καί
1035 2871 1091 2931 οὸκ
1115 2870 1215 2957 ἐροῦσι
1239 2867 1276 2931 τὸ
1300 2867 1374 2954 ἐμὸν
1406 2865 1457 2931 ἐπὶ
1484 2864 1605 2929 τούτων
1629 2863 1683 2926 καὶ

133 2981 188 3042 οὒκ
212 2974 297 3064 ἐμόν·
323 2977 357 3038 οὐ
381 2972 441 3064 γάρ
466 2965 547 3038 οἶδεν
571 2972 701 3049 ἕκαστος
726 2976 799 3038 ὅτου
825 2967 861 3045 33
882 2975 935 3039 καὶ
952 2976 1096 3066 τυγχάνῃ
1115 2975 1221 3064 πατὴρ
1238 2975 1290 3052 ὢν,
1310 2981 1337 3039 εἰ
1361 2977 1413 3038 καί
1436 2999 1498 3038 τινι
1522 2973 1685 3064 συγκεκοί-

136 3109 238 3175 μηται
262 3082 445 3174 γιγνώσκει·
473 3082 571 3170 μόνως
597 3071 629 3145 δὲ
653 3091 697 3164 τῷ
721 3083 823 3172 χρόνῳ
847 3074 970 3173 διορίζει
993 3085 1047 3148 τὸν
1071 3085 1134 3148 υἱὸν
1159 3083 1213 3148 καί
1237 3081 1279 3172 μὴ
1308 3081 1388 3145 υἱόν·
1413 3080 1519 3144 πάντα
1543 3077 1602 3169 γάρ
1626 3079 1681 3141 τὸν

136 3183 322 3281 διαφέροντα
346 3201 411 3264 τοῖς
436 3183 467 3266 ἓξ
490 3190 544 3253 καὶ
568 3191 663 3252 εἴκοσι
688 3191 723 3254 ἔτ
726 3215 800 3270 εσιν,
824 3193 927 3255 υἱὸν
913 3216 1042 3319 εγγφνον
1071 3216 1209 3282 προερ,
1152 3203 1195 3256 εῒ
1235 3183 1315 3255 διότι
1346 3187 1429 3254 κατά
1454 3199 1548 3252 τοῦτο
1573 3195 1683 3276 γεννᾶν

81 3317 108 3352 ²⁵
137 3305 222 3382 οιίτῷ
247 3290 374 3364 δέδοται
398 3309 438 3382 τῇ
465 3297 554 3360 πόλει
579 3299 633 3360 τὸν
650 3297 773 3428 χρόνον,
791 3299 874 3430 λέγω
851 3291 930 3369 ωδ
956 3299 1010 3364 τὸν
1027 3299 1477 3364 τῶνπέντεκαὶείκοσιὲτῶν
1502 3294 1636 3382 ἑλάχιστ
1640 3313 1683 3356 ον·

138 3410 192 3474 καὶ
217 3408 297 3498 μετά
321 3418 434 3474 τοῦτον
458 3409 513 3472 τὸν
531 3417 587 3482 τῆς
604 3431 662 3470 πει
631 3405 731 3495 ιὸτης
755 3408 939 3496 γεννήσεως,
956 3411 987 3482 ὅς
1004 3413 1088 3473 ἐστιν
1114 3411 1129 3470 ὁ
1153 3411 1300 3481 πλεῖστος
1316 3406 1353 3488 ¹¹)
1380 3395 1564 3490 δεκάμηνος,
1582 3400 1685 3475 ἄλλως

138 3513 189 3583 οὸν
214 3521 275 3607 ἐρεῖ
298 3519 334 3581 τὸ
358 3518 432 3606 ἐμὸν
456 3517 555 3581 ταύτὸ
573 3469 703 3591 ἕκαὸτος
720 3515 773 3579 καὶ
789 3519 845 3579 οὸκ
862 3517 937 3606 ἐμὸν
954 3517 1082 3580 ἐπὶτῶν
1100 3525 1265 3607 γυναικῶν,
1283 3515 1335 3578 καὶ
1353 3515 1455 3584 ἄλλως
1473 3511 1523 3576 ἐπί
1539 3509 1688 3598 τῶνπαί-

139 3621 209 3692 δων·
227 3626 278 3692 ἐπὶ
294 3626 414 3690 τοότων
433 3625 487 3714 μὲν
503 3624 563 3714 γάρ
581 3625 635 3688 καὶ
651 3631 669 3698 ν)
690 3625 799 3714 ἄγνοια
815 3624 920 3709 (ποιεῖ)
938 3624 1058 3700 πάντας
1071 3621 1107 3711 77)
1121 3624 1191 3700 τοὺς
1205 3623 1393 3712 ὸμοχρόνοος
1408 3619 1559 3694 ἀλλήλοις
1571 3607 1686 3692 παῖδας

139 3739 157 3805 3.
176 3737 323 3826 ἑγγόνονς
341 3729 486 3822 νομίζειν·
500 3736 551 3798 ἐπὶ
569 3725 602 3799 33
618 3744 680 3797 τῶν
697 3744 851 3824 γυναικῶν
868 3735 887 3807 ἢ
906 3745 963 3809 τῆς
982 3727 1119 3811 ἐξουσίας
1137 3735 1303 3822 ἀφαίρεσις,
1320 3727 1356 3807 ἧς
1373 3727 1567 3819 ἀφῃρημένοι
1584 3725 1687 3801 κοινάς

84 3859 111 3894 ³⁰
141 3843 237 3918 αὐτάς
262 3843 358 3914 οὕτως
383 3845 509 3929 ἐροῦσιν,
535 3848 574 3916 ὡς
598 3851 655 3916 τῆς
680 3843 798 3916 πόλεως
824 3843 923 3916 οὔσας,
950 3840 1019 3904 ἀλλ’
1045 3845 1103 3928 οὺχ
1130 3845 1267 3920 ἑαυτῶν,
1292 3841 1373 3902 ὥστε
1397 3839 1526 3910 ἕκαστος
1551 3836 1605 3924 μὲν
1629 3838 1690 3925 ἐρεϊ

140 3951 256 4015 ταὸτὸν
280 3950 318 4012 τὸ
342 3951 415 4037 ἐμὸν
440 3953 480 4023 εἰς
504 3947 563 4018 τ7ην
580 3948 670 4012 πόλιν
688 3949 855 4037 ἀναφέρων·
873 3949 926 4012 καί
942 3948 1002 4040 γάρ
1018 3950 1128 4012 ἑαυτὸν
1145 3947 1175 4012 ἓν
1193 3945 1310 4038 ἀγαθὸν
1329 3948 1409 4035 ἔχειν
1430 3950 1556 4034 ἡγεῖται
1580 3952 1686 4016 τοῦτο,

142 4060 157 4124 3
175 4059 302 4134 καὶτῆς
325 4057 446 4132 πόλεώς
470 4063 565 4122 ἐστιν·
590 4051 752 4144 συμόαίνει
776 4051 810 4121 δὲ
834 4067 940 4142 τοῦτο,
957 4059 993 4121 τὸ
1011 4057 1132 4130 πάντας
1156 4057 1255 4120 τοιὸτὸ
1271 4055 1374 4144 λέγειν
1391 4061 1437 4136 τῷ
1454 4054 1489 4116 τὸ
1507 4056 1541 4116 ἐκ
1561 4049 1688 4113 πάντων

142 4167 258 4230 ταύτὸν
282 4167 386 4254 λέγειν
411 4165 447 4227 τὸ
473 4163 564 4251 ἐμὸν·
588 4163 603 4228 3
628 4161 687 4253 γάρ
712 4175 771 4239 τῆς
796 4165 916 4240 πόλεως
940 4167 974 4229 ἐκ
997 4164 1125 4228 πάντων
1151 4165 1243 4237 οόσης
1267 4161 1349 4225 ἐστὶν
1375 4169 1495 4248 κτῆμα,
1518 4167 1613 4222 τοῦτο
1637 4157 1690 4219 καί

142 4275 272 4348 ἕκαστος
288 4275 400 4338 ἐαυτοῦ
417 4282 526 4360 κτῆμα
543 4265 687 4360 νομίζων,
705 4271 876 4361 φθέγγεται
892 4272 929 4336 τὸ
947 4272 1030 4359 Ιεμόν.
1049 4278 1162 4335 Διττοῦ
1187 4262 1224 4342 διὸ
1251 4270 1339 4345 ὄντος
1362 4279 1417 4334 τοῦ
1441 4265 1561 4340 πάντας
1585 4265 1687 4354 λέγειν

86 4401 114 4437 ³⁵
146 4385 237 4473 ἄμφω
255 4381 371 4456 ἀληθῆ,
396 4381 449 4444 καὶ
473 4372 524 4445 διά
548 4377 677 4468 θάτερον
694 4379 747 4443 καὶ
764 4379 903 4468 θάτερον·
927 4380 964 4444 τὸ
982 4377 1040 4470 γάρ
1057 4389 1144 4451 κοινῆ
1163 4376 1265 4452 πάσης
1282 4381 1321 4452 ὡς
1338 4377 1402 4451 ἑνὸς
1420 4385 1477 4450 τῆς
1500 4372 1620 4446 πόλεως
1645 4369 1688 4444 όν,

145 4492 198 4556 καί
220 4491 351 4565 ἕκαστος
374 4493 485 4553 ἑαυτοῦ
510 4488 564 4551 καὶ
586 4493 713 4578 ἡγεῖται
737 4487 790 4551 καὶ
814 4480 959 4575 ονομάζει
983 4497 1109 4574 κτῆμα·
1135 4487 1188 4549 καί
1215 4483 1308 4550 τοῦτό
1334 4507 1426 4574 φησιν
1450 4483 1580 4555 ἕκαστος
1605 4480 1688 4568 ἐμὸν,

146 4599 223 4663 ὅταν
247 4603 266 4671 3
293 4597 382 4673 πόλις
397 4593 437 4682 77)
459 4596 538 4686 λέγῃ
564 4597 649 4685 ἐμὸν,
666 4595 701 4659 ἵν’
719 4601 758 4671 ὡς
776 4585 908 4660 δυνατὸν
925 4594 1066 4670 ἅπαντας
1085 4596 1157 4684 μίαν
1174 4596 1269 4683 ἔχωσι
1291 4587 1386 4671 ζωτῖν,
1402 4590 1456 4656 καὶ
1479 4591 1531 4655 ἕνα
1554 4588 1609 4652 τὸν
1633 4596 1691 4660 τῆς

184 4833 207 4907 ¹)
225 4833 265 4890 M.
284 4837 375 4885 πάντα.
995 4829 1018 4903 ⁸)
1036 4827 1103 4885 Huo
1120 4825 1275 4898 usqqu.

183 4925 205 4996 ²)
224 4923 263 4980 Η.
281 4940 338 4979 om.
358 4925 394 4976 τό.
996 4919 1019 4992 ⁹)
1036 4917 1106 4974 (lod.
1125 4916 1175 4972 fol.
1196 4917 1248 4970 199
1267 4931 1295 4971 v.

183 5013 207 5084 ³)
225 5013 264 5068 Η.
282 5011 334 5068 fol.
356 5011 416 5068 140.
502 5060 509 5072 ,
985 5009 1018 5082 ¹⁰)
1037 5009 1074 5063 Η.
1093 5007 1144 5064 fol
1164 5005 1218 5062 140
1236 5023 1264 5062 v.

184 5102 206 5174 ⁴)
225 5101 264 5156 M.
285 5118 340 5155 om.
361 5105 434 5172 ἄρτιοι
455 5099 470 5157 3
489 5105 575 5172 ἄμφω.
985 5099 1021 5171 ¹¹)
1041 5097 1110 5153 Ood.
1129 5095 1179 5151 fol.
1198 5095 1262 5151 200.
1280 5093 1318 5150 Η.
1338 5095 1479 5162 δικάμινος.

184 5193 207 5265 ⁵)
225 5191 264 5246 M.
284 5207 341 5247 om.
361 5193 382 5245 ὃ.
986 5189 1021 5257 ¹²)
1041 5186 1078 5241 H.
1098 5185 1148 5242 fol.
1169 5187 1219 5240 141
1238 5188 1308 5258 post
1325 5182 1447 5238 brevem
1464 5180 1561 5235 laoun.

186 5281 210 5354 ⁸)
229 5279 268 5335 M.
288 5297 344 5335 om.
364 5282 401 5334 τό.
985 5275 1197 5351 13)()οι1.ὃόιν.
1223 5273 1260 5330 Ιιι
1285 5287 1378 5342 marg.
1404 5269 1442 5326 H.
1468 5264 1606 5341 suggerit
1630 5267 1641 5318 3
1661 5265 1691 5318 ἂν

184 5371 208 5444 7)
227 5369 296 5427 cod.
314 5387 358 5442 pr.
378 5373 475 5431 πάντες.
948 5369 1032 5430 πολύς.
