3944 6074
312 518 366 578 168
750 505 906 586 Platonis
924 519 955 586 εἰ
973 513 1218 604 Ασμμμίἰονιιηι
1236 511 1416 586 consensio,

311 684 372 749 ἀπὸ
389 695 452 749 τῶν
467 685 490 773 ¹)
515 677 569 751 δύο
593 695 774 774 φωστηρῶν,
799 680 971 776 ἐξαιρέτους
995 687 1125 775 ἔχοντας
1141 685 1197 763 τάς
1214 684 1485 777 προσθαφαιρέσεις
1499 683 1535 767 2)·
1555 685 1609 750 καί
1631 687 1662 750 ἑν
1687 696 1750 759 τοῖς
1775 709 1847 774 σχη-

311 803 480 881 ματισμοῖς
505 799 606 858 αὐτῶν
631 797 668 859 τὸ
692 795 817 884 ἄριστον
841 799 938 884 ἔλαχε
954 805 1017 858 τῶν
1034 795 1207 884 σχημάτων
1225 790 1379 884 ἀφορίζειν
1403 795 1440 858 τό
1464 797 1624 885 τρίγωνον·
1647 793 1701 858 τόν
1726 783 1760 857 δέ
1783 795 1848 856 όλον

309 901 426 990 κόσμον
451 905 481 967 ἐν
505 903 598 968 πέντε
622 915 687 978 τοῖς
713 894 925 992 στοιχειώδεσι
955 904 1097 992 σχήμασι
1128 905 1180 967 καὶ
1204 903 1298 968 πέντε
1330 903 1467 992 κέντροις
1500 903 1752 990 συνεπλήρωσεν·
1777 906 1796 971 ῆ
1822 891 1850 964 δέ

310 1008 421 1097 τετράς
446 1021 557 1100 σχῆμα
575 1011 629 1101 μέν
647 1021 709 1076 τῶν
726 1011 914 1100 κινουμένων
934 1004 1144 1100 ἀπεργάζεται
1167 1012 1205 1075 τὸ
1225 1010 1433 1100 τετράγωνον·
1452 1010 1506 1074 τὀν
1524 1001 1557 1075 δὲ
1573 1001 1724 1087 ζωδιακὸν
1741 1007 1849 1072 κόκλον

271 1141 283 1178 ε
312 1117 467 1206 ἀπέφηνεν
492 1131 680 1210 τετραμερῆ·
704 1130 767 1184 τῶν
785 1111 818 1184 δὲ
834 1123 1005 1192 πλανητῶν
1022 1118 1146 1202 ἑκάστῳ
1163 1128 1219 1194 τάς
1236 1119 1372 1193 κινήσεις
1389 1119 1508 1208 ὥρισεν,
1533 1117 1591 1181 εἰσί
1614 1117 1673 1206 γάρ
1697 1117 1849 1204 τέτταρες·

311 1225 330 1298 ἦ
356 1228 427 1317 περί
451 1229 488 1293 τό
512 1233 623 1293 οἰκεῖον
647 1229 785 1318 κέντρον,
810 1227 829 1299 ἢ
855 1228 939 1292 κατά
965 1239 1075 1317 μῆκος,
1099 1227 1118 1298 ή
1145 1225 1228 1291 κατά
1252 1225 1421 1308 πλάτος,ή
1447 1223 1531 1290 κατά
1557 1225 1659 1310 βάθος·
1686 1227 1721 1304 (f.
1746 1229 1789 1290 50
1812 1227 1850 1304 ν.)

312 1385 339 1397 ..
355 1387 359 1396 .
373 1336 579 1423 ἑπομένας...
604 1337 658 1400 καὶ
674 1334 730 1412 τάς
748 1329 913 1410 ἀναόάσεις
932 1345 1044 1411 τῆς...
1069 1327 1258 1410 καταθήσεις
1275 1326 1387 1400 διεῖλεν
1406 1335 1467 1398 ἀπό
1483 1344 1545 1398 τῶν
1558 1388 1564 1401 .
1577 1387 1601 1400 ..
1626 1332 1676 1398 ἐπὶ
1692 1330 1733 1396 τά
1753 1334 1852 1419 βόρειοι

313 1443 367 1507 καί
391 1443 480 1506 νότια
504 1467 588 1511 πε..
605 1444 721 1534 ,τριάς
746 1455 828 1532 τρεῖς
846 1443 900 1532 μὲν
919 1443 1030 1532 μόνους
1048 1444 1273 1518 ἀλλήλους...
1298 1443 1429 1517 κύκλους
1445 1443 1520 1531 πρὸς
1536 1440 1626 1531 όρθάς
1651 1441 1770 1530 ὥρισεν·
1795 1449 1852 1501 τῶν

314 1605 366 1618 ...
391 1553 505 1639 ἔλαχεν
524 1552 561 1617 τίι
578 1545 743 1644 ἑξάγωνον·
761 1543 871 1616 διεῖλεν
890 1543 922 1617 δὲ
938 1605 944 1618 .
960 1604 989 1619 ..
1014 1561 1107 1640 τριχῇ
1126 1563 1190 1627 τοῖς
1207 1563 1373 1641 τροπικοῖς·
1393 1562 1519 1624 τοῖς...
1544 1560 1609 1625 τοῖς
1635 1558 1777 1636 στερεοῖς·
1802 1545 1853 1619 τάς

259 1679 284 1716 ιν
312 1649 346 1722 δέ
363 1655 458 1733 θέσεις
477 1662 578 1724 αὐτῶν
606 1685 730 1727 ...νων
756 1663 951 1742 ἀπετέλεσεν,
968 1663 1085 1750 τριτάς·
1105 1661 1250 1751 κέντρων,
1269 1713 1275 1724 .
1292 1712 1319 1724 ..
1338 1665 1509 1750 ἀναφορῶν,
1528 1657 1767 1747 ἀποκλιμάτωϊ
1788 1655 1854 1729 τοίς
1935 1694 1936 1708 ι

312 1757 345 1830 δέ
369 1777 427 1841 τῆς
452 1767 584 1842 σελήνης
603 1760 808 1844 ἀναόατικοὺς
826 1769 879 1833 καὶ
896 1761 1128 1844 καταῧατικοίις
1146 1769 1271 1849 τόπους,
1287 1779 1367 1858 τρεῖς
1390 1769 1553 1856 ἑκατέρους
1578 1769 1734 1837 ἐποίησεν·
1761 1762 1803 1828 τά
1826 1753 1855 1826 δέ

311 1877 474 1962 κίνηματα
498 1885 555 1950 τῆς
581 1877 761 1963 ἀνωμαλίας
785 1877 925 1946 ἔστησεν·
950 1878 1018 1940 έστι
1042 1876 1100 1967 γάρ
1126 1877 1270 1965 ἀπόγεια,
1287 1878 1436 1965 περίγεια,
1455 1876 1543 1964 μέσα·
1568 1875 1621 1938 καὶ
1645 1873 1741 1936 πάλιν
1767 1875 1856 1958 ἀφαι-

313 1982 416 2072 ρέσεις,
436 1983 616 2070 στηριγμοί,
640 1981 826 2072 προσθέσεις,
850 1985 904 2047 καί
927 1993 984 2059 τῆς
1010 1985 1144 2059 σελήνης
1168 1983 1224 2058 τάς
1250 1983 1355 2073 φάσεις
1381 1975 1472 2065 ἰδίως,
1498 1981 1554 2056 τάς
1580 1974 1697 2069 μεταξὺ
1722 1971 1855 2042 συνόδων

312 2090 366 2155 καί
389 2091 600 2174 πανσελήνων,
624 2101 706 2180 τρεῖς
730 2091 878 2180 ἑκατέρας
896 2094 987 2165 οόσας
1005 2083 1197 2165 διεστήσατο
1215 2081 1397 2178 μηνοειδεῖς,
1415 2081 1612 2178 διχοτόμους,
1637 2087 1856 2176 ἀμφικύρτους,

260 2213 284 2250 ¹⁵
313 2189 398 2274 ἰδίοις
422 2197 559 2270 ἑκάστην
576 2200 746 2286 σχήμασιν·
763 2192 911 2288 ἑξαγώνου
928 2197 984 2272 τάς
1002 2189 1189 2285 μηνοειδεῖς,
1205 2197 1393 2287 τετραγώνῳ
1417 2196 1473 2272 τάς
1499 2186 1695 2286 διχοτόμους,
1717 2195 1855 2284 τριγώνῳ

312 2305 368 2381 τάς
392 2305 612 2394 ἀμφικύρτους·
637 2312 656 2378 ή
684 2299 716 2372 δὲ
740 2300 819 2390 ἐξάς,
841 2307 895 2370 τὀν
921 2306 975 2394 μὲν
999 2316 1061 2370 τῶν
1087 2299 1204 2383 ζωδίων
1222 2307 1336 2370 κ’ἰκλον
1355 2299 1475 2388 διεῖλεν,
1497 2306 1619 2393 ἄρσεσιν
1644 2304 1697 2368 καί
1722 2303 1855 2382 θήλεσιν,

314 2417 353 2487 ὡς
379 2413 415 2476 ἀν
440 2413 494 2476 καί
519 2414 599 2484 αὕτη
627 2413 715 2500 φύσιν
741 2411 946 2502 ἀρρενόθηλον
971 2416 1097 2503 ἔχουσα·
1116 2423 1178 2477 τῶν
1196 2405 1229 2478 δὲ
1246 2423 1338 2503 τριῶν
1364 2413 1485 2476 κύκλων
1510 2423 1573 2475 τῶν
1598 2412 1671 2499 πρὸς
1696 2409 1789 2500 ὀρθάς
1813 2434 1858 2473 τε·

314 2523 453 2609 μνόντων
479 2521 648 2602 ἀλλήλους,
673 2521 729 2595 τάς
753 2520 856 2596 κοινάς
881 2521 992 2610 τομάς,
1017 2516 1129 2599 ἔπηξεν
1154 2521 1203 2585 ἀεὶ
1219 2520 1274 2597 τάς
1292 2521 1399 2595 αὑτάς·
1423 2525 1470 2607 ἐφ’
1495 2519 1611 2589 ἑαυτήν
1637 2511 1670 2583 δὲ
1694 2519 1856 2608 γενομένη,
1935 2523 1936 2528 ’

311 2628 382 2702 τοὺς
407 2622 553 2703 δεκάνους
578 2630 685 2717 ὥρισεν
710 2623 742 2706 ἑξ
766 2629 819 2692 καὶ
843 2629 1013 2717 τριάκοντα
1037 2628 1107 2704 τοὺς
1128 2629 1258 2704 πάντας·
1278 2627 1360 2716 μετά
1377 2621 1410 2693 δέ
1427 2639 1484 2703 τῆς
1501 2619 1662 2714 τετράδος,
1687 2627 1761 2702 τοὺς
1785 2633 1856 2714 ὡρο-

259 2763 286 2800 ιο
313 2735 424 2824 νόμους
450 2737 546 2799 εἰκοσι
569 2737 623 2798 καί
647 2735 803 2824 τεττάρας
828 2735 936 2812 ὄντας·
964 2735 1046 2822 μετά
1070 2727 1103 2800 δὲ
1127 2747 1184 2810 τῆς
1208 2728 1392 2824 πεμπάδος,
1416 2734 1473 2810 τάς
1507 2737 1613 2823 μοίρας
1643 2745 1706 2799 τῶν
1730 2725 1855 2812 ζωδίων,

314 2841 383 2904 καθ’
408 2842 462 2906 ἕνα
486 2843 539 2906 καί
561 2845 616 2907 τὸν
641 2843 735 2906 αὐτόν
761 2842 889 2932 ἀριθμόν
913 2843 1120 2908 ἑτελεώσατο·
1147 2842 1229 2930 μετά
1247 2834 1280 2906 δὲ
1297 2853 1354 2918 τῆς
1371 2834 1506 2932 τριάδος,
1531 2836 1704 2918 ὑπεξωκῦια
1728 2843 1855 2930 γίνεται·

313 2947 372 3018 τήν
397 2947 480 3012 κατά
505 2940 673 3039 διάμετρον
698 2951 816 3022 κίνησιν
841 2961 880 3034 τῇ
908 2960 1077 3040 τριγωνικῇ
1099 2953 1167 3033 (fol.
1187 2955 1243 3036 51)
1270 2949 1448 3023 ...λοιπὴν
1473 2950 1532 3021 τήν
1558 2949 1612 3036 μὲν
1636 2960 1690 3014 τοῦ
1705 3001 1709 3011 .
1725 2999 1731 3013 .
1749 3000 1755 3012 .
1771 2973 1856 3038 στρον

316 3061 495 3146 συμπληροῖ
517 3069 581 3134 τοῖς
607 3061 659 3122 καί
683 3083 743 3148 σχη
750 3070 948 3149 ματογραφεῖ
961 3059 1066 3123 πάντα
1080 3113 1086 3127 .
1103 3063 1198 3126 ..λον
1224 3050 1257 3124 δὲ
1282 3050 1514 3148 διαζωηγραφεῖ
1536 3056 1674 3146 καθάπερ
1688 3107 1694 3118 .
1710 3108 1717 3119 .
1731 3104 1738 3116 .
1752 3081 1783 3130 ος
1807 3057 1856 3118 τὀν

314 3158 347 3231 δὲ
370 3175 433 3230 τῶν
457 3157 574 3244 ζῳδίων
599 3165 727 3254 ἀριθμόν
752 3161 836 3234 ἷσ...
861 3167 1019 3241 τοσούτοις
1044 3167 1174 3254 ὅσοσπερ
1201 3169 1297 3241 αὐτῆς
1322 3171 1405 3231 ἐστιν
1430 3169 1518 3252 όμ...
1545 3157 1578 3230 δέ
1602 3165 1855 3228 ἀποκατάστασιν

260 3296 287 3332 ιε
313 3267 406 3362 ὁρίζει
429 3284 483 3337 τοῦ
510 3277 638 3358 βασιλευ
654 3327 660 3340 .
676 3329 682 3341 .
699 3329 705 3342 ,
721 3285 840 3364 ρατῶν,
865 3275 884 3347 ἢ
911 3274 1003 3363 φησίν
1029 3273 1179 3348 Πλάτων,
1206 3275 1258 3339 καί
1281 3273 1451 3350 πάσης...
1476 3279 1515 3348 ὡς
1548 3273 1601 3338 καὶ
1632 3283 1748 3362 τροφῆς
1773 3273 1856 3343 ὄντος

315 3383 415 3445 αἰτίου
439 3381 492 3444 καί
516 3375 673 3458 αὐξήσεως
688 3435 695 3449 .
710 3435 739 3449 ..
763 3375 918 3470 ζωοφόρον
944 3381 1068 3446 κύκλον·
1089 3382 1141 3445 καὶ
1159 3373 1210 3445 διά
1234 3392 1337 3445 ταῦτα
1361 3382 1414 3445 καί
1437 3379 1575 3445 ἐντεῖθεν
1600 3391 1663 3456 τοῖς
1688 3381 1857 3468 τελέεμασι

314 3501 376 3555 τῶν
401 3491 559 3578 οὐρανίων,
586 3493 740 3580 μεγίστην
765 3489 984 3562 κέκτηται...
1010 3481 1159 3579 δύναμιν,
1186 3490 1298 3578 μέτρον
1323 3483 1400 3554 οὖσα
1424 3499 1487 3553 τῶν
1512 3491 1591 3553 ὁλων
1617 3491 1724 3554 αἰτίων
1751 3485 1855 3564 αἷς...

313 3599 448 3686 πλευραὶ
471 3608 526 3662 τοῦ
551 3596 703 3688 τριγώνου
727 3607 789 3660 τῶν
814 3595 989 3686 σχημάτων
1015 3597 1088 3661 εἰσὶν
1115 3595 1236 3685 [θεήχαὶ
1261 3607 1322 3661 τῶν
1347 3605 1518 3684 κοσμικῶν·
1542 3603 1561 3670 ή
1588 3598 1643 3685 μέν
1667 3597 1782 3686 τετράς
1806 3605 1856 3660 τοῦ

314 3707 514 3798 τετραγώνου
532 3717 586 3771 τοῦ
603 3708 657 3771 τόν
674 3699 768 3771 κόθον
785 3704 997 3784 συνιστάντος,
1015 3705 1046 3778 ὅς
1064 3707 1130 3768 ἑστι
1147 3708 1269 3793 σπέρμα
1286 3715 1342 3779 τῆς
1360 3715 1428 3795 γῆς·
1445 3711 1464 3777 ή
1484 3696 1517 3769 δέ
1533 3703 1619 3794 τριάς
1636 3715 1690 3768 τοῦ
1708 3703 1856 3794 τριγώνου

260 3841 287 3879 ιο
314 3825 369 3879 τοῦ
386 3814 428 3879 τά
443 3819 514 3903 τρία
531 3825 633 3879 ταῦτα
649 3816 869 3904 γεννήσαντος·
886 3819 905 3886 ή
925 3805 958 3877 δὲ
975 3811 1111 3900 πεμπάς,
1128 3814 1237 3876 τοῦτο
1256 3803 1464 3902 δωδεκάεδρον
1481 3809 1773 3899 συμπληρώεαντος
1790 3833 1857 3873 πεν-

312 3919 466 4011 ταγώνου·
481 3915 505 3983 ὧ
522 3923 575 3984 τόν
593 3923 719 4010 οὐρανόν
737 3920 913 4008 έμόρφωσεν
931 3924 947 3982 ό
963 3918 1048 4008 παρά
1066 3929 1110 4002 τῷ
1129 3921 1251 4007 Τιμαίῳ
1269 3912 1465 4010 δημιουργός.
1486 3919 1620 3994 Εἰκότως
1638 3918 1697 4008 ἄρα
1710 3919 1855 4006 κοσμικόν

315 4031 465 4120 τρίγωνον
489 4027 614 4094 εἰώθασι
638 4038 732 4093 τοῦτο
757 4031 876 4103 καλεῖν,
902 4029 980 4092 οἵτε
1004 4025 1095 4091 ἄλλοι
1113 4029 1200 4114 σοφοὶ
1217 4027 1270 4090 καὶ
1287 4033 1315 4091 οἱ
1332 4027 1372 4091 τά
1389 4030 1567 4117 Αἰγυπτίων
1594 4032 1797 4116 ἱστοροῦντες,
1822 4031 1855 4098 ὡς

313 4139 431 4214 παντὸς
455 4136 511 4212 τάς
537 4135 633 4226 ἀρχάς
658 4138 729 4224 έχον
754 4136 808 4200 καί
831 4135 974 4224 περιέχον
992 4140 1021 4198 ἑν
1038 4138 1149 4216 ἑαυτῷ.
1174 4137 1234 4199 Καὶ
1257 4135 1316 4224 γάρ
1341 4130 1410 4212 ἑξῆς
1435 4142 1463 4199 οἰ
1487 4141 1516 4201 ἑν
1542 4139 1627 4218 αὐτῷ
1651 4134 1776 4225 ἀριθμοὶ
1800 4145 1855 4199 τῶν

313 4245 445 4336 πρώτων
464 4245 537 4310 εἰσίν
556 4247 662 4308 αἰτίων
679 4245 835 4318 εἰκόνες·ή
855 4245 909 4333 μὲν
923 4243 1019 4333 τριάς,
1034 4255 1088 4308 τοῦ
1105 4245 1204 4320 όντος,
1222 4243 1237 4307 ὃ
1254 4236 1290 4315 δὴ
1308 4243 1439 4334 πρώτως
1456 4245 1539 4308 ἐστὶν
1558 4246 1668 4332 μικτόν
1682 4250 1716 4310 ἑκ
1728 4246 1855 4334 πέρατος

261 4376 287 4415 ιε
315 4355 368 4418 καί
393 4355 529 4443 ἀπείρου·
556 4349 650 4441 μονάς
668 4351 727 4442 γάρ
744 4353 850 4440 πέρας,
870 4355 992 4440 ἀπειρία
1009 4343 1076 4425 δὲή
1098 4341 1181 4435 δοάς,
1201 4347 1247 4427 αἷς
1266 4354 1418 4441 ἰσημόνως
1435 4358 1454 4423 ή
1474 4351 1572 4440 τριάς,
1596 4352 1667 4417 ἀτε
1690 4346 1722 4429 ἑξ
1747 4357 1855 4440 ἀμφοῖν

316 4457 403 4545 οθσα,
427 4462 481 4524 καί
504 4461 582 4548 μόνη
602 4469 695 4524 τοῦτο
712 4458 893 4524 πεπονθυῖα·
911 4461 947 4522 τό
966 4453 1127 4533 εἶναιτοῖς
1146 4461 1254 4548 ἀρχαῖς
1272 4463 1333 4531 ἴση·
1350 4464 1369 4532 ή
1397 4449 1430 4522 δέ
1453 4459 1565 4548 τετράς
1589 4469 1647 4534 τῆς
1671 4453 1752 4536 ζωῆς
1776 4467 1852 4546 παρῆ

315 4569 409 4640 καίῆ
437 4569 555 4642 κίνησις
579 4572 619 4642 ὡς
644 4557 793 4648 δυαδική,
818 4566 872 4629 καί
895 4571 913 4638 η
941 4567 1048 4642 στάσις
1073 4573 1112 4643 ὡς
1136 4570 1371 4658 τετραγωνική·
1396 4573 1426 4634 ἑν
1452 4569 1509 4658 γάρ
1536 4568 1660 4639 ἰσότητι
1685 4568 1803 4641 στάσις,
1827 4569 1853 4628 ὲν

318 4679 353 4758 (f.
372 4680 412 4743 51
432 4679 475 4757 v.)
500 4725 528 4738 ..
545 4679 618 4763 ἀφ’
636 4678 750 4750 ἑαυτῆς
768 4679 808 4749 εἰς
825 4678 1003 4750 ἑαυτῆς...
1028 4675 1175 4750 πεντάκις
1192 4677 1285 4740 πέντε
1303 4677 1356 4740 καί
1380 4687 1473 4740 τοῦτο
1488 4727 1494 4738 .
1510 4725 1516 4739 .
1531 4727 1537 4738 .
1551 4684 1610 4749 πᾶς
1635 4674 1694 4764 γάρ
1716 4685 1793 4750 νοῦς,
1810 4671 1854 4758 ἀφ’

315 4785 426 4848 ἑαυτοῦ
450 4783 587 4873 πρὸς...
616 4784 670 4872 ιρδ
695 4773 728 4847 δὲ
751 4781 871 4846 τοότων
890 4785 1100 4872 αἰάρχαί...
1126 4783 1301 4870 μονάς,καί
1325 4777 1450 4858 δυάς·ή
1478 4783 1531 4871 μὲν
1558 4783 1634 4845 αὐτὸ
1657 4783 1759 4845 τὸ...
1785 4781 1854 4843 αὐτὸ

259 4919 288 4957 ιο
315 4891 352 4955 τὸ
377 4891 500 4980 ἄπειρον
525 4884 601 4954 οὖσα
624 4891 679 4954 καί
701 4891 820 4978 πρὸ...
845 4891 883 4954 τὸ
908 4901 962 4954 τοῦ
980 4891 1112 4981 πέρατος
1131 4895 1228 4956 αἴτιον
1246 4893 1300 4956 καί
1324 4903 1379 4955 τοῦ
1404 4896 1486 4954 ἀ...
1511 4892 1564 4954 καί
1588 4888 1648 4981 γάρ
1672 4897 1691 4962 ῆ
1712 4889 1805 4978 μονάς
1827 4889 1853 4950 έν

315 5025 346 5065 τι
370 5001 465 5074 καίῆ
492 4989 575 5083 δόας,
601 4999 718 5063 καί...
744 4997 870 5088 ἀριθμὸς
903 4996 944 5074 εἰς
968 5001 1115 5076 ἕκαστος·
1141 5010 1207 5075 νοῦς
1232 4991 1265 5064 δὲ
1288 5006 1307 5071 ή
1333 4997 1482 5088 πεμ[πάς]
1510 4993 1585 5062 οὖσα
1609 4997 1692 5086 μετά
1722 4997 1776 5086 μὲν
1799 4995 1852 5064 τήν

315 5118 373 5184 τῆς
396 5117 596 5198 πρωτουργοῦ
620 5098 744 5197 τριάδος
769 5107 978 5198 όκτάσφαιρον
994 5111 1138 5181 ἐποίησεν
1158 5108 1212 5173 τὀν
1230 5113 1301 5175 ὅλον
1319 5109 1456 5197 οὐρανόν·
1482 5105 1562 5195 μετά
1587 5097 1620 5170 δέ
1643 5106 1702 5178 τήν
1726 5115 1783 5180 τῆς
1807 5127 1852 5168 τε·

355 5340 377 5416 ¹)
396 5340 436 5398 M.
455 5359 510 5398 om.
531 5343 587 5395 τόν.
1151 5339 1173 5415 ²)
1193 5337 1240 5395 Sic
1259 5337 1321 5396 cod.
1340 5337 1384 5394 Of.
1403 5335 1481 5392 infra
1499 5353 1525 5413 p.
1547 5334 1606 5406 174,
1625 5334 1644 5389 L
1664 5334 1707 5390 85.
