3940 6072
728 915 1157 1017 LAOHORUS

561 1135 599 1199 εἰν
621 1133 750 1201 scholiis
772 1133 817 1201 σά
839 1133 1068 1218 Ηενκιορειιοηι
1091 1129 1163 1219 Περὶ
1189 1119 1276 1195 ἰδεῶν
1292 1126 1324 1214 ¹).

494 1564 567 1654 Περὶ
582 1555 685 1629 ποδῶν
702 1563 930 1655 καθαρότητος,
946 1571 965 1640 ἡ
984 1557 1160 1637 ὑπούέύηκε
1177 1577 1217 1652 τῇ
1236 1569 1396 1656 σαφηνείᾳ.

214 1777 248 1840 ‘0
273 1775 407 1868 καθαρός
431 1779 524 1871 λόγος
549 1779 632 1846 θέλει
656 1782 737 1872 ἔχειν
754 1785 842 1846 κῶλα
860 1791 966 1873 μακρά
983 1779 1200 1872 σνντεθείμενα
1216 1785 1246 1848 ἑν
1264 1791 1305 1866 τῇ
1324 1783 1406 1870 ἀρχῇ
1425 1779 1479 1844 καί
1503 1783 1596 1862 ἐντῷ
1620 1779 1715 1863 τέλει,

170 1889 209 1960 ὡς
233 1885 284 1949 ἐπί
307 1885 344 1950 τὸ
368 1888 517 1952 πλεῖστον
535 1881 567 1966 έξ
586 1881 704 1978 ἰάμύων
721 1889 775 1952 καί
791 1891 959 1980 τροχαίων,
977 1891 1008 1954 ἐν
1026 1880 1060 1954 δέ
1074 1897 1119 1972 τῷ
1143 1891 1225 1978 μέσῳ
1246 1890 1361 1978 ὀλίγοις
1386 1887 1559 1978 κεχρῆσθαι
1582 1887 1716 1965 τούτοις·

170 1991 403 2081 συμπλέκεσθαι
427 1986 460 2059 δὲ
484 1996 537 2059 καὶ
560 2007 625 2072 τοῖς
650 1987 828 2084 δακτύλοις,
853 1997 905 2062 καί
929 2009 993 2074 τοῖς
1016 2001 1134 2074 λοιποῖς
1151 2009 1300 2086 φυσικοῖς
1320 2002 1348 2062 οἱ
1365 1988 1398 2061 δὲ
1420 1989 1602 2062 ίδικώτατοι
1624 1988 1715 2072 πόδες

170 2113 224 2166 τοῦ
248 2096 341 2182 πέζου
365 2102 460 2195 λόγου
486 2106 571 2180 εἰσίν,
595 2111 635 2182 ὡς
658 2109 791 2196 εἴρηται,
815 2108 833 2170 ό
855 2131 890 2172 τε
914 2099 1024 2196 ἰἀμύος
1049 2106 1103 2170 καί
1126 2117 1273 2196 τροχαῖος
1297 2105 1378 2190 (ὅθεν
1403 2103 1456 2170 καί
1472 2101 1514 2168 τά
1534 2102 1658 2194 κωμικά
1681 2107 1716 2168 ἐκ

171 2208 290 2274 τούτων
315 2211 536 2300 συνιστάμενα)
561 2213 709 2305 λέγονται
733 2217 884 2304 ἔμμετρος
910 2214 1071 2306 ῥητορική·
1095 2216 1144 2278 ότι
1169 2215 1269 2303 ὥσπερ
1294 2215 1324 2277 ἐν
1348 2223 1388 2299 τῇ
1418 2223 1476 2289 τῆς
1500 2211 1716 2303 καθαρότητος

171 2307 237 2402 ἰδέᾳ
254 2323 281 2383 ei
296 2321 434 2394 πλείονες
451 2311 544 2398 πόδες
560 2325 723 2412 τροχαῖκοί
741 2329 798 2388 εἱσι
816 2325 869 2387 καί
887 2317 1036 2412 ἰαμύικοί,
1050 2324 1146 2397 ούτως
1164 2325 1194 2387 ἐν
1212 2333 1252 2407 τῇ
1272 2331 1328 2398 τῆς
1346 2321 1545 2412 γλυκύτητος
1563 2321 1714 2407 συνθήκη,

171 2417 322 2493 δάκτυλοι
345 2428 399 2493 καί
422 2428 619 2506 ἀνάπαιστοι,
644 2423 748 2505 ἐπειδὴ
776 2426 808 2510 ἐξ
832 2435 978 2497 ἐναντίων
1002 2424 1105 2497 ποδῶν
1130 2431 1275 2522 γινομένη
1295 2435 1314 2504 ἠ
1341 2427 1477 2503 συνθήκη
1509 2427 1714 2502 κατάλληλον

169 2544 253 2598 ποιεῖ
275 2535 329 2599 τόν
353 2536 460 2626 λόγον·
476 2535 518 2602 τά
533 2537 593 2628 γάρ
610 2533 643 2617 ἐξ
660 2543 772 2628 όμοίων
791 2530 874 2613 ἀηδῆ
892 2539 1019 2629 πέφυκε.
1037 2538 1093 2604 Διά
1108 2551 1203 2604 τοῦτο
1221 2538 1303 2630 μήτε
1320 2541 1368 2604 ἀπ’
1386 2537 1493 2614 ἄλλοις
1518 2527 1713 2602 δισσύλλαύα

170 2640 189 2714 ’δ
215 2637 411 2734 τρισύλλαύα
434 2643 453 2719 ἢ
479 2642 722 2738 τετρασύλλαύα
739 2647 758 2722 ἣ
776 2651 824 2714 ἐπ’
843 2650 1001 2725 ἀλλήλους
1025 2659 1081 2713 τοῦ
1099 2653 1193 2712 αὑτοῦ
1211 2646 1302 2712 τόνου
1323 2639 1521 2725 ὀξυτόνουςῆ
1541 2639 1715 2734 παροξυτό-

170 2777 238 2828 νοος
251 2751 270 2825 ἢ
283 2749 577 2844 προπαραξυτόνους
591 2748 640 2821 δεῖ
650 2757 835 2822 συντιθέναι·
848 2756 915 2822 ὅθεν
929 2757 983 2822 καί
995 2756 1051 2821 τόν
1063 2751 1155 2836 πέζον
1168 2755 1264 2846 λόγον
1277 2753 1361 2819 κατά
1374 2744 1517 2818 διποδίαν
1531 2764 1713 2843 μετροῦμεν·

171 2850 345 2938 δακτύλους
369 2867 403 2928 ἐκ
421 2873 539 2953 μακρᾶς
556 2864 649 2940 ὄντας
664 2865 719 2930 καί
735 2857 796 2930 δύω
815 2868 979 2956 βραχειῶν,
998 2861 1079 2954 μετά
1096 2863 1302 2941 ἀναπαίστοο,
1319 2873 1374 2928 τοῦ
1392 2860 1474 2951 μετά
1491 2853 1545 2927 δύο
1564 2864 1715 2953 βραχειῶν

171 2970 224 3034 καί
248 2979 377 3060 μακρᾶς.

216 3076 330 3141 ’ίστέον
348 3069 382 3142 δὲ
399 3079 448 3142 ότι
470 3077 523 3144 έάν
541 3078 742 3154 ἀναπαύηται
755 3081 792 3145 τό
809 3085 911 3145 κῶλον
929 3085 970 3157 είς
987 3081 1105 3147 τέλειον
1121 3071 1215 3159 πόδα,
1231 3079 1361 3170 λέγεται
1383 3078 1619 3154 άκατάληκτον·
1641 3084 1668 3146 εί
1685 3071 1718 3144 δὲ

171 3186 282 3262 λείπει,
306 3187 546 3257 καταληκτικύν
564 3181 761 3276 όνομάζεται,
779 3189 886 3264 οὕτως·
902 3201 946 3263 ÷
962 3189 1151 3277 ἀστρατείας
1167 3187 1250 3252 ἑάλω
1267 3187 1321 3251 καί
1333 3188 1487 3277 κέχρηται
1508 3197 1659 3279 συμφορᾷ.
1674 3202 1719 3262 -ζ-

174 3293 270 3358 ’Έστι
293 3293 353 3385 γάρ
377 3293 591 3385 τετράμετρον
616 3299 657 3370 είς
674 3296 820 3384 τέσσαρες
843 3296 938 3374 όκτω,
962 3296 1016 3359 καί
1032 3300 1139 3360 λεῖπον
1155 3288 1313 3373 συλλάύη,
1337 3294 1445 3386 γέγονε
1469 3295 1716 3370 καταληκτικόν.

217 3407 282 3468 Ούκ
307 3395 439 3493 ἀκριύῶς
464 3393 497 3467 δὲ
520 3401 561 3466 τά
586 3405 687 3494 μέτρα
711 3404 927 3492 φυλάττονται
951 3409 981 3470 ἐν
998 3413 1044 3487 τῷ
1060 3398 1144 3488 πέζῳ
1160 3404 1257 3497 λόγῳ,
1273 3414 1324 3469 ἴνα
1343 3403 1386 3490 μὴ
1411 3404 1543 3495 λογισθῇ
1562 3406 1712 3496 ἔμμετρος

172 3516 191 3585 η
219 3510 370 3588 συνθήκη,
395 3515 434 3587 ὡς
458 3508 500 3575 τά
523 3513 582 3584 ἔπη
608 3512 662 3576 καί
686 3510 726 3575 τά
751 3513 902 3603 ἔμμετρα·
924 3511 1008 3577 ἀλλά
1026 3511 1106 3578 θέλει
1129 3513 1210 3602 ἔχειν
1234 3513 1289 3577 καί
1313 3511 1435 3604 μέτρον,
1460 3513 1513 3578 καὶ
1537 3516 1570 3578 οὐ
1595 3513 1717 3603 μέτρον,

172 3617 256 3684 ἀλλά
278 3609 400 3684 τοῖονδε
423 3619 535 3711 μέτρον
559 3618 643 3686 κατά
667 3619 725 3693 τὴν
752 3611 834 3686 ἰδέαν
858 3621 1037 3712 τοῦλόγου.
1055 3619 1204 3686 Λανθάνει
1222 3612 1335 3698 δέπως
1352 3619 1412 3694 τὴν
1430 3620 1527 3694 ἀκοὴν
1552 3621 1715 3705 ἐμπίπτων

174 3729 266 3816 μέσον
284 3738 338 3793 τοῦ
355 3721 449 3806 πέζου
467 3730 585 3819 στίχος,
603 3735 643 3806 ὡς
660 3729 713 3794 καί
729 3723 814 3821 παρὰ
831 3729 1022 3820 Δημοσθένει
1040 3731 1225 3821 εὑρίσκεται,
1242 3729 1297 3794 καί
1319 3729 1391 3821 παρ’
1410 3731 1556 3819 Αίσχίνει,
1574 3729 1628 3794 καί
1651 3733 1716 3794 λοι-

172 3847 240 3912 ποῖς
265 3837 401 3928 ῥήτορσι.
1449 3924 1451 3930 Ι

218 3943 319 4009 Ἀλλά
342 3944 395 4009 καί
418 3937 526 4034 ’ίαμύοι
548 3945 702 4022 πολλακὶς
727 3950 930 4036 εὑρίσκονται,
946 3951 986 4024 ὡς
1011 3950 1041 4012 ἑν
1058 3956 1098 4032 τῇ
1118 3936 1244 4030 Ἐξόδῳ·
1268 3959 1314 4023 -ζ-
1329 3945 1391 4010 Καί
1408 3944 1450 4033 μη
1479 3944 1716 4036 μεριμνάτωσαν

174 4056 204 4116 ἐν
221 4062 319 4129 κενοῖς
336 4051 538 4142 λόγοις’).ὲ
555 4054 616 4118 Καὶ
632 4058 663 4120 ἐν
680 4065 720 4140 τῇ
738 4053 847 4145 πρώτῃ
867 4047 945 4141 ὡδῇ·
961 4054 1165 4132 ἦΕίσῆλθεν
1184 4057 1274 4131 ἵππος
1292 4050 1408 4144 Φαραὼ
1426 4052 1479 4118 σύν
1504 4052 1621 4143 ἅρμασι
1630 4049 1665 4139 ³).
1676 4067 1719 4127 -ζ-

174 4161 235 4226 Καί
252 4166 283 4228 ἑν
300 4172 346 4246 τῷ
362 4164 537 4254 εύαγγελίῳ
553 4161 605 4228 τά·
622 4170 822 4240 -·,-Τοιοῢτος
839 4163 870 4241 ὃς
886 4167 978 4230 λαλεῖ
995 4161 1241 4253 βλασφημίαςέ).
1252 4177 1296 4238 ÷
1312 4162 1373 4225 Καί
1390 4166 1405 4225 ὁ
1422 4160 1572 4251 μακάριος
1585 4160 1667 4225 Λέων
1681 4157 1718 4243 ⁵)-

176 4284 220 4347 ÷
232 4270 438 4362 Εύγνώμονας
455 4261 488 4336 δέ
511 4281 574 4336 τῶν
591 4280 692 4362 μερῶν
709 4271 888 4338 ἀκουστέον.
902 4284 945 4346 -ζ-
969 4277 1022 4337 Δεῖ
1036 4261 1070 4336 δὲ
1084 4268 1247 4361 γινώσκειν
1264 4270 1314 4333 ότι
1337 4273 1357 4342 ἡ
1385 4268 1537 4358 εύκρίνεια
1560 4271 1648 4331 κῶλα
1667 4266 1719 4333 καί

211 4469 233 4541 ¹)
251 4465 298 4523 Ex
311 4466 407 4524 Pelet.
427 4467 464 4523 23
480 4465 501 4524 f.
521 4465 557 4523 34
576 4474 618 4524 v0.
637 4467 721 4524 Inest
738 4467 860 4540 farrago
877 4465 919 4523 in·
971 4467 1134 4538 Lechorns,
1153 4464 1271 4522 nomine
1282 4463 1466 4537 peregrinus,
1480 4464 1513 4520 in
1530 4461 1579 4520 his
1598 4461 1719 4520 scholiis

174 4556 284 4630 scripte
302 4575 330 4631 p.
349 4555 399 4612 30:
413 4559 514 4627 Γνῶμαι
526 4555 584 4610 κατ’
599 4557 702 4630 inoffi
722 4557 749 4610 ἐκ
768 4559 817 4608 τῶν
838 4562 919 4628 Δημο-
972 4559 1122 4626 laudatur,
1136 4557 1251 4613 frustra
1269 4561 1334 4612 tum
1354 4554 1424 4611 alibi
1440 4554 1583 4629 quaesivi,
1602 4573 1669 4612 eum
1688 4554 1718 4611 in

174 4649 266 4718 κρίκου,
287 4646 447 4714 Ἐπικτήτου,
460 4653 503 4700 καί
523 4647 609 4717 ίτίρωι
625 4649 773 4719 φιλοσόφων,
788 4652 830 4700 καί
850 4667 920 4702 ποιη·
973 4654 1036 4704 tete
1049 4645 1178 4704 Fabricii
1191 4652 1223 4703 et
1234 4643 1382 4702 Harlessii
1393 4647 1574 4702 Bibliotheca
1593 4647 1717 4704 Graeca.

173 4741 222 4791 τῶν
236 4749 278 4791 και
293 4738 409 4809 ῥητόρων.
420 4739 494 4794 Post
506 4737 589 4795 veria
603 4756 640 4794 ex
652 4738 787 4809 Diogene
796 4736 919 4794 Laertio
969 4735 1136 4794 Ascribitur
1154 4753 1241 4809 porro
1254 4734 1359 4808 ignoto
1370 4733 1416 4789 illi
1429 4737 1583 4808 Τιχνιλιγῑα
1596 4752 1634 4791 ex
1646 4733 1715 4790 Die·

174 4827 313 4901 expilata,
328 4827 362 4884 fic
381 4827 479 4885 saltus
498 4828 536 4883 ed
554 4827 717 4901 prosedicn,
729 4827 749 4882 f.
769 4827 804 4882 33
816 4835 850 4883 v⁰
863 4833 920 4898 περι
969 4826 1056 4901 nysio
1076 4832 1204 4899 sumpte,
1223 4843 1300 4898 qnae
1318 4824 1427 4881 nullibi
1446 4829 1605 4898 comperetr

175 4921 255 4972 ποθῶν
275 4922 459 4991 μιτρικῶνκοί
478 4922 676 4992 λογογραφικῶν.
692 4918 766 4974 Cum
786 4916 920 4975 classicis
1007 4917 1031 4990 ²)
1049 4916 1103 4972 Ex.
1123 4933 1152 4982 v,
1172 4917 1199 4970 9.

173 5009 328 5067 excientnr
347 5007 509 5082 Gregorius
531 5009 743 5081 Nazianzenus,
762 5007 921 5083 sophronii
1006 5008 1030 5076 ³)
1050 5007 1105 5062 Ex.
1122 4996 1172 5076 κν,
1194 5006 1236 5061 19.

174 5096 381 5157 anacreontica
395 5103 449 5154 etc.
463 5097 483 5153 f.
496 5098 532 5154 34
544 5105 578 5154 v⁰
592 5105 647 5169 περὶ
661 5099 755 5169 μέτρων
776 5100 920 5170 ῥητορικῶν,
1007 5098 1031 5170 ⁴)
1050 5098 1124 5153 Luc.
1143 5114 1171 5164 v,
1192 5096 1237 5151 21.

174 5197 205 5248 et
223 5189 314 5263 penio
326 5194 396 5262 post
407 5193 511 5245 nostre
524 5193 672 5261 excerpta.
689 5187 827 5261 Suspicor
845 5205 920 5262 opus
1007 5189 1031 5262 ⁵)
1050 5187 1180 5244 Leonem
1193 5203 1336 5260 magnum
1345 5185 1452 5258 respici
1461 5201 1520 5243 nen
1533 5183 1718 5242 crediderim.

175 5295 241 5337 erse
254 5276 555 5350 JoannisDoxopetri
566 5276 832 5350 supramemorati.
846 5277 921 5346 Quis
972 5279 1042 5338 eod.
1064 5278 1228 5350 Εὺγνώμονις.

174 5386 246 5428 vero
264 5367 306 5428 sit
323 5367 447 5442 ignotus
466 5367 524 5426 iete
548 5367 671 5442 Rheeer,
693 5367 848 5427 Lecherus
872 5367 921 5426 vel
