4008 6068
274 507 310 563 14
860 501 1008 578 oannes
1027 502 1241 580 Athanasius

274 671 389 759 μηκέτι
402 673 528 738 εὔκολον
543 667 621 736 εἶναι
637 674 846 740 καταπίπτειν
865 679 906 750 είς
924 679 1024 766 ἁμαρ·
1076 680 1191 746 robora
1214 684 1353 747 mentem
1382 685 1496 764 mea'm,
1519 705 1559 749 ne
1582 683 1684 751 facilis
1714 685 1756 751 sit
1779 685 1820 751 ad

272 783 351 845 τίαν.
377 779 471 856 Ἴσως
495 772 530 846 δέ
546 772 676 872 καρδίαν
694 786 780 866 αὐτῷ
803 782 942 873 καθαράν
968 787 1023 848 ed·
1076 788 1250 855 cadendum
1274 790 1306 855 in
1329 796 1506 876 peccatum.
1530 791 1687 858 Fortassis
1710 798 1817 859 autom

271 913 365 979 χεται
389 881 528 968 δοθῆναι,
546 891 600 956 καὶ
621 890 658 954 τί
682 891 834 981 ἑπόμενον
858 902 899 977 τῇ
926 891 1023 957 καθα·
1074 899 1171 980 rogat
1185 895 1247 961 sibi
1262 895 1330 960 dari
1354 918 1409 963 cor
1424 899 1587 979 mundum,
1604 902 1637 965 et
1653 898 1738 983 quod
1759 921 1820 984 pu-

272 997 393 1087 ρὸτητι,
416 1007 538 1085 πνεῦμα
563 995 646 1073 εὺθὲς
662 1007 728 1074 τοῖς
748 997 893 1087 ἐγκάτοις
917 1000 1023 1089 ὲγκαι·
1073 1001 1202 1067 ritatem
1226 1003 1380 1087 sequitur,
1402 1004 1551 1088 spiritum
1576 1009 1697 1072 rectum
1715 1005 1748 1070 in
1770 1005 1819 1070 vi·

270 1103 422 1183 νισίῆναι,
437 1105 585 1170 τουτέστι
601 1107 726 1182 τελείως
742 1115 805 1171 τῶν
822 1107 876 1196 μὲν
893 1106 1019 1209 φαύλων
1073 1109 1213 1176 secribus
1228 1111 1383 1193 innovari,
1399 1112 1546 1179 videlicet
1560 1115 1728 1199 repurgari
1745 1135 1817 1198 pra·

270 1213 443 1288 κενωθῆναι
466 1217 637 1302 λογισμῶν,
655 1223 718 1277 τῶν
736 1205 769 1278 δὲ
785 1212 871 1279 θειῶν
897 1216 1019 1280 ἐννοιῶν
1072 1219 1120 1285 ris
1136 1220 1377 1303 tentationibus,
1401 1225 1435 1287 et
1457 1220 1574 1306 repleri
1596 1244 1654 1307 per
1676 1221 1815 1308 gratiam

270 1322 476 1414 πληρωθῆναι
498 1311 550 1388 διά
574 1331 632 1398 τῆς
656 1321 795 1412 χάριτος.
1073 1325 1186 1396 divinis
1208 1327 1467 1414 cogitationibus.

902 1573 1101 1643 PSALMUS
1123 1574 1192 1642 LX.

574 1797 603 1840 ν.
628 1777 658 1840 2.
684 1772 762 1836 Ἀπὸ
786 1780 848 1836 τῶν
873 1771 1016 1861 περάτων
1040 1781 1098 1847 τῆς
1121 1781 1180 1862 γῆς
1203 1769 1276 1861 πρὸς
1302 1770 1336 1836 σί
1358 1765 1519 1862 ἐκέκραξα.

751 1880 782 1947 Α
802 1883 925 1964 finitus
947 1889 1052 1950 terroe
1074 1883 1118 1949 nd
1140 1889 1170 1948 tc
1192 1881 1338 1950 clamavi.

315 2071 451 2163 Ἀκηδιᾷ
475 2069 509 2142 δὲ
535 2075 661 2152 ἀληθῶς
692 2076 745 2140 καί
776 2068 930 2167 ἀδημονεῖ
959 2085 1019 2153 πᾶς
1118 2079 1264 2146 Moerore
1286 2101 1361 2147 vero
1380 2080 1469 2147 dolet
1483 2085 1516 2147 et
1531 2081 1701 2148 admodum
1723 2082 1815 2168 luget

271 2184 429 2274 θεοφιλὴς,
441 2182 560 2259 πλῆθος
573 2194 635 2248 τῶν
650 2185 873 2271 ἀπολλυμένων
889 2181 1018 2274 θεωρῶν.
1072 2189 1206 2274 quiaque
1229 2187 1290 2254 Dei
1306 2187 1436 2270 amicus,
1453 2188 1647 2274 conspiciens
1667 2189 1815 2256 multitu·

271 2287 397 2367 Ἐπειδὴ
416 2288 468 2358 οὖν
486 2284 654 2358 recitauit
670 2297 711 2368 είς
727 2292 787 2364 τὴν
804 2291 888 2357 κατά
906 2284 1019 2357 δυνασ-
1073 2297 1179 2362 dinem
1191 2296 1389 2381 perditorum
1401 2297 1583 2376 hominum
1595 2297 1746 2382 quoniam
1757 2296 1816 2380 igi·

271 2402 358 2466 τείαν
375 2401 429 2465 καί
447 2399 507 2472 τὴν
520 2390 688 2487 τυραννίδα
701 2408 764 2462 τῶν
777 2390 932 2488 δαιμόνων
946 2397 1020 2464 deo·
1074 2408 1128 2470 tur
1143 2403 1246 2469 David
1261 2405 1390 2470 intuens
1412 2404 1600 2471 daemonum
1622 2408 1815 2488 potestatem

272 2519 341 2600 ρῶν,
357 2498 490 2585 ἀνοδίας
506 2507 705 2597 πεπλήρωτο·
718 2507 832 2572 τούτου
849 2508 940 2597 χάριν
959 2513 1020 2572 tne—
1073 2518 1107 2579 et
1130 2513 1343 2599 tyrannidem,
1366 2534 1511 2580 moerore
1526 2513 1689 2598 impletur,
1713 2517 1745 2578 et
1768 2512 1816 2577 id·

270 2617 363 2702 τείνει,
389 2618 471 2693 ὅπως
502 2615 658 2704 ἐπιφανείς
690 2619 706 2679 ὁ
738 2615 846 2705 Κύριος
874 2625 932 2692 τῆς
956 2625 1020 2680 τῶν
1074 2619 1157 2687 circo
1180 2619 1316 2705 supplici
1331 2641 1408 2686 voco
1423 2625 1583 2705 precatur,
1599 2625 1637 2686 ut
1659 2641 1816 2705 apparens

271 2721 463 2816 βιαζομένων
493 2729 578 2813 'duis
602 2716 750 2801 stum
773 2722 884 2813 χειρός·
910 2725 954 2788 Τί
986 2715 1020 2788 δὲ
1073 2728 1201 2794 tandem
1225 2727 1381 2808 Christus,
1403 2749 1462 2794 nos
1484 2751 1523 2794 ex
1545 2750 1641 2793 manu
1665 2726 1818 2793 violento·
1913 2777 1918 2788 .

271 2836 333 2900 ἀπὸ
356 2843 420 2898 τῶν
443 2831 587 2923 περάτων
611 2841 670 2907 τῆς
693 2841 752 2922 γῆς
777 2833 922 2920 σημαίνει
945 2832 1019 2921 ὑπὲρ
1074 2857 1146 2902 rum
1168 2836 1293 2920 eripiat.
1310 2835 1347 2901 Id
1370 2857 1446 2902 vcro
1471 2839 1521 2901 ‘a
1543 2836 1659 2901 finibus
1677 2839 1813 2914 torrae„

269 2943 373 3018 πάσης
387 2941 481 3006 αὑτὸν
495 2949 552 3016 τῆς
565 2940 749 3028 οἰκουμένης
762 2939 945 3029 ποιούμενον
959 2939 1017 3017 τάς
1071 2939 1232 3025 significat
1243 2963 1316 3008 eum
1333 2965 1405 3008 suas
1419 2964 1479 3028 pro
1492 2943 1639 3008 universo
1651 2943 1727 3008 orbo
1744 2964 1817 3027 pre·

268 3049 370 3125 λιτάς·
387 3053 422 3114 οὺ
439 3049 533 3137 μόνον
551 3037 594 3122 δὲ,
608 3044 691 3111 ἀλλά
708 3045 762 3110 καί
779 3047 816 3110 τί
828 3045 923 3134 μέσον
938 3050 1017 3110 Θεοῦ
1072 3069 1124 3116 ces
1140 3049 1244 3116 litere.
1259 3049 1328 3116 Nec
1345 3050 1432 3131 satia,
1447 3051 1503 3116 sed
1519 3053 1590 3117 orat
1609 3050 1815 3117 mediatorem

269 3159 322 3223 καί
338 3153 505 3245 ἀνθρώπων
523 3154 626 3229 οὐσίας
642 3152 723 3218 πολὺ
739 3163 942 3244 παριστῶντα
965 3177 1019 3219 κα·
1072 3158 1156 3225 inter
1168 3156 1271 3224 Deum
1287 3163 1320 3224 et
1332 3159 1475 3225 homines
1487 3181 1523 3224 ex
1536 3163 1651 3225 natura
1666 3163 1815 3239 stantem,

268 3263 310 3331 τά
333 3265 371 3330 τί
387 3267 418 3328 ἐν
437 3271 481 3346 τῷ
498 3253 745 3346 ‘stanneam-
763 3261 798 3324 '0
814 3261 892 3335 Θεὸς
916 3262 947 3324 ἓν
971 3267 1017 3341 τῷ
1068 3263 1162 3349 juxta
1184 3261 1264 3328 iilud
1279 3261 1505 3328 Ecclesiastas:
1533 3265 1546 3295 ⁸
1565 3262 1651 3327 Deus
1670 3262 1703 3326 in
1726 3261 1815 3328 coelo

269 3377 387 3464 οὐρανῷ
405 3372 479 3457 ἄνω,
496 3372 549 3436 καί
570 3369 605 3434 σὺ
622 3374 653 3435 ἐν
670 3380 710 3454 τῇ
736 3379 777 3460 γῇ
803 3368 891 3433 κάτω
902 3366 937 3454 ¹).
956 3374 1017 3433 Τοῦ
1071 3392 1197 3436 sursum
1209 3374 1242 3436 et
1254 3370 1350 3436 homo
1361 3369 1394 3435 in
1407 3373 1493 3436 terra
1505 3369 1652 3435 deorsum
1668 3418 1694 3448 ,.
1711 3367 1816 3454 Aper·

269 3482 378 3571 μέντοι
402 3486 576 3569 Συμμαχοῦ
601 3477 788 3566 σαφέστερον
821 3476 961 3550 εἰπόντος
986 3478 1017 3538 ἐν
1072 3479 1136 3544 tius
1158 3479 1281 3544 interea
1305 3477 1496 3564 Symmacho
1518 3477 1639 3543 aiente:
1664 3477 1697 3542 in
1719 3478 1817 3543 verbo

269 3599 314 3672 τῷ
338 3579 506 3675 ἀδημονεῖν
521 3583 547 3671 ²)
570 3583 787 3674 ἐναργέστερον
812 3581 864 3646 καί
887 3585 1019 3671 έμρατι-
1072 3574 1250 3672 ἀδημονεῖν,
1264 3585 1471 3670 septuaginta
1486 3588 1592 3649 autem
1603 3584 1767 3650 nervosius
1785 3589 1817 3650 et

269 3695 406 3784 κώτεμον
423 3689 507 3758 εἶπον
524 3697 552 3756 ot
568 3684 804 3781 etiannum,
823 3693 853 3755 ὲν
871 3699 916 3774 τῷ
936 3695 1018 3761 ἄκη·
1073 3693 1187 3759 elatius
1217 3691 1404 3777 inquiebant
1428 3680 1585 3762 ἀδικῆσαι.
1612 3691 1704 3757 Prius
1732 3692 1816 3757 enim

270 3795 383 3868 διάσοιι·
405 3795 574 3888 ἀδημονεῖν
591 3797 650 3888 γάρ
667 3799 721 3862 καὶ
736 3798 787 3863 ἐπί
807 3808 872 3873 τοῖς
897 3807 1016 3886 μικροῖς
1072 3800 1189 3866 dieitur
1201 3821 1260 3884 pro
1276 3799 1462 3880 minoribus,
1476 3799 1635 3884 posterius
1651 3821 1707 3882 pro
1718 3799 1816 3885 longe

269 3912 408 4001 λέγεται,
425 3877 559 3991 &additia
577 3895 610 3970 δὲ
626 3905 677 3970 ἐπὶ
692 3914 756 3980 τοῖς
774 3904 924 3994 μεγάλοις
940 3903 1018 3967 πάν·
1072 3905 1245 3990 majoribus
1262 3905 1429 3991 angustiis,
1446 3909 1479 3970 et
1495 3926 1593 3989 quum
1609 3905 1680 3989 quis
1696 3905 1729 3970 iu
1746 3927 1815 3971 ma-

269 4043 341 4096 τως,
365 4019 442 4081 ὅταν
467 4007 520 4080 διὰ
542 4014 580 4078 τὸ
603 4011 722 4087 πλῆθος
738 4020 800 4076 τῶν
818 4021 933 4088 κακῶν,
950 4015 1018 4076 λοι·
1071 4016 1176 4082 lorum
1188 4014 1317 4081 cumulo
1332 4013 1462 4079 tandem
1479 4013 1697 4098 reprehensus,
1711 4013 1750 4079 de
1766 4013 1816 4080 his

268 4129 326 4194 πίν
351 4121 393 4190 ὧν
419 4130 449 4192 ὲν
467 4125 550 4214 μέσῳ
567 4149 614 4200 τις
631 4113 912 4212 περιλαμῧάνεται,
936 4122 1018 4185 ἀπα·
1070 4123 1266 4188 lamentatur
1293 4143 1330 4186 ac
1356 4142 1437 4205 pene
1467 4121 1624 4204 desporat,
1653 4120 1815 4186 exhaustis

269 4233 382 4328 γορεόγ
416 4235 489 4324 πρὸς
521 4231 611 4308 αὐτὰ,
635 4233 689 4296 καί
712 4227 774 4295 οἷον
808 4229 1016 4319 ἀπογινώσκει
1072 4231 1169 4296 animi
1197 4230 1346 4311 consiliis,
1370 4250 1406 4295 ac
1434 4229 1460 4294 si
1488 4227 1626 4314 amplius
1649 4229 1732 4296 forre
1755 4249 1814 4313 pro

271 4343 358 4438 ῥίψας
382 4342 424 4409 τά
447 4353 502 4408 τοῦ
526 4353 578 4407 νοῦ
603 4339 817 4428 βουλεύματα,
836 4343 875 4413 ὡς
901 4337 1019 4427 μηκέτι
1071 4338 1156 4404 virili
1179 4341 1328 4423 nequeat.

269 4453 379 4544 φέρειν,
402 4449 463 4529 οἶος
487 4475 523 4516 τε
547 4449 597 4516 ὤν.

776 4728 806 4770 v.
838 4704 868 4770 3.
901 4705 952 4764 Ἐν
984 4697 1084 4791 πέτρᾳ
1113 4695 1236 4788 ὕψωσάς
1268 4721 1315 4786 με.

849 4813 893 4878 In
903 4819 998 4894 petru
1013 4811 1167 4879 exaltasti
1182 4829 1239 4874 me.

314 5012 391 5102 Πρός
424 5002 457 5076 δέ
488 5001 628 5075 διάνοιαν
652 5009 813 5098 κρείττους
841 5005 1015 5099 γεγόναμεν
1117 5003 1228 5082 Quoad
1251 5024 1394 5084 sensum,
1418 5000 1566 5067 fortiores
1598 4998 1675 5066 iacti
1705 5019 1814 5064 sumus

267 5128 330 5184 τῶν
355 5112 591 5209 ἐπηρεαζόντων
616 5107 772 5207 δαιμόνων
798 5106 849 5180 διά
873 5120 1016 5205 Χριστοῦ,
1072 5113 1277 5181 daemonibus
1292 5111 1346 5196 qui
1362 5132 1419 5177 nos
1435 5115 1562 5191 vexant,
1578 5108 1698 5176 auxilio
1721 5107 1813 5174 (thri-

307 5368 329 5443 ¹)
346 5367 436 5426 Pror.
455 5383 526 5443 xxv,
544 5367 572 5424 8.
1103 5362 1128 5436 ²)
1147 5359 1190 5418 Oi.
1210 5359 1352 5432 Hecnpla
1369 5359 1418 5417 Fr.
1435 5357 1528 5416 Field
1547 5364 1568 5415 ί.
1587 5373 1619 5432 u,
1636 5375 1665 5432 p.
1684 5356 1745 5413 190.
