3940 6072
263 507 317 573 aie
847 503 960 582 Procli
973 532 1013 600 p.
1034 504 1058 582 1
1066 505 1183 604 Vcop.
1205 507 1231 583 1

263 679 375 736 ciamus
394 683 521 750 quatuor
548 678 662 735 animae
688 677 809 752 partes?
831 679 881 736 Sin
907 687 1008 737 autom
1061 681 1152 752 gandi
1170 701 1278 758 amore,
1299 703 1388 757 quarn
1411 686 1488 744 ratio
1515 687 1604 760 ducit,
1625 693 1656 744 et
1681 685 1760 745 viam
1779 690 1808 746 ai

262 769 345 840 haec,
363 767 435 824 licet
459 767 604 841 pugnatis
628 773 659 824 et
682 769 830 826 contraria
848 769 1006 843 perferant,
1061 777 1215 846 monstrat,
1236 774 1396 832 ostendens
1418 775 1515 849 magis
1534 777 1701 849 expetenda
1719 793 1809 850 supe·

263 874 322 913 non
342 855 526 914 differentem
545 858 657 914 habant
681 859 890 930 substantiam,
910 876 1006 932 neque
1058 858 1139 916 riora
1159 862 1413 935 quaminieriora;
1429 865 1561 937 corporis
1574 883 1646 922 vero
1658 866 1807 938 cupiditas

261 946 321 1001 alia
339 943 405 1001 ideo
418 945 578 1017 habebunt,
592 947 663 1019 quia
675 948 828 1020 patiantur
842 949 1006 1007 contrarias
1061 949 1163 1006 infima
1175 960 1223 1008 est
1232 953 1347 1011 animae
1357 973 1434 1028 pars,
1446 955 1595 1028 salutique
1608 956 1738 1030 eorporis
1749 955 1807 1012 soli

262 1036 341 1092 inter
359 1053 392 1092 se
410 1052 467 1092 res.
1058 1036 1183 1095 intenta.

298 1122 369 1179 Car.
382 1125 487 1182 XXXI
500 1125 529 1198 ¹).
544 1127 664 1200 Solatia,
678 1129 759 1201 qaod
771 1129 922 1200 cupiditas
933 1131 1009 1186 mai·
1095 1127 1166 1184 car.
1185 1131 1323 1189 XXXIII
1331 1133 1364 1206 3).
1377 1136 1422 1192 De
1434 1135 1549 1205 duplici
1561 1135 1734 1206 cupiditatis
1752 1152 1806 1206 ap·

263 1216 353 1285 ticeps
366 1217 472 1273 dedara.
484 1247 520 1260 -
532 1216 590 1283 Qui
602 1218 677 1274 haec
696 1217 846 1290 obiiciunt,
864 1219 1006 1292 ignorant
1053 1219 1158 1287 petita
1171 1249 1206 1261 -
1219 1220 1364 1288 Quoniam
1377 1227 1478 1280 autern
1491 1223 1601 1296 duplex
1619 1229 1667 1281 est
1685 1242 1802 1297 corpus,

262 1305 415 1362 Socratem
441 1304 537 1362 dicere
563 1305 757 1380 cupiditatem
779 1309 909 1366 belluam
938 1327 1005 1367 esse
1058 1307 1186 1365 alterurn
1211 1309 1241 1366 in
1266 1329 1325 1384 quo
1350 1313 1433 1386 degit
1458 1313 1564 1385 anima,
1590 1315 1719 1371 alterum
1744 1334 1803 1389 quo

262 1397 477 1472 multicipitem.
491 1397 619 1456 Ratione
631 1399 709 1456 enim
722 1418 833 1457 vacans
845 1401 917 1470 vita,
936 1400 1006 1457 licet
1058 1398 1156 1470 alitur,
1176 1417 1234 1471 qno
1253 1400 1379 1474 indiget,
1398 1409 1433 1461 ut
1454 1410 1656 1475 conservetur,
1679 1405 1801 1479 proinde

261 1507 323 1546 una
336 1487 382 1560 sit,
397 1493 428 1545 at
437 1488 595 1561 multiplex
604 1491 641 1546 ob
655 1489 786 1563 corporis
800 1491 1006 1564 contagionem
1058 1488 1168 1562 duplici
1181 1491 1316 1563 appetitu
1329 1493 1464 1566 tangitur
1476 1495 1713 1569 concupiscibile,
1725 1497 1804 1553 alter

262 1580 304 1650 fit,
324 1579 403 1653 quod
421 1580 580 1655 multiplex
592 1587 639 1638 est
652 1587 682 1638 et
696 1581 851 1654 divisibile,
868 1583 1006 1656 quemad·
1058 1583 1105 1635 est
1118 1577 1165 1634 sui
1177 1579 1341 1638 habitaculi
1353 1583 1589 1641 incolumitatem
1598 1585 1711 1658 tuendi,
1722 1587 1801 1642 unde

262 1671 382 1728 modum
402 1671 481 1743 quod
505 1672 643 1728 rationali
662 1672 812 1745 mentique
834 1679 881 1730 est
900 1691 1006 1747 cogna-
1056 1671 1243 1744 voluptatem
1256 1674 1377 1745 appetit,
1392 1681 1441 1730 est
1452 1675 1531 1732 enim
1545 1676 1686 1750 voluptas
1705 1695 1804 1750 corpo·

263 1761 331 1831 tine,
350 1761 447 1833 magis
467 1761 593 1834 simplex
611 1767 667 1820 est.
687 1763 743 1818 Est
760 1762 853 1835 igitur
873 1763 1007 1838 contupi-
1057 1762 1099 1819 ris
1112 1763 1216 1834 utique
1229 1761 1384 1819 salutifera
1396 1766 1548 1822 recreatio.
1561 1767 1648 1824 Alter
1660 1786 1731 1842 vero
1751 1787 1803 1840 ap-

262 1850 371 1922 scibile,
390 1870 484 1912 unum
503 1859 534 1907 et
552 1851 710 1924 multiplex
728 1853 905 1926 substantia,
919 1861 949 1911 et
968 1855 1005 1910 ob
1057 1852 1169 1925 petitus
1187 1859 1242 1925 est,
1261 1872 1389 1926 quorum
1413 1854 1550 1929 indigens
1575 1865 1622 1914 est
1641 1857 1800 1929 advitam,

260 1941 292 1998 id
309 1941 469 1998 facultates
486 1939 575 1996 etiam
588 1941 679 1996 habet
691 1941 769 1998 inter
782 1960 814 1999 ee
826 1949 1004 2016 pugnantes,
1057 1961 1115 2016 quo
1135 1943 1288 2016 pecuniam
1308 1944 1346 2000 ad
1358 1945 1488 2018 corporis
1501 1946 1613 2006 victum
1632 1954 1662 2004 et
1679 1948 1802 2006 delicias

260 2048 279 2084 a
297 2029 475 2086 substantiis
494 2029 700 2087 differentibus
718 2031 877 2104 proiectas,
891 2032 1004 2106 corpori
1057 2031 1114 2088 sibi
1131 2037 1224 2104 parat.
1242 2032 1393 2099 Quantum
1406 2035 1499 2107 igitur
1511 2045 1558 2093 est
1570 2037 1601 2094 in
1613 2039 1669 2109 his,
1683 2045 1802 2112 oportet

261 2118 340 2174 enim
358 2118 475 2176 affinem
487 2121 579 2176 habet
592 2119 799 2192 substantiam,
813 2139 919 2193 corpus
933 2139 1004 2178 vero
1056 2121 1215 2178 facultates
1240 2124 1295 2178 has
1323 2124 1397 2180 duas
1423 2126 1660 2200 concupiscibilis
1683 2147 1802 2202 semper

260 2225 297 2266 ex
317 2210 473 2266 contrariis
487 2209 642 2267 elementis
656 2210 797 2266 coalitum
816 2222 870 2283 est,
891 2213 944 2268 sed
962 2218 1004 2267 ta·
1057 2209 1234 2282 conspirare,
1244 2229 1349 2286 nempe
1369 2217 1403 2268 ut
1416 2214 1512 2270 altera
1524 2223 1645 2273 tueatur
1663 2217 1801 2290 salutem,

207 2307 212 2320 ⁸
259 2317 327 2356 men
346 2301 383 2357 ob
402 2301 534 2374 corporis
557 2319 696 2374 amorem,
715 2319 774 2374 quo
793 2303 856 2358 solo
875 2308 1003 2373 tenetur,
1040 2299 1151 2356 altera
1169 2300 1299 2372 corporis
1319 2303 1548 2361 necessitatibus
1567 2307 1711 2362 consulat.
1724 2307 1798 2373 Quo

259 2390 485 2462 concupiscibile
504 2409 597 2446 unum
616 2397 669 2461 est,
684 2409 742 2462 quo
762 2389 861 2447 differt
880 2391 916 2447 ab
936 2391 1003 2448 aliis
1055 2390 1134 2446 niam
1160 2397 1260 2447 autem
1287 2393 1524 2466 concupiscibilis
1549 2396 1625 2452 alter
1649 2397 1801 2469 appetitus

260 2497 336 2552 quae
356 2481 393 2535 ad
411 2481 557 2537 rationem
576 2482 737 2552 accedunt;
756 2481 905 2538 irascibile
924 2481 1003 2537 eninr
1056 2479 1183 2536 salutem
1203 2479 1233 2536 in
1253 2481 1432 2538 recreatione
1452 2483 1535 2554 ponit
1548 2483 1637 2556 (unde
1655 2503 1744 2558 saepe
1763 2487 1802 2542 ob

259 2571 372 2643 corpori
392 2572 596 2629 adversarium
615 2580 669 2644 est,
690 2573 844 2629 victoriam
864 2580 894 2629 et
913 2573 1004 2630 hono-
1055 2569 1226 2641 voluptates
1249 2568 1281 2624 in
1306 2569 1423 2626 dolores
1450 2573 1568 2645 multos,
1587 2573 1800 2646 interitumque

259 2677 322 2716 rem
332 2661 429 2716 solum
439 2662 638 2734 ermensende
648 2680 736 2734 saepe
748 2679 854 2735 corpus
864 2663 1002 2734 periculis
1054 2657 1199 2731 incurrit),
1219 2657 1296 2714 alter
1313 2675 1384 2714 vero
1403 2661 1567 2734 pecuniam,
1585 2681 1643 2720 non
1656 2670 1691 2720 nt
1703 2681 1804 2720 neces-

258 2748 369 2819 obiicit,
379 2751 532 2822 vitamque
542 2752 838 2826 aspernatur.1psum
848 2758 1003 2824 praeterea
1055 2745 1174 2802 sitatsm
1193 2747 1323 2821 corporis
1335 2747 1480 2818 sublevet,
1496 2752 1550 2808 sed
1562 2758 1702 2825 tanquam
1714 2771 1800 2828 prae·

259 2839 485 2913 concupiscibile
498 2840 587 2912 longe
601 2860 618 2896 a
631 2841 753 2914 ratione,
766 2860 841 2914 qnae
855 2860 959 2899 veram
972 2849 1003 2899 et
1056 2834 1142 2908 cipue
1160 2835 1237 2892 bona
1255 2842 1392 2908 sectatur,
1407 2845 1534 2914 uterque
1553 2843 1704 2916 appetitus
1722 2843 1798 2899 fines

259 2947 407 2986 summurn
426 2929 537 2985 bonum
562 2931 658 2987 solnm
677 2931 754 3002 colit,
775 2931 869 3002 abest,
889 2937 919 2988 et
941 2949 1002 2988 cor·
1056 2927 1190 2984 diversos
1210 2927 1267 2984 sibi
1285 2927 1400 3000 statuit,
1420 2931 1451 2988 in
1469 2933 1559 2990 rebus
1579 2941 1679 2990 maren
1698 2951 1801 3009 corpo·

257 3020 339 3092 poris
359 3037 474 3094 semper
492 3020 577 3078 bonis
595 3020 753 3092 incumbit;
773 3021 836 3079 sive
855 3021 934 3078 enim
953 3040 1003 3078 ro·
1055 3019 1123 3087 reis,
1134 3021 1212 3078 unde
1226 3039 1327 3078 secum
1338 3029 1474 3095 pugnant
1485 3023 1802 3081 etaltercnmsuode·

259 3111 400 3184 inpletas,
420 3112 483 3169 sive
509 3112 666 3185 pecuniam
691 3121 827 3184 venetur,
848 3114 946 3172 omnia
964 3117 1003 3172 ad
1056 3109 1196 3165 trimento
1210 3110 1337 3166 alterum
1350 3117 1449 3184 auget
1469 3112 1588 3168 Etenim
1601 3112 1801 3170 inexhaustus

259 3220 367 3275 corpus
385 3201 485 3258 refert.
504 3202 634 3259 Pecunia
653 3203 739 3272 enim,
758 3215 793 3260 ut
815 3206 902 3262 Plato
927 3205 1003 3262 dixit
1055 3201 1219 3273 voluptatis
1237 3201 1386 3274 appetitus
1399 3203 1541 3275 pecuniae
1555 3203 1702 3260 iacturam
1719 3203 1800 3274 facit,

257 3293 289 3350 in
307 3293 475 3364 Phaedone,
494 3292 531 3348 ab
551 3291 598 3350 bis
624 3293 808 3366 conquiritur
831 3295 882 3366 qui
901 3314 1002 3368 corpo·
1055 3296 1086 3347 et
1099 3308 1306 3363 corporearum
1322 3291 1509 3364 voluptatum
1522 3292 1658 3362 accretio,
1673 3291 1798 3349 diminu-

258 3384 284 3438 ri
304 3383 493 3456 corporisque
513 3383 725 3455 cupiditatibus
742 3384 890 3456 serviunt;
904 3405 1001 3458 neque
1055 3381 1137 3438 tione
1155 3381 1190 3436 fit
1213 3379 1363 3452 pecuniae,
1383 3381 1574 3454 pecuniarum
1597 3397 1669 3438 vero
1691 3382 1798 3456 auctio,

258 3473 402 3546 pecuniae
430 3473 555 3545 cupidus
579 3491 711 3546 unquam
737 3491 843 3548 corpus
869 3474 1001 3548 despicit,
1055 3470 1220 3542 voluptatis
1233 3488 1391 3544 corporeae
1404 3473 1439 3526 lit
1450 3471 1665 3529 imminutione.
1686 3471 1734 3528 Sic
1747 3471 1801 3545 igi-

259 3564 348 3621 etiam
368 3563 394 3620 ai
412 3557 530 3636 propter
549 3566 767 3636 congerendam
785 3566 940 3638 pecuniam
959 3569 1002 3623 in·
1054 3566 1104 3618 tur
1128 3563 1160 3618 in
1184 3562 1288 3620 finium
1310 3563 1547 3638 praescriptione,
1574 3584 1609 3621 ac
1631 3564 1800 3638 praecipuis

259 3653 377 3709 tardum
397 3652 509 3708 incidat
520 3652 550 3708 in
563 3660 698 3710 mortem.
713 3655 812 3722 Quare
825 3656 1002 3729 concupisci·
1054 3655 1148 3724 bonis,
1168 3656 1318 3728 appetitus
1343 3655 1516 3728 cupiditatis
1542 3657 1652 3714 varius·
1669 3663 1725 3728 est,
1743 3674 1801 3712 nec

258 3743 316 3798 bile
326 3742 431 3814 utique
444 3741 558 3817 corpori
569 3761 742 3817 germanam
751 3745 844 3802 babet
855 3753 1001 3822 naturam,
1054 3743 1144 3800 unius
1161 3743 1213 3813 rei,
1233 3761 1292 3816 qua
1314 3743 1445 3819 corporis
1470 3753 1607 3802 naturam
1633 3751 1799 3817 conservet,

257 3851 316 3906 quo
335 3833 453 3889 nomine
472 3851 564 3889 unum
584 3840 637 3905 est,
658 3834 806 3907 cupiditas
825 3843 928 3892 autem
952 3857 1002 3911 pe·
1055 3832 1108 3890 sed
1127 3833 1253 3889 duarum
1273 3851 1379 3902 rerum,
1394 3851 1519 3906 quarum
1538 3835 1663 3892 alterius
1681 3834 1803 3891 effluen-

256 3921 360 3978 ouniae
373 3929 403 3978 et
415 3922 578 3996 voluptatis
591 3941 650 3978 non
662 3941 733 3978 una:
750 3925 828 3980 unde
841 3925 928 3982 Plato
941 3945 1001 3984 non
1054 3923 1104 3992 tia,
1125 3922 1248 3979 alterius
1274 3929 1321 3978 est
1338 3921 1512 3994 indigentia.
1536 3923 1681 3988 Quoniam
1704 3922 1800 3994 igliur

256 4013 367 4068 multas
380 4013 436 4068 bas
449 4030 516 4069 esse
528 4012 645 4068 belluas
659 4011 743 4082 dixit,
758 4013 811 4068 sed
824 4031 915 4070 unam
926 4016 1001 4071 mul·
1054 4012 1220 4070 secundum
1232 4018 1370 4068 naturam
1383 4029 1461 4068 unus
1475 4017 1522 4068 est
1537 4012 1604 4070 finis
1618 4012 1798 4086 cupiditatis,

256 4109 355 4160 torum
374 4103 512 4176 capitum,
524 4121 602 4158 nnnc
614 4120 707 4158 unum
721 4109 818 4176 caput,
831 4123 910 4160 nuuc
928 4106 1001 4162 alte·
1053 4123 1114 4161 nna
1132 4107 1179 4160 est
1196 4121 1267 4177 pars
1285 4103 1410 4169 animae,
1424 4101 1560 4176 quamvis
1577 4102 1743 4176 multiceps,
1763 4109 1800 4159 ut

256 4211 323 4248 rum
336 4199 516 4264 sequentem,
528 4192 669 4249 universa
680 4199 779 4249 autem
793 4193 923 4267 corporis
935 4212 1001 4268 gra·
1054 4193 1130 4250 dixit
1155 4195 1301 4262 Socrates,
1320 4191 1399 4264 quod
1422 4209 1481 4248 non
1504 4191 1535 4248 in
1557 4191 1725 4248 rationabili
1744 4197 1800 4248 aut

256 4282 300 4338 tia
318 4288 554 4356 prosequentem,
575 4289 609 4338 ut
628 4281 764 4339 diximus.
1053 4281 1197 4339 irascibili
1216 4281 1326 4338 evenit.

291 4373 362 4430 Car.
371 4371 532 4445 XXXIli).
542 4373 587 4428 Dc
597 4375 745 4443 rationaii,
756 4375 907 4445 irascibili,
918 4378 945 4432 et
954 4392 1002 4432 cu·
1089 4370 1159 4426 Oet·
1172 4369 1327 4426 XXXIIII
1337 4371 1368 4444 ⁴).
1381 4371 1425 4426 De
1439 4372 1569 4442 marcor
1580 4371 1748 4427 virtutibus.
1761 4399 1799 4412 —

256 4464 416 4532 piditcle.-
427 4459 661 4534 Concupiscibile
672 4479 743 4534 ergo
752 4463 875 4519 tertiam
885 4464 1001 4522 obtinet
1053 4460 1111 4516 Sed
1128 4461 1264 4534 partibus
1283 4459 1398 4516 animae
1415 4460 1578 4516 seeundum
1597 4460 1798 4518 substantiam

255 4549 363 4620 locum,
383 4548 527 4606 rationale
546 4549 679 4622 primum,
693 4550 841 4610 irascibile
860 4552 998 4609 medium.
1053 4549 1165 4619 divisis,
1179 4567 1247 4606 oum
1266 4549 1371 4619 salute,
1391 4555 1426 4605 ut
1445 4549 1537 4620 aiunt,
1550 4548 1711 4622 considera,
1725 4567 1797 4622 qno-

257 4639 356 4695 llledia
375 4639 454 4695 onim
472 4637 561 4694 huius
581 4644 627 4694 est
639 4638 686 4696 vis
698 4639 777 4696 inter
795 4640 938 4698 rationale
958 4659 1000 4699 se·
1039 4635 1139 4695 'modo
1158 4640 1296 4696 Socrates
1313 4638 1363 4694 hic
1381 4638 1511 4696 virtutes
1529 4637 1685 4712 disposuit,
1705 4639 1798 4711 idque

257 4747 351 4802 quens
364 4735 501 4800 mentem,
513 4734 543 4784 et
553 4730 778 4802 concupiscibile
788 4737 930 4806 appetens
941 4750 999 4790 cor·
1053 4729 1143 4787 etiam
1156 4730 1293 4786 obscure:
1307 4729 1385 4801 quod
1399 4728 1426 4785 si
1438 4729 1517 4785 clare
1530 4730 1677 4787 voluisset
1689 4730 1797 4802 dicere,

256 4819 380 4892 pus;vis
391 4825 491 4874 autem
500 4818 660 4876 irascibilis
673 4826 703 4876 et
713 4821 846 4893 superior
856 4828 999 4895 estquam
1052 4821 1178 4879 dixisset
1195 4821 1247 4890 ita,
1267 4819 1390 4876 rationis
1410 4819 1598 4893 prudentiam
1611 4838 1686 4894 esse,
1699 4821 1799 4878 irasci·

256 4909 503 4982 concupiscibilis,
518 4915 548 4965 et
567 4910 605 4966 ad
618 4911 771 4984 superiora
788 4912 899 4983 tendit;
914 4931 998 4970 mens
1050 4913 1119 4970 bilis
1138 4911 1350 4980 fortitudinem,
1366 4910 1537 4984 cupiditatis
1552 4911 1696 4984 pecuniae
1714 4911 1798 4969 iusti·

254 5015 325 5057 vero
344 4999 383 5056 ad
401 4999 495 5073 prima
512 4999 565 5057 illa
587 5000 665 5058 bona
687 5003 862 5059 subducitur
885 5001 996 5060 intelli·
1049 5003 1132 5077 tiam,
1150 5001 1314 5076 voluptatis
1333 5001 1573 5076 temperantiam:
1593 5019 1672 5058 nano
1693 5009 1797 5059 autem

1328 5211 1336 5241 -ι

292 5263 313 5334 ι)
332 5265 374 5321 Ib.
395 5269 480 5319 Ταῦτα
500 5271 525 5320 δὲ
544 5273 698 5341 ἀποροῦντες.
1086 5277 1108 5348 ³)
1126 5274 1170 5331 Ib.
1190 5273 1290 5332 Ἐπειδὴ
1310 5277 1336 5326 di
1355 5278 1384 5326 rb
1404 5273 1486 5343 σῶμα.

290 5357 312 5430 ¹)
330 5355 393 5413 Pol.
408 5355 461 5413 127
473 5375 502 5414 v.
516 5364 602 5432 Τρίτον
614 5365 687 5432 ἐστὶν,
699 5366 730 5425 ὡς
742 5368 769 5416 ri
779 5367 878 5436 λογικὸν
888 5367 993 5438 πρῶτον.
1083 5366 1107 5439 ⁴)
1125 5365 1188 5423 Fol.
1208 5365 1267 5421 128.
1287 5363 1368 5416 Ἀλλὰ
1387 5365 1478 5417 τούτων
1498 5363 1665 5420 διαλυθέντων.
