3978 6070
597 533 779 604 Processus
798 533 845 604 υιῖ
866 529 1005 602 Οἰοίλοη
1024 536 1055 603 σῖ
1074 530 1242 622 Αῖιηροιι.
1415 637 1419 651 ρ
1646 537 1698 594 ιον

155 713 210 768 τοῦ
234 703 351 778 παντός
375 701 568 793 γενομένους.
586 741 626 751 -
645 701 681 768 ‘0
698 693 732 767 δὲ
748 695 785 775 δή
806 694 925 790 δαίμων
942 699 1027 790 παρά
1044 711 1101 777 τῆς
1119 701 1280 790 Λαχέσεως
1304 706 1380 789 ήμῖν
1404 698 1578 773 ἐπιστάτης
1603 689 1703 774 δόσεις

156 811 227 903 ἄγει
250 812 325 901 πρός
347 809 405 886 τάς
428 803 499 888 ἑξῆς
524 813 653 901 Μοίρας·
677 802 739 884 ήδη
773 820 835 874 τῶν
865 811 926 876 ἀπό
958 821 1017 885 τῆς
1041 809 1205 899 Λαχέσεως
1238 808 1459 899 μετασχόντας
1475 807 1499 896 ¹)
1521 813 1625 895 ἡμᾶς,
1648 807 1703 872 καί

156 930 280 1011 πρῶτον
304 920 364 984 ὑπό
387 917 448 990 τήν
473 917 603 1004 Κλωθὼ,
627 919 682 983 καὶ
705 921 764 985 ὑπό
788 917 848 991 τήν
865 920 983 994 ἐκείνης
1000 927 1099 1008 χεῖρα·
1117 929 1158 1003 τῇ
1177 917 1238 1008 γάρ
1255 907 1340 1002 δεξιᾷ
1365 917 1443 1006 μόνῃ
1466 918 1521 981 τόν
1546 916 1704 1007 ἄτρακτον

157 1040 245 1113 κινεῖ,
269 1028 323 1092 καί
346 1027 406 1092 ὑπό
429 1025 489 1100 τήν
514 1026 703 1118 ἐπιστροφήν
729 1027 849 1100 ταὺτην
873 1036 931 1102 τῆς
955 1037 1011 1092 τοῦ
1032 1025 1192 1116 ἀτράκτου
1209 1016 1305 1102 δίνης.
1332 1026 1392 1089 Καί
1414 1025 1601 1114 προσεκτέον
1626 1026 1707 1102 ὅπως

119 1166 132 1204 ι
158 1133 252 1216 εἶπεν,
280 1137 369 1202 “ὑπό
393 1135 453 1210 τήν
478 1134 596 1200 Κλωθὼ
613 1136 668 1199 τόν
686 1127 821 1222 δαίμονα
844 1133 930 1225 ἄγειν
949 1186 976 1217 ,,
1001 1134 1071 1198 ἀλλ’
1090 1139 1146 1198 οὑκ
1175 1134 1255 1200 “em
1278 1132 1337 1207 τήν
1362 1131 1512 1214 Κλωθὼ,
1539 1133 1593 1198 καί
1608 1132 1647 1198 τό
1671 1143 1707 1223 γε

160 1254 186 1312 εἰ
210 1245 325 1313 άνωθεν
349 1244 502 1336 ἠγόμεθα,
528 1255 641 1310 τοῦτον
665 1240 703 1318 ήν
728 1243 843 1334 τρόπον
868 1247 963 1309 εἰπεῖν
988 1241 1151 1334 ὀρθότερον
1175 1247 1272 1310 εἰπεῖν
1297 1243 1358 1308 ἀπό

160 1463 184 1528 f.
204 1464 284 1529 187:
306 1458 409 1546 [τῆς’)
427 1461 590 1550 Λαχέσεως
607 1460 658 1526 ἐπὶ
673 1459 732 1532 τήν
750 1457 880 1542 Κλωθὼ,
897 1470 948 1525 νῦν
966 1450 1000 1525 δὲ
1015 1461 1073 1548 οὑχ
1090 1459 1198 1546 οὑτως]
1218 1452 1311 1538 εἶπεν,
1334 1460 1407 1523 ἀλλ’
1424 1462 1463 1534 ὡς
1484 1457 1554 1543 [ὑπό
1571 1457 1707 1533 σελήνην

161 1563 255 1635 οὖσαν
272 1567 333 1642 τήν
349 1565 464 1659 ψυχήν,
481 1568 756 1658 ὑ]ποταττομένην
774 1559 808 1632 δέ
824 1579 893 1644 ταῖς
912 1568 1047 1658 [Μοιρῶν
1064 1565 1241 1656 ποιήσεσιν]
1260 1558 1312 1632 διά
1328 1565 1388 1640 τήν
1406 1570 1447 1642 εἰς
1464 1565 1581 1657 γένεσιν
1600 1563 1708 1657 ῥοπήν,

163 1678 234 1766 [ὑπό
258 1677 318 1752 τήν
347 1676 466 1744 Κλωθὼ
497 1678 614 1768 φησίν,]
640 1675 769 1768 ἄγεσθαι
793 1669 826 1742 δέ
850 1671 936 1754 αὖθις
967 1677 1019 1743 έπί
1048 1676 1108 1749 τήν
1135 1677 1293 1769 ’Ἄτροπον
1318 1676 1377 1740 ὑπό
1400 1685 1456 1740 τοῦ
1481 1661 1644 1763 δαίμονος,
1669 1679 1709 1749 ὡς

107 1809 133 1847 ιι
162 1790 497 1876 ὑποκατακλινομένην
521 1799 591 1865 ταῖς
606 1779 758 1878 περιόδοις
775 1790 890 1869 αὑτῶν,
907 1787 961 1852 καί
978 1778 1214 1878 ὑποδεχομένην
1230 1783 1287 1862 τάς
1312 1788 1354 1859 είς
1378 1789 1461 1875 ήμῦις
1485 1782 1619 1859 κινήσεις
1644 1773 1712 1847 δια·
1793 1803 1800 1822 ·

164 1887 329 1971 θαινοόσας
346 1893 472 1964 ἐκεῖθεν.
488 1935 527 1946 -
542 1897 581 1958 Τί
593 1889 645 1960 οὑν
659 1896 720 1960 ἀπό
733 1906 792 1972 τῆς
805 1893 948 1970 Κλωθοῦς
962 1897 1188 1985 παραγίνεταις
1205 1891 1381 1984 κυρωθῆναι
1393 1891 1497 1983 φησὶν,
1511 1891 1550 1965 ήν
1565 1889 1712 1980 εἱλόμεθα

165 2017 285 2096 μοῖραν,
312 2005 383 2094 οὑχὶ
406 2005 443 2069 τό
469 2015 526 2080 τῆς
542 1997 624 2082 ζωῆς
641 1995 720 2080 εἶδος
738 2004 841 2093 μόνον,
859 2002 942 2068 ἀλλά
959 2003 1012 2068 καὶ
1027 2002 1070 2068 τά
1087 2003 1306 2093 ἀπονεμόμενα
1320 2007 1397 2092 ἡμῖν
1419 2001 1480 2065 ἀπὸ
1503 2011 1559 2065 τοῦ
1583 1998 1711 2074 παντός·

165 2115 199 2176 ἐκ
223 2109 283 2202 γάρ
307 2121 365 2187 της
389 2111 563 2200 Λαχέσεως,
586 2112 654 2200 παρ’
683 2105 719 2187 ἧς
744 2111 798 2175 καὶ
819 2112 894 2195 βίος,
911 2110 953 2176 τά
977 2111 1197 2202 συναμφότερα
1219 2111 1344 2200 ἔχομεν.
1368 2111 1402 2174 Ἡ
1427 2100 1461 2174 δέ
1484 2107 1603 2186 Κλωθὼ
1626 2119 1712 2198 κυρεῖ

165 2231 269 2286 ταῦτα
283 2231 347 2296 τοῖς
360 2223 474 2295 ἑαυτῆς
493 2219 610 2311 ῥήμασι
625 2219 679 2282 καὶ
694 2217 876 2307 κλώσμασιν
886 2216 920 2306 ³),
938 2219 1118 2311 ἐπιρρέουσα
1135 2225 1211 2308 ήμῖν
1227 2217 1284 2294 τάς
1301 2223 1336 2284 έκ
1352 2228 1411 2293 τῆς
1429 2221 1585 2292 ἀπλανοῦς
1602 2207 1711 2292 δόσεις·

111 2347 138 2386 ιε
166 2325 246 2398 αὑτλ
272 2325 332 2417 γάρ
356 2332 375 2401 ή
402 2325 539 2416 κόρωσις.
565 2315 688 2399 Ἐπειδὴ
708 2316 742 2390 δέ
758 2326 818 2390 ἀπὸ
837 2336 892 2391 τοῦ
909 2322 1112 2415 ὑψηλοτάτου
1137 2326 1253 2391 κὺκλου
1276 2326 1413 2415 πρόεισιν
1438 2330 1479 2402 είς
1502 2331 1598 2413 ήμᾶς,
1622 2325 1713 2401 ὄντας

166 2435 225 2500 ὑπό
250 2433 397 2512 σελήνην,
414 2434 530 2500 κλὺσει
546 2434 608 2499 τινὶ
628 2435 827 2513 ἀπείκασται,
852 2435 907 2528 καὶ
930 2435 968 2500 τό
984 2435 1083 2524 ὄνομα
1098 2435 1187 2525 ἔσχεν
1204 2433 1343 2501 ἐντεῦθεν
1366 2441 1386 2509 ή
1413 2433 1542 2499 Κλωθώ·
1566 2425 1661 2506 δηλοῖ
1682 2424 1715 2498 δέ

167 2541 222 2606 καί
244 2541 305 2613 τὴν
329 2540 516 2630 συμπλοκήν
541 2542 607 2629 ἅμα
623 2551 685 2606 τῶν
705 2541 822 2608 έκεῖθεν
847 2533 1026 2631 διδομένων·
1051 2543 1104 2607 καὶ
1120 2541 1179 2634 γάρ
1204 2540 1246 2608 τά
1270 2540 1454 2632 κλωθόμενα
1478 2541 1719 2634 περιστρέφεταί

167 2675 232 2728 πως
255 2655 377 2728 ἑαυτοῖς
401 2650 551 2725 ἠλάκατα
576 2661 760 2741 στρωφῶσα,
784 2651 876 2740 φησίν
901 2657 920 2724 ή
942 2653 1075 2729 ποίησις.
1094 2690 1135 2702 -
1152 2655 1270 2717 Οὑκουν
1296 2651 1388 2741 μόνον
1414 2651 1475 2716 ἀπό
1498 2660 1562 2715 τῶν
1585 2641 1716 2735 ζωδίων,

170 2757 330 2824 ἀλλὰκαὶ
354 2760 415 2824 ἀπό
439 2769 502 2823 τῶν
526 2760 833 2850 παρανατελλόντων
848 2758 874 2845 ⁴)
899 2762 1025 2850 ἔρχεται
1041 2765 1082 2836 εἰς
1100 2766 1183 2850 ήμᾶς
1206 2759 1383 2847 παμπόλλη
1409 2759 1456 2835 τίς
1481 2751 1576 2842 δόσις,
1595 2762 1647 2850 ἀφ’
1673 2753 1715 2824 ὧν

113 2902 141 2940 20
170 2868 224 2932 καί
248 2867 374 2933 εἰώθασι
398 2858 552 2934 Καλδαῖοί
574 2891 611 2934 τε
635 2868 688 2933 καὶ
712 2867 880 2958 Λῖγόπτιοι
896 2867 1000 2934 πολλά
1017 2869 1167 2955 περὶτῶν
1190 2871 1264 2954 βίων
1288 2874 1378 2958 ήμῶν
1401 2866 1721 2959 προγιγνώσκειν,“ὡς

170 2975 315 3069 μεγάλην
338 2983 465 3068 Μοῖραν,
489 2977 544 3042 καὶ
567 2976 690 3042 τοότων
714 2979 851 3067 ’σχόντων
875 2978 929 3043 καὶ
953 2970 1140 3069 δραστήριον
1156 2978 1225 3068 περὶ
1249 2977 1306 3054 τὰς
1330 2977 1474 3068 γενέσεις·
1496 2975 1555 3048 τήν
1579 2970 1631 3040 οὑν
1657 2976 1718 3041 ἀπό

171 3085 299 3150 πάντων
322 3085 443 3150 τοὺτων
469 3086 635 3174 εἰρημένην
651 3087 778 3159 ποίησιν
795 3084 849 3150 καί
865 3087 1125 3177 συμπλεκομένην
1140 3083 1166 3174 ⁵)
1192 3082 1320 3175 στρὺψει
1343 3085 1398 3151 καὶ
1420 3095 1610 3176 περιστροφῇ
1637 3083 1721 3174 μετά

171 3202 230 3270 τῆς
255 3191 369 3258 ἀνωθεν
395 3197 438 3268 εἰς
459 3195 498 3258 τό
518 3193 607 3259 κάτω
623 3204 680 3259 τοῦ
696 3195 837 3283 νήματος
861 3195 980 3271 τάσεως
1005 3198 1178 3262 ἀπείκασαν
1196 3201 1224 3262 οἱ
1247 3197 1389 3274 παλαιοὶ,
1414 3195 1468 3261 καί
1492 3195 1721 3272 ἀπεικάσαντες

176 3299 292 3367 Κλωθὼ
316 3292 368 3366 διά
391 3312 495 3367 ταῦτα
520 3301 579 3376 τήν
604 3309 720 3394 Μοῖραν
744 3303 909 3369 ἐκάλεσαν.
934 3341 977 3354 -
1000 3303 1090 3370 Λῖετά
1113 3303 1237 3377 ταὺτην
1261 3306 1366 3370 τοίνυν

117 3547 145 3584 ιε
173 3517 197 3583 f.
224 3519 285 3584 187
310 3540 359 3584 κς
380 3515 442 3600 [έπί
458 3514 518 3587 τήν
535 3523 623 3588 νῆσιν
641 3515 712 3606 ἄγει
728 3525 785 3591 τῆς
802 3513 959 3606 ’Λτρόπου
982 3516 1076 3603 πέρας
1101 3515 1293 3581 ἐπιτιθεῖσαν
1311 3527 1352 3602 τῇ
1371 3515 1498 3595 κλώσει,
1523 3516 1576 3581 καὶ
1600 3507 1640 3582 δι’
1665 3511 1719 3604 ὧν]

175 3624 255 3696 αὑτὴ
274 3625 424 3715 νημάτων
444 3615 580 3708 [δίδωσιν
598 3625 834 3715 ἀμετάστροφα]
851 3623 893 3689 τά
910 3622 1106 3708 κλωθένταθ)
1125 3637 1284 3692 ποιοῦσαν·
1301 3616 1541 3716 παραδεξαμένη
1560 3625 1620 3718 γάρ
1638 3627 1719 3700 αὕτη

174 3732 260 3824 παρά
276 3743 335 3809 τῆς
353 3730 496 3809 Κλωθοῦς
513 3731 573 3804 τήν
590 3744 678 3807 νῆσιν
696 3724 747 3798 διά
763 3743 825 3798 τῶν
842 3735 1052 3821 πλανωμένων
1070 3733 1204 3813 κὺκλων,
1221 3734 1303 3800 ἄλλα
1320 3739 1369 3800 ἐπ’
1387 3735 1494 3811 ἄλλοις
1510 3741 1587 3826 ήμῖν
1604 3733 1721 3801 ἐκεῖθεν

176 3848 211 3909 ἐκ
234 3853 297 3908 τῶν
322 3844 474 3916 κινήσεων
498 3845 601 3907 αὑτῶν
624 3837 778 3934 προξενεῖ·
804 3843 858 3908 καί
880 3844 942 3928 όσῳ
967 3835 1005 3915 δή
1031 3843 1191 3909 πλέοντά
1216 3835 1347 3934 δεὺτερα
1370 3844 1421 3909 ἐπὶ
1444 3855 1509 3919 τοῖς
1537 3845 1597 3936 πρό
1620 3851 1723 3911 αὑτῶν

177 3957 219 4028 εἰς
242 3957 326 4041 ήμᾶς
350 3942 417 4041 δρᾷ,
441 3951 525 4034 τόσῳ
550 3955 671 4040 μᾶλλον
690 3952 815 4043 ἄφυκτα
830 3952 937 4018 πάντα
953 3954 1075 4044 γίνεται
1092 3951 1134 4018 τά
1151 3963 1287 4044 μοιραῒα·
1309 3951 1486 4038 βαθόνουσα
1508 3952 1568 4045 γάρ
1592 3959 1611 4028 ή
1637 3950 1721 4046 ψυχή

122 4085 148 4123 σο
176 4061 315 4125 πλείοσιν
340 4061 627 4125 ὑποκατακλίνεται
650 4053 816 4150 περιόδοις,
841 4059 886 4151 ἐφ’
912 4056 953 4126 ὧν
979 4063 1083 4126 οὑκέτι
1108 4052 1240 4127 δυνατόν
1265 4065 1445 4153 ἀναφυγεῖν,
1472 4060 1514 4151 μή
1539 4064 1629 4139 τέλος
1653 4067 1726 4128 έπι-

178 4168 283 4234 θεῖσαν
300 4179 366 4244 τοῖς
385 4167 555 4259 αίρεθεῖσιν.
574 4172 639 4234 Οὑκ
657 4169 716 4260 ἄρα
733 4161 780 4236 δεῖ
797 4171 889 4261 μόνον
906 4168 1022 4236 οἴεσθαι
1038 4169 1095 4246 τάς
1107 4169 1190 4263 γένει
1208 4169 1465 4261 συμπληροῦσθαι
1481 4179 1544 4235 τῶν
1558 4168 1725 4261 ἀνθρώπων

178 4275 198 4346 ἢ
216 4285 279 4339 τῶν
297 4275 402 4339 ἄλλων
420 4269 506 4354 ζώων
525 4277 586 4341 ἀπό
603 4286 666 4341 τῶν
683 4277 863 4350 ἀπλανῶνή
880 4279 975 4362 &nb-⁷)
994 4287 1056 4342 τῶν
1073 4279 1284 4369 πλανωμένων
1301 4280 1413 4366 μόνων,
1431 4281 1503 4342 ἀλλ’
1521 4278 1582 4342 ἀπό
1598 4276 1726 4342 πάντων

180 4383 284 4472 είρμόν
308 4383 361 4448 ἕνα
385 4383 524 4474 γίνεσθαι
548 4387 601 4449 καί
625 4379 715 4464 τάξιν
737 4392 813 4474 ήμῖν
838 4388 1025 4476 έφήκουσαν,
1043 4389 1097 4452 καὶ
1114 4379 1165 4453 διά
1181 4397 1245 4453 τῶν
1263 4387 1475 4478 πλανωμένων
1499 4392 1576 4476 ήμῖν
1600 4385 1642 4452 τά
1665 4387 1726 4451 ἀπό

180 4500 243 4554 τῶν
269 4493 416 4574 ἀπλανῶν
441 4483 592 4575 δίδοσθαι,
617 4503 680 4559 τῶν
703 4519 739 4560 τε
763 4496 897 4574 κὺκλων,
920 4507 983 4561 τῶν
1008 4499 1073 4562 ἐκεῖ
1093 4497 1147 4563 καί
1170 4505 1233 4562 τῶν
1249 4502 1282 4562 έν
1306 4497 1412 4571 αὑτοῖς
1438 4505 1562 4585 μοιρῶν,
1587 4494 1727 4558 καὶτῶν

127 4615 154 4653 ³⁵
183 4599 332 4688 ἀστέρων,
348 4601 401 4664 καί
417 4610 480 4665 τῶν
494 4603 573 4666 όλων
586 4593 714 4679 ζωδίων,
728 4604 782 4668 καί
796 4615 858 4669 τῶν
877 4605 981 4670 ἄλλων
1000 4603 1189 4688 συστάσεων,
1203 4601 1265 4669 οἷαί
1281 4610 1353 4669 ποτ’
1368 4605 1404 4668 ἀν
1421 4598 1505 4687 ὦσιν,
1523 4605 1557 4681 ἀς
1575 4601 1728 4692 ἄνθρωποι

182 4697 364 4783 κατιδόντες
378 4709 573 4797 ἐπεφήμισαν
591 4708 689 4786 ἄλλας
706 4710 812 4788 ἀλλοις
830 4712 986 4801 ὀνόμασιν.
1004 4713 1052 4779 Τά
1068 4712 1124 4801 μέν
1140 4712 1201 4804 γάρ
1220 4715 1281 4779 ἀπό
1298 4712 1419 4778 τοὺτων
1437 4714 1514 4803 έργα
1530 4707 1607 4778 εἶναι
1623 4711 1729 4776 πάντα

183 4822 240 4890 τῆς
266 4815 418 4904 μεγίστης
441 4813 601 4896 Κλωθοῦς,
625 4816 667 4883 τά
692 4809 725 4884 δέ
748 4822 810 4886 ἀπὸ
842 4830 904 4886 τῶν
927 4821 1138 4913 πλανωμένων
1163 4833 1221 4899 τῆς
1246 4819 1437 4914 ’Λτρόπουῆ
1461 4813 1609 4912 δευτέραν
1638 4815 1727 4900 τάξιν

223 5100 245 5174 ¹)
263 5101 302 5157 M.
323 5103 486 5172 μετασχόντα.
507 5102 601 5160 Paulo
620 5110 689 5176 post
707 5110 788 5158 κινεῖν.
1020 5103 1043 5176 ⁵)
1061 5102 1098 5157 Η.
1118 5102 1139 5158 f.
1159 5101 1220 5156 123.
1239 5099 1310 5157 Mox
1328 5100 1359 5157 id
1378 5105 1411 5163 εἰς
1431 5109 1463 5155 τὰ
1481 5106 1558 5155 κάτω.

221 5193 244 5268 ²)
263 5191 302 5248 M.
323 5209 378 5248 om.
398 5193 497 5250 omnia
514 5179 610 5266 usqu&
629 5195 668 5250 ad
687 5199 808 5266 διέμενος.
1020 5195 1043 5266 ⁶)
1062 5193 1132 5250 Ood.
1151 5193 1190 5248 M.
1213 5194 1360 5248 κλασθέντα.
1379 5192 1435 5249 Iid.
1456 5209 1546 5266 supra
1565 5193 1716 5266 κλυόόμινα.

222 5283 246 5355 ³)
264 5283 302 5338 H.
321 5284 459 5354 κλὺμασιν.
704 5309 706 5318 =
1019 5284 1043 5357 ⁷)
1060 5285 1098 5341 Η.
1117 5301 1174 5340 om.
1195 5285 1254 5337 ἀπό.
1274 5285 1370 5357 Supra
1388 5284 1409 5340 f.
1429 5292 1472 5346 τὰς
1492 5285 1603 5358 γινέσιις.

223 5372 247 5445 ⁴)
265 5371 303 5427 Η.
322 5373 582 5444 παρανατιλλομένων.
1021 5375 1044 5448 ⁸)
1063 5374 1100 5429 H·
1119 5375 1240 5446 όιτρόπους
1259 5373 1380 5447 pluries.

331 5496 426 5552 Αιιεε.
446 5512 475 5568 v,
494 5495 538 5553 9*.
