3944 6074
295 520 348 578 sse
624 506 1501 599 Μωωῶωωωωωῶῶωωῶῶωῶ.

297 680 528 756 ὑποτεινούσης·
545 683 621 746 ὅπου
647 672 680 746 δὲ
704 687 743 756 ῶς
761 681 811 746 ἐπὶ
831 690 893 744 τῶν
910 680 1100 768 ἑπταμήνων
1117 689 1227 767 πρῶτα
1246 677 1287 743 τά
1304 690 1361 755 τῆς
1378 677 1480 768 ὑρθής,
1497 673 1565 742 εἶτα
1583 675 1623 741 τά
1642 688 1698 752 τῆς
1719 678 1835 752 ὑπτίας·

298 795 424 880 ήγεῒται
449 788 508 880 γάρ
526 793 556 854 ἐν
574 801 613 874 τῇ
633 799 791 878 περιρορᾷ,
810 800 866 863 τῆς
885 790 939 877 μὲν
957 787 1177 861 ὑποτεινούσης
1194 793 1213 860 ή
1233 787 1339 860 ὑπτία,
1358 797 1414 862 τής
1433 779 1465 851 δὲ
1482 787 1592 860 ὑπτίας
1609 792 1628 858 ή
1649 784 1734 876 ὀρθή·
1760 787 1833 858 αὑτη

299 898 359 987 γάρ
373 898 446 986 ὑπὲρ
460 908 519 988 γῆν
533 899 586 961 καί
601 899 668 984 μετ’
684 898 782 968 αὑτήν
797 899 981 986 ἀναφέρεται
995 903 1013 969 ή
1030 897 1136 973 ὑπτία,
1151 894 1204 956 καί
1219 893 1301 980 μετά
1315 894 1436 965 ταύτην
1451 900 1469 966 ή
1489 897 1693 958 ὑποτείνουσα
1711 895 1840 984 ἀμροτὲ·

302 1029 363 1093 ρας·
381 1007 434 1069 καί
451 1005 491 1070 τά
510 1007 564 1094 μὲν
581 1017 644 1071 τῶν
664 1006 860 1098 ἀγαθοποιῶν
880 997 1046 1069 δασυντέον
1064 1009 1093 1068 έν
1111 1013 1156 1086 τῷ
1172 1007 1328 1090 ἑκρωνεῒν,
1344 1001 1385 1066 τά
1400 995 1432 1067 δὲ
1445 1013 1507 1066 τῶν
1521 1005 1666 1067 ἐναντίων
1681 999 1837 1091 ψιλωτέον.

266 1142 278 1179 τ
302 1158 341 1167 -
362 1113 519 1186 Τοιαύτην
544 1117 559 1176 ὁ
577 1114 653 1190 θεῖος
671 1119 782 1190 ἐκεῖνος
802 1113 929 1204 ἀγωγήν
946 1103 1165 1202 παραδέδωκεν
1186 1113 1460 1201 ἑνιαντοκράτορος
1477 1110 1600 1200 λήψεως
1617 1113 1781 1199 ὀνόματος,
1806 1113 1839 1184 ήν

301 1228 390 1308 ήμεῒς
408 1220 461 1286 καί
478 1222 528 1285 ἐπὶ
544 1221 600 1298 τάς
618 1225 784 1310 σπορίμονς
798 1223 876 1310 ὥρας
895 1219 1130 1309 μετηγάγομεν,
1145 1227 1183 1295 ῶς
1199 1221 1353 1310 χρήσιμον
1371 1231 1435 1296 τοῖς
1453 1221 1624 1310 γεννήσεως
1641 1225 1840 1308 ἐπιμεληταῖς

302 1329 474 1418 ἐσομένοις,
499 1331 548 1393 ἵνα
573 1329 615 1418 μὴ
644 1330 736 1417 μόνον
760 1338 981 1418 παρατηρῶσιν
1006 1327 1065 1398 τήν
1091 1331 1245 1417 εύκαιρίαν
1270 1339 1325 1393 τοὺ
1350 1330 1467 1403 παντός
1491 1329 1576 1392 κατά
1604 1328 1660 1405 τάς
1685 1324 1842 1418 συνέρξεις,

301 1439 355 1502 καί
379 1438 475 1512 ούτως
500 1440 621 1528 ἐνεργὸν
645 1449 756 1502 ποιῶσι
787 1439 841 1500 τὸν
873 1437 1084 1526 γεωμετρικὸν
1110 1434 1256 1524 ἀριθμὸν,
1283 1435 1366 1500 ἀλλά
1397 1437 1451 1500 καί
1474 1438 1528 1500 τον
1555 1438 1707 1526 ίερατικὺν
1732 1439 1843 1526 τρόπον

303 1545 463 1634 παρέχωσι
487 1556 551 1620 τοῖς
576 1557 704 1632 καιροῖς,
729 1544 777 1619 οὑς
801 1545 986 1634 ἐκλέγονται
1010 1544 1062 1605 καὶ
1083 1543 1122 1606 τί
1139 1534 1348 1632 δρα[στήριον·
1373 1545 1442 1618 (ἰοί.
1470 1547 1529 1611 ἰθί
1557 1547 1600 1627 ικ)
1626 1545 1788 1633 σὺμρωνον
1814 1537 1843 1610 δέ

267 1707 268 1710 ,
303 1653 356 1717 καί
380 1664 475 1717 τοῦτο
500 1664 564 1728 τοῖς
589 1656 647 1717 ὑπὸ
666 1653 832 1727 Πλάτωνος
850 1645 1118 1741 διατεταγμένοις,
1137 1653 1277 1728 εἰπόντος
1295 1651 1376 1740 μετά
1399 1651 1507 1714 θυσιῶν
1532 1663 1647 1740 χρῆναι
1662 1655 1716 1717 καί
1734 1657 1840 1742 εύχῶνψ

303 1758 459 1824 ποιεῖσθαι
483 1759 539 1835 τάς
564 1755 724 1848 συνέρξεις.
745 1758 828 1845 [Ἐάν
847 1753 897 1822 οὑν
923 1760 976 1824 καί
999 1761 1121 1832 ταύτην
1141 1763 1220 1848 μετ’]
1240 1763 1361 1825 ἐκείνων
1382 1754 1569 1850 παραλάύῃς
1592 1763 1657 1844 [τοῦ
1682 1763 1844 1852 ύνιίματοςζ

304 1867 363 1940 τήν
387 1869 515 1957 εὕρεσιν,
532 1869 622 1932 ἔσται
638 1892 686 1932 σοι
703 1877 747 1950 τῷ
766 1869 832 1931 ὑντι
851 1878 911 1932 τῶν
933 1869 1039 1955 [κατά]
1059 1869 1215 1933 Πλάτωνα
1231 1869 1342 1960 γάμων
1359 1869 1532 1958 ηὑρημένος
1559 1872 1710 1958 ίερατικος
1737 1871 1846 1958 τρίπος

305 1988 362 2052 τῆς
388 1981 515 2066 ἀγωγῆς
541 1968 591 2040 διά
616 1975 745 2060 θυσιῶν,
771 1966 808 2040 δι’
834 1977 995 2065 ὀνομάτων
1021 1975 1128 2061 θείων,
1153 1969 1190 2041 δι’
1217 1981 1314 2066 εύχῶν
1340 1981 1655 2066 σνμπεπληρωμένος,
1679 1981 1734 2042 καί
1758 1991 1848 2042 τοῦτο

305 2085 394 2160 τέλος
419 2085 454 2148 ἀν
481 2087 525 2156 εἴη
546 2087 582 2148 τ“ο
600 2085 784 2174 κυριύτατον
802 2095 859 2159 τῆς
877 2077 968 2149 τοῦδε
993 2096 1048 2149 τοῦ
1073 2085 1224 2175 τριγώνου
1250 2085 1385 2174 θεωρίας·
1412 2085 1453 2174 μὴ
1481 2086 1575 2172 μόνον
1599 2087 1676 2151 αὑτύ
1701 2086 1849 2176 μαθημα-

309 2201 398 2264 τικῶς
424 2191 576 2281 θεωρῆσαι
600 2193 653 2255 καί
678 2183 892 2266 διαλεκτικῶς,
918 2190 999 2255 ἀλλά
1025 2193 1079 2254 καί
1105 2199 1273 2282 ἰερατικῶς·
1293 2183 1397 2264 ἐπειδή
1425 2193 1478 2256 καί
1503 2193 1643 2280 μάλιστα
1668 2185 1772 2257 δεῖται
1796 2204 1848 2266 τῆς

307 2309 368 2363 τῶν
395 2298 471 2364 θεῶν
496 2303 638 2390 προνοίας
662 2307 680 2374 ή
708 2307 781 2365 κατ’
799 2301 892 2364 αὑτὸν
911 2301 1059 2390 ἐνέργεια·
1076 2302 1129 2364 καί
1147 2305 1216 2388 ὁρᾶς
1234 2302 1283 2364 ὅτι
1306 2299 1348 2364 τά
1372 2301 1515 2387 ὀνόματα
1538 2303 1745 2390 περικοσμίων
1770 2301 1848 2364 ἐστίν

308 2399 480 2495 δυνάμεων,
505 2412 557 2498 ἀρ’
583 2403 624 2473 ὧν
650 2415 681 2472 αἰ
704 2409 838 2502 γενέσεις
855 2408 1063 2499 κρατύνονται
1080 2418 1133 2473 τοῦ
1151 2432 1185 2472 τε
1209 2401 1362 2488 ζωδιακοῦ
1387 2409 1503 2474 κύκλου
1527 2409 1581 2472 καί
1605 2419 1666 2473 τῶν
1692 2401 1732 2474 δι’
1759 2413 1849 2473 αὑτοῦ

308 2516 505 2605 κινουμένων.

1046 2734 1119 2798 ΑΘ’.

356 2947 408 3020 Τίς
427 2945 488 3033 μὲν
513 2951 531 3018 ή
560 2943 670 3035 θεωρία
694 2955 756 3008 τῶν
781 2945 917 3036 ἀριθμῶν
942 2945 1072 3023 τούτων,
1097 2953 1175 3023 ήείς
1192 2948 1251 3019 τήν
1269 2948 1461 3040 ἀνθρωπείαν
1486 2953 1677 3014 συντελοῦσα
1701 2941 1851 3038 περίοδον,

311 3053 364 3117 καί
387 3060 426 3129 ῶς
453 3053 556 3118 εἰκὺνα
573 3055 656 3143 φέρει
673 3065 735 3118 τῶν
753 3046 868 3118 διττῶν
886 3047 1003 3134 ζωδίων
1021 3057 1213 3146 νοερωτέρων
1230 3059 1283 3120 καί
1308 3058 1522 3148 ἀλογωτέρων,
1549 3061 1851 3122 ἀποκαταστατικῶν

310 3185 347 3226 τε
370 3162 422 3225 καί
445 3172 679 3252 γενεσιονργῶν,
705 3164 827 3251 εἴρηται
850 3163 1008 3252 πρότερον.
1030 3161 1104 3228 Ὀτι
1129 3155 1163 3227 δὲ
1194 3165 1333 3228 καὶτῶν
1359 3157 1412 3230 δύο
1438 3169 1589 3254 ἁρμονιῶν
1618 3165 1677 3236 τήν
1703 3157 1852 3251 διανομήν

313 3267 405 3358 ὀρθήν
422 3269 628 3356 πεποιήμεθα,
647 3269 800 3358 μάθοιμεν
819 3267 865 3346 ἀν,
883 3271 1085 3345 ἐννοήσαντες
1107 3271 1187 3346 ὅπως
1206 3271 1258 3334 καί
1275 3274 1304 3335 ἐν
1324 3264 1451 3362 Φαίδρῳ
1476 3279 1529 3338 τὸν
1555 3275 1852 3337 ἀποκαταστατικίν

314 3377 442 3466 ἀριθμὸν
468 3383 482 3440 ὑ
510 3377 679 3466 Σωκράτης
703 3379 814 3469 λέγων,
840 3390 950 3442 τοῦτον
975 3374 1057 3444 εἶπεν
1082 3373 1158 3444 εἶναι
1182 3379 1236 3442 τὀν
1262 3379 1370 3468 μύρια,
1394 3371 1489 3452 δῆλον
1515 3375 1565 3444 οὑν
1591 3383 1640 3444 ὅτι
1665 3373 1777 3456 διττῆς
1801 3391 1852 3454 τῆς

315 3488 460 3576 ἀρμονίας
485 3490 594 3563 ούσης,
618 3489 752 3562 καὶτῆς
778 3489 935 3576 ἀμείνονος
967 3499 1070 3577 σαρῶς
1102 3489 1264 3577 εἰρημένης
1297 3492 1337 3563 είς
1369 3488 1428 3560 τήν
1463 3489 1722 3554 ἀποκατάστασιν
1748 3493 1852 3555 τείνειν

315 3605 373 3670 τῆς
398 3593 510 3685 ψυχῆς,
533 3602 552 3668 ή
578 3595 672 3668 λοιπή
701 3594 736 3659 ἀν
760 3597 805 3666 εἵη
832 3593 987 3685 γενέσειί)
1013 3600 1085 3684 ρίλη
1106 3596 1160 3659 καί
1177 3598 1232 3658 οὑκ
1257 3597 1338 3668 άλλη
1366 3595 1424 3676 τίς,
1448 3595 1467 3668 ή
1494 3595 1572 3668 αὐτή
1599 3597 1726 3687 λέγοιτο
1752 3597 1798 3680 ἀν,
1824 3596 1855 3665 ἰν

316 3709 330 3766 ὑ
356 3706 468 3768 ἑκατὸν
494 3709 644 3769 ἀποτελεῖ
666 3701 746 3792 μετά
771 3713 825 3766 τοῦ
849 3703 943 3766 πέντε
967 3703 1020 3766 καί
1036 3696 1256 3793 έὺδομήκοντα
1275 3703 1414 3793 ἀριθμοῦ,
1432 3705 1490 3774 τήν
1514 3698 1546 3782 ἐξ
1571 3707 1723 3794 ἀνομοίων
1748 3727 1855 3792 συγκε-

316 3812 513 3900 κροτημένην
539 3807 621 3889 ζωήν
648 3818 756 3885 ἱκανῶς
775 3802 943 3882 δηλοῦσαν·
966 3803 1036 3876 οὐδὲ
1059 3811 1117 3902 γάρ
1142 3815 1210 3894 (fol.
1235 3817 1309 3896 102)
1334 3813 1549 3903 ἀλογόυμένην
1578 3811 1648 3897 [τήν
1673 3807 1755 3891 ζωήν
1783 3817 1856 3876 ἀπο-

317 3920 441 4004 στῆναι]
466 3920 563 4009 λύγου
588 3918 640 3981 καί
664 3921 885 3994 αὑτοκινησίας
915 3909 1064 3994 δυνατὸν,
1091 3919 1172 3984 ἀλλά
1197 3922 1349 4008 συμμιγὲς
1374 3923 1456 4008 ἔχειν
1482 3921 1603 4010 ἀνάγκη
1638 3931 1682 4004 τῷ
1707 3923 1856 4012 κρείττονι

319 4027 367 4110 [Tb
391 4026 517 4112 χίῗμΟΨ]
543 4021 680 4113 λεγέσθω
705 4015 742 4094 θὴ
769 4018 820 4088 Οθθ
844 4025 940 4089 πάλιν
964 4031 1036 4088 Υ.7.τ’
1070 4024 1170 4096 ἄλλην
1196 4017 1315 4112 ἑψθδθθ,
1341 4031 1360 4097 ἡ
1394 4025 1448 4113 μὲν
1475 4027 1569 4115 μονὰς
1594 4026 1671 4102 θεοῖς,
1695 4029 1855 4117 προσήκειν

317 4139 356 4207 ὡς
380 4133 498 4208 ἐνιαίως
528 4131 714 4222 περιέχουσα
744 4132 800 4208 τάς
831 4134 957 4198 πάντων
983 4133 1102 4206 αἰτίας·
1128 4138 1145 4204 ή
1180 4123 1213 4196 δὲ
1237 4125 1329 4208 δεκάς
1355 4127 1430 4197 οθσα
1461 4125 1732 4224 δευτερῳδονμένη
1769 4132 1856 4223 μονάς

264 4266 291 4303 ιο
308 4249 382 4315 -τοίς
408 4231 561 4329 δαίμοσιν,
587 4246 606 4312 ή
634 4233 666 4305 δὲ
690 4240 861 4315 έκατοντάς
886 4234 963 4303 ούσα
979 4229 1187 4328 τριῳδουμένη
1204 4237 1229 4321 ²)
1248 4239 1341 4328 μονάς
1358 4251 1427 4315 ταῖς
1445 4239 1643 4328 ἀνθρωπείαις
1663 4238 1786 4330 ψυχαῖς·
1812 4263 1855 4302 τε·

317 4343 577 4438 τραγωνιζωμένη
605 4347 665 4438 γάρ
689 4354 708 4420 ή
735 4339 827 4422 δεκάς
852 4353 891 4422 εἰς
916 4338 1115 4411 ἑκατοντάδα
1142 4347 1294 4436 πρύεισιν·
1318 4345 1459 4436 καθάπερ
1492 4339 1529 4418 δή
1564 4349 1618 4411 καί
1642 4347 1678 4413 τὸ
1703 4341 1856 4436 δαιμόνιον

319 4457 406 4546 γένος
430 4457 483 4520 καί
507 4460 546 4531 είς
571 4459 666 4521 ἑαυτὸ
691 4457 944 4544 συνελισσὸμενον
970 4455 1202 4548 αὑτενεργήτως
1231 4457 1284 4521 καί
1308 4459 1338 4521 ἐν
1363 4461 1467 4538 ἑαυτῷ
1492 4455 1592 4543 μένον,
1617 4467 1710 4546 γεννᾷ
1733 4457 1789 4532 τάς
1813 4459 1857 4518 ἀν-

321 4564 473 4652 θρωπίνας
497 4561 608 4654 ψυχάς,
627 4564 707 4653 μετά
723 4575 781 4641 τῆς
797 4564 924 4628 πάντων
942 4569 1044 4641 αἰτίας
1061 4578 1118 4640 τῆς
1137 4557 1310 4654 μοναδικῶς
1327 4564 1367 4629 τά
1385 4565 1490 4629 πάντα
1510 4565 1723 4654 παραγούσης,
1749 4567 1857 4653 Τρίτην

322 4667 373 4736 οὖν
399 4671 459 4736 ἀπὺ
478 4671 555 4736 θεῶν
571 4673 688 4762 ἔχουσα
704 4664 835 4762 πρόοδον
853 4679 871 4746 ή
891 4683 953 4736 τῶν
971 4673 1167 4764 ἀνθρωπίνων
1186 4670 1292 4764 ψυχῶν
1310 4668 1409 4755 τάξις,
1426 4675 1479 4738 καί
1495 4673 1614 4750 πλῆθος
1630 4674 1734 4764 λόγων
1751 4677 1856 4762 ἔχουσα

258 4801 285 4838 ³⁵
322 4781 475 4856 ποικίλον,
494 4783 569 4846 ὅταν
587 4782 641 4870 μὲν
659 4781 884 4870 ἐπιστρέρηται
908 4783 982 4871 πρὸς
1002 4781 1128 4866 ἑαυτήν,
1145 4777 1183 4868 ζῇ
1198 4781 1224 4870 ³)
1241 4793 1351 4874 νοερῶς
1368 4784 1574 4857 αύτοκίνητος
1598 4775 1674 4846 οὖσα
1695 4777 1858 4872 λόγος,καί

323 4889 507 4976 ύρίστησιί)
524 4884 604 4966 ζωήν
630 4889 680 4977 ἀρ’
698 4893 823 4970 ἑαυτῆς,
840 4891 1019 4963 ταυτὺτητι
1036 4891 1088 4954 καί
1106 4892 1272 4980 ὁμοιότητι
1288 4890 1468 4979 χαίρουσαν·
1487 4885 1549 4952 οἷον
1567 4893 1586 4962 ή
1612 4887 1782 4960 ἑκατοντάς
1806 4881 1857 4952 εἰ*

326 4987 461 5086 μυριάδα
484 4995 589 5061 πάντα
614 4998 668 5060 τὸν
694 4995 774 5062 θεῖον
798 4996 926 5086 ἀριθμόν
952 5001 982 5063 ἐν
1007 5002 1103 5084 ἑαυτῇ
1131 5007 1273 5087 γεννῶσα
1298 4987 1349 5060 διά
1378 5007 1435 5073 τῆς
1459 4997 1533 5087 πρὸς
1566 4995 1681 5068 ἑαυτήν
1706 4993 1857 5084 ἐνεργείας,

365 5241 561 5315 wsswm·
1160 5245 1341 5321 ηαεω

364 5334 386 5406 ²)
404 5331 474 5390 Ood.
493 5335 529 5390 A.
549 5335 723 5406 τριῳδουμίνα.
1160 5337 1184 5408 ⁴)
1203 5336 1238 5391 A.
1258 5338 1388 5407 ὑριστάοιι.
