4006 6074
747 465 1288 561 &Vmffimhmm

560 637 771 709 Concubitum
794 642 833 709 de
856 665 946 710 serva
968 645 1061 730 petit,
1085 644 1163 714 haec
1186 644 1272 712 dedit
1295 667 1332 714 ac
1353 645 1448 714 cessit
1471 694 1479 711 .
1505 694 1512 709 .
1539 695 1546 710 .

562 749 738 818 Dissociam
762 773 928 818 commune
951 752 1074 839 iugum,
1097 753 1280 840 infensaque
1302 753 1400 842 longe

562 910 570 925 .
596 907 604 924 .
630 908 637 922 .
662 860 759 926 audet
782 864 815 926 et
836 861 937 945 spreti
959 860 1081 948 refugit
1103 863 1264 930 consortia
1285 862 1370 930 lecti.

499 965 540 1007 ⁷⁶⁶
563 969 665 1046 Quam
689 991 761 1036 cnm
785 968 921 1036 sollicite
943 969 1041 1036 uellet
1064 991 1237 1056 provocare
1260 971 1405 1052 meritus,

562 1076 770 1144 Communem
793 1077 950 1144 famulum
972 1101 1078 1147 secum
1101 1078 1308 1165 iumentaque
1331 1079 1468 1146 ducebat

562 1184 614 1251 Ad
637 1207 781 1252 socerum
804 1186 945 1267 veniens,
968 1190 1142 1272 natamque
1165 1209 1205 1254 ex
1228 1186 1354 1253 foedere
1377 1185 1490 1272 poscit.

563 1293 739 1376 Promittit,
764 1292 878 1374 blende
901 1293 999 1376 fovet,
1023 1295 1203 1380 sensimque
1226 1294 1362 1362 tenendo

561 1401 669 1469 Inlioit
692 1407 730 1469 ut
753 1424 860 1470 secum
882 1407 1020 1484 maneat,
1043 1423 1119 1469 mox
1141 1403 1198 1470 ille
1222 1403 1372 1472 residens.

497 1505 540 1543 ⁷⁸⁰
564 1510 712 1578 Vescitur
734 1515 767 1578 et
791 1511 917 1596 placida
939 1533 1069 1580 securus
1092 1513 1166 1579 sede
1189 1513 1333 1598 quiescit.

825 1618 960 1688 Caetera
982 1621 1219 1688 desiderantur.

744 2103 1302 2189 ΑΠΟΣΠΑΣΜΑΤΑ

623 2337 781 2406 OMISSA
804 2338 853 2406 IN
877 2337 1117 2406 SPIOILEGIO
1141 2336 1420 2408 souusuuusl.

940 2557 1100 2568 ..u—-

1011 2826 1037 2892 I.

574 3039 707 3107 Femina
720 3037 756 3122 ¹),
780 3061 861 3125 quae
884 3039 973 3108 licito
996 3044 1149 3107 vacuatur
1171 3040 1292 3106 viscere
1314 3041 1422 3124 partu,

530 3147 563 3214 Si
587 3170 722 3234 puerum
746 3153 889 3233 generet,
913 3149 1049 3234 septimo
1071 3149 1105 3214 in
1127 3147 1248 3215 lumine
1270 3146 1378 3213 sordet

529 3256 669 3343 (torpore
694 3277 766 3324 cum
789 3260 878 3337 tcto;
902 3258 958 3325 sed
981 3280 1053 3325 curn
1078 3257 1246 3324 reverterit
1269 3255 1335 3322 exis

532 3364 682 3448 Octavus,
706 3387 770 3452 quo
793 3366 933 3434 solemne
956 3361 1042 3449 est¹)
1067 3371 1216 3432 truncare
1238 3364 1395 3450 pudenda,

493 3469 507 3512 ⁶
530 3472 719 3540 Pelliculam
742 3474 848 3541 demet
869 3474 999 3556 veretri,
1025 3479 1121 3559 atque
1143 3472 1217 3539 inde
1240 3472 1362 3538 sedebit

529 3581 594 3648 'Per
615 3581 703 3649 denis
726 3581 831 3648 tribus
854 3581 966 3649 dehinc
988 3581 1055 3647 feta
1077 3581 1206 3658 diebus3

528 3688 580 3755 Ne
604 3709 685 3774 quae
708 3687 878 3755 sanctificis
901 3686 1048 3754 adoletur
1059 3682 1086 3767 ³)
1109 3686 1260 3768 cultibus,
1283 3684 1384 3752 audax

531 3795 661 3863 Polluat
684 3799 741 3862 aut
763 3795 833 3861 visu
857 3799 914 3861 aut
937 3794 1029 3862 foedo
1053 3794 1168 3861 alteria
1190 3797 1291 3862 tuctu.

530 3903 624 3980 Quod
647 3903 674 3969 si
698 3906 854 3988 concepte
876 3902 1002 3969 laxaret
1025 3903 1168 3970 membra
1191 3901 1328 3988 puellae,

481 4008 508 4047 ¹⁰
531 4011 710 4079 Obseruans
734 4013 899 4098 geminum
922 4016 1059 4096 tempus,
1082 4010 1129 4077 nil
1151 4011 1272 4078 fraudis
1295 4011 1446 4089 habebit;

532 4121 602 4198 Quo
626 4119 738 4186 deinde
761 4119 897 4205 expleto,
920 4119 1091 4188 confestim
1112 4118 1196 4186 dona
1218 4119 1339 4186 favebit

533 4228 682 4294 Turturis
705 4231 762 4294 aut
785 4228 930 4314 geminos
952 4227 1071 4295 similes
1094 4231 1151 4295 aut
1173 4233 1267 4314 terga
1289 4226 1465 4309 columbas,

529 4336 598 4403 Aut
621 4357 721 4423 grege
744 4336 784 4402 de
808 4336 898 4402 melli
921 4337 1084 4403 candentis
1106 4335 1234 4402 velleris
1257 4355 1388 4420 agnum.

575 4443 622 4512 Ut
644 4444 766 4511 saniem
779 4442 803 4526 ι)
827 4443 976 4529 precibus
999 4442 1105 4509 ualeat
1128 4442 1276 4509 cohibere
1299 4441 1457 4525 sacerdos,

480 4549 508 4594 ¹⁵
531 4552 719 4621 Morborum
741 4574 868 4638 qnoque
891 4551 1011 4637 effigies
1034 4555 1067 4618 et
1090 4550 1182 4637 signa
1204 4551 1368 4634 docentur,

532 4662 618 4730 Dum
641 4665 730 4728 taxet
752 4683 832 4746 quos
854 4660 945 4746 lepra
967 4664 1066 4740 creat,
1090 4681 1168 4745 quos
1190 4680 1323 4744 corpore
1346 4664 1416 4728 toto

530 4769 637 4836 Antea
659 4769 801 4854 pollente
822 4767 988 4854 perfundit
1010 4767 1131 4835 viscera
1152 4768 1240 4850 tabo,

286 5055 310 5130 ¹)
328 5053 372 5114 cf.
391 5055 492 5127 Spr'eil.
510 5056 631 5115 comm.
651 5060 674 5111 t.
692 5067 743 5127 lp.
756 5054 810 5111 825
821 5072 850 5114 v.
863 5055 905 5110 36.
919 5053 997 5112 Olim
1087 5057 1110 5130 ²)
1130 5057 1164 5127 A,
1182 5057 1216 5129 B,
1237 5057 1268 5130 0,
1286 5058 1340 5132 qai
1356 5058 1403 5115 eol
1419 5056 1499 5112 utta.

250 5145 331 5204 edlts
349 5144 561 5204 continuantur
579 5163 617 5203 ex
641 5145 704 5202 eod.
724 5144 916 5204 Laudunensi
934 5145 997 5202 273.
1085 5147 1109 5222 ³)
1126 5146 1177 5204 iid.
1197 5149 1348 5206 adeatur.

250 5234 330 5310 (sigi
349 5237 388 5313 A)
413 5237 464 5297 fol.
488 5238 549 5294 126.
573 5235 741 5296 Reducitur
766 5234 935 5295 Levitioum
960 5253 998 5293 ex
1086 5236 1111 5309 ⁴)
1129 5235 1227 5294 Lavit
1247 5252 1310 5308 cap.
1330 5249 1396 5292 xm.

251 5343 316 5402 cap.
334 5341 388 5384 ιιι.
