<?xml version="1.0" encoding="UTF-8"?>
<!DOCTYPE html PUBLIC "-//W3C//DTD XHTML 1.0 Transitional//EN"
    "http://www.w3.org/TR/xhtml1/DTD/xhtml1-transitional.dtd">
<html xmlns="http://www.w3.org/1999/xhtml" xml:lang="en" lang="en">
 <head>
  <title>
</title>
<meta http-equiv="Content-Type" content="text/html;charset=utf-8" />
  <meta name='ocr-system' content='tesseract 3.04.00' />
  <meta name='ocr-capabilities' content='ocr_page ocr_carea ocr_par ocr_line ocrx_word'/>
</head>
<body>
  <div class='ocr_page' id='page_1' title='image "./analectasacrasp02pitrgoog_0119.png"; bbox 0 0 4022 6072; ppageno 0'>
   <div class='ocr_carea' id='block_1_1' title="bbox 281 524 1285 604">
    <p class='ocr_par' dir='ltr' id='par_1_1' title="bbox 281 524 1285 604">
     <span class='ocr_line' id='line_1_1' title="bbox 281 524 1285 604; baseline 0.011 -11"><span class='ocrx_word' id='word_1_1' title='bbox 281 531 320 594; x_wconf 74' lang='lat' dir='ltr'><strong>ta</strong></span> <span class='ocrx_word' id='word_1_2' title='bbox 829 524 1036 604; x_wconf 81' lang='lat' dir='ltr'><strong>Seuerianus</strong></span> <span class='ocrx_word' id='word_1_3' title='bbox 1057 525 1285 604; x_wconf 78' lang='lat' dir='ltr'><strong>Goboiitciius</strong></span> 
     </span>
    </p>
   </div>
   <div class='ocr_carea' id='block_1_2' title="bbox 280 700 1030 1980">
    <p class='ocr_par' dir='ltr' id='par_1_2' title="bbox 283 700 1030 1090">
     <span class='ocr_line' id='line_1_2' title="bbox 284 700 1028 793; baseline -0.001 -26"><span class='ocrx_word' id='word_1_4' title='bbox 284 700 342 790; x_wconf 80' lang='grc' dir='ltr'><strong>ψις·</strong></span> <span class='ocrx_word' id='word_1_5' title='bbox 359 701 378 775; x_wconf 72' lang='grc' dir='ltr'><strong>ἢ</strong></span> <span class='ocrx_word' id='word_1_6' title='bbox 397 713 442 785; x_wconf 84' lang='grc' dir='ltr'><strong>τῷ</strong></span> <span class='ocrx_word' id='word_1_7' title='bbox 459 704 527 767; x_wconf 83' lang='grc' dir='ltr'><strong>θλω</strong></span> <span class='ocrx_word' id='word_1_8' title='bbox 539 701 722 792; x_wconf 75' lang='grc' dir='ltr'>καθορᾶται,</span> <span class='ocrx_word' id='word_1_9' title='bbox 741 707 781 778; x_wconf 86' lang='grc' dir='ltr'><strong>ὡς</strong></span> <span class='ocrx_word' id='word_1_10' title='bbox 798 701 840 767; x_wconf 87' lang='grc' dir='ltr'><strong>τά</strong></span> <span class='ocrx_word' id='word_1_11' title='bbox 857 703 952 793; x_wconf 84' lang='grc' dir='ltr'><strong>μικρά</strong></span> <span class='ocrx_word' id='word_1_12' title='bbox 965 713 1028 767; x_wconf 85' lang='grc' dir='ltr'><strong>τῶν</strong></span> 
     </span>
     <span class='ocr_line' id='line_1_3' title="bbox 284 807 1030 900; baseline 0.001 -27"><span class='ocrx_word' id='word_1_13' title='bbox 284 809 450 896; x_wconf 83' lang='grc' dir='ltr'><strong>σωμάτων,</strong></span> <span class='ocrx_word' id='word_1_14' title='bbox 468 811 526 874; x_wconf 87' lang='grc' dir='ltr'><strong>ὅσα</strong></span> <span class='ocrx_word' id='word_1_15' title='bbox 542 820 611 886; x_wconf 84' lang='grc' dir='ltr'><strong>ταῖς</strong></span> <span class='ocrx_word' id='word_1_16' title='bbox 628 809 756 899; x_wconf 75' lang='grc' dir='ltr'><strong>ἡμέραις</strong></span> <span class='ocrx_word' id='word_1_17' title='bbox 774 807 861 899; x_wconf 68' lang='grc' dir='ltr'><strong>ὄφεσι</strong></span> <span class='ocrx_word' id='word_1_18' title='bbox 877 814 1030 900; x_wconf 89' lang='grc' dir='ltr'><strong>περιλαμ-</strong></span> 
     </span>
     <span class='ocr_line' id='line_1_4' title="bbox 283 910 1029 1008; baseline 0.004 -28"><span class='ocrx_word' id='word_1_19' title='bbox 283 910 422 990; x_wconf 63' lang='lat' dir='ltr'><strong>bivera·</strong></span> <span class='ocrx_word' id='word_1_20' title='bbox 439 919 588 1008; x_wconf 85' lang='grc' dir='ltr'><strong>ἑκάτερον</strong></span> <span class='ocrx_word' id='word_1_21' title='bbox 609 911 642 984; x_wconf 74' lang='grc' dir='ltr'><strong>δὲ</strong></span> <span class='ocrx_word' id='word_1_22' title='bbox 657 920 725 1008; x_wconf 86' lang='grc' dir='ltr'><strong>περί</strong></span> <span class='ocrx_word' id='word_1_23' title='bbox 741 921 819 985; x_wconf 72' lang='grc' dir='ltr'><strong>Θεὸν</strong></span> <span class='ocrx_word' id='word_1_24' title='bbox 838 919 955 984; x_wconf 88' lang='grc' dir='ltr'><strong>άτοπον</strong></span> <span class='ocrx_word' id='word_1_25' title='bbox 980 923 1029 984; x_wconf 89' lang='grc' dir='ltr'><strong>ἑν-</strong></span> 
     </span>
     <span class='ocr_line' id='line_1_5' title="bbox 283 1037 442 1090; baseline 0.013 -4"><span class='ocrx_word' id='word_1_26' title='bbox 283 1037 372 1090; x_wconf 82' lang='grc' dir='ltr'><strong>νοεῒν.</strong></span> <span class='ocrx_word' id='word_1_27' title='bbox 438 1073 442 1076; x_wconf 90' lang='grc'>-</span> 
     </span>
    </p>

    <p class='ocr_par' dir='ltr' id='par_1_3' title="bbox 280 1133 1028 1654">
     <span class='ocr_line' id='line_1_6' title="bbox 327 1133 1028 1227; baseline 0.001 -29"><span class='ocrx_word' id='word_1_28' title='bbox 327 1140 363 1198; x_wconf 86' lang='grc' dir='ltr'><strong>Εἰ</strong></span> <span class='ocrx_word' id='word_1_29' title='bbox 387 1133 446 1224; x_wconf 85' lang='grc' dir='ltr'><strong>γάρ</strong></span> <span class='ocrx_word' id='word_1_30' title='bbox 479 1134 565 1225; x_wconf 82' lang='grc' dir='ltr'>μέρει</span> <span class='ocrx_word' id='word_1_31' title='bbox 589 1159 650 1200; x_wconf 86' lang='grc' dir='ltr'><strong>τινι</strong></span> <span class='ocrx_word' id='word_1_32' title='bbox 682 1136 859 1227; x_wconf 78' lang='grc' dir='ltr'><strong>θεωρεῖται,</strong></span> <span class='ocrx_word' id='word_1_33' title='bbox 885 1136 1028 1226; x_wconf 90' lang='grc' dir='ltr'><strong>μέριστος</strong></span> 
     </span>
     <span class='ocr_line' id='line_1_7' title="bbox 281 1237 1028 1333; baseline 0.001 -27"><span class='ocrx_word' id='word_1_34' title='bbox 281 1241 406 1318; x_wconf 86' lang='grc' dir='ltr'><strong>πάντως</strong></span> <span class='ocrx_word' id='word_1_35' title='bbox 431 1245 522 1307; x_wconf 85' lang='grc' dir='ltr'><strong>ἔσται</strong></span> <span class='ocrx_word' id='word_1_36' title='bbox 538 1247 553 1306; x_wconf 88' lang='grc' dir='ltr'>ὁ</span> <span class='ocrx_word' id='word_1_37' title='bbox 572 1241 688 1333; x_wconf 78' lang='grc' dir='ltr'><strong>ἀμερὴς</strong></span> <span class='ocrx_word' id='word_1_38' title='bbox 713 1243 797 1318; x_wconf 87' lang='grc' dir='ltr'><strong>Θεός.</strong></span> <span class='ocrx_word' id='word_1_39' title='bbox 824 1237 1028 1332; x_wconf 83' lang='grc' dir='ltr'><strong>Μεριζὸμενος</strong></span> 
     </span>
     <span class='ocr_line' id='line_1_8' title="bbox 282 1341 1028 1427; baseline -0.003 -13"><span class='ocrx_word' id='word_1_40' title='bbox 282 1341 315 1414; x_wconf 70' lang='grc' dir='ltr'><strong>δὲ</strong></span> <span class='ocrx_word' id='word_1_41' title='bbox 338 1349 463 1426; x_wconf 84' lang='grc' dir='ltr'><strong>πάντως</strong></span> <span class='ocrx_word' id='word_1_42' title='bbox 488 1351 541 1414; x_wconf 84' lang='grc' dir='ltr'><strong>καί</strong></span> <span class='ocrx_word' id='word_1_43' title='bbox 565 1360 623 1426; x_wconf 84' lang='grc' dir='ltr'><strong>τῆς</strong></span> <span class='ocrx_word' id='word_1_44' title='bbox 647 1349 817 1427; x_wconf 70' lang='grc' dir='ltr'><strong>ἀθανασίας</strong></span> <span class='ocrx_word' id='word_1_45' title='bbox 838 1353 1028 1415; x_wconf 75' lang='grc' dir='ltr'><strong>ἐκπεσεῖται</strong></span> 
     </span>
     <span class='ocr_line' id='line_1_9' title="bbox 280 1448 1027 1548; baseline -0.005 -24"><span class='ocrx_word' id='word_1_46' title='bbox 280 1466 342 1524; x_wconf 82' lang='grc' dir='ltr'><strong>πᾶν</strong></span> <span class='ocrx_word' id='word_1_47' title='bbox 366 1457 426 1548; x_wconf 84' lang='grc' dir='ltr'><strong>γάρ</strong></span> <span class='ocrx_word' id='word_1_48' title='bbox 451 1459 488 1523; x_wconf 83' lang='grc' dir='ltr'><strong>τὸ</strong></span> <span class='ocrx_word' id='word_1_49' title='bbox 519 1458 662 1548; x_wconf 71' lang='grc' dir='ltr'><strong>μεριστὸν</strong></span> <span class='ocrx_word' id='word_1_50' title='bbox 687 1462 718 1522; x_wconf 87' lang='grc' dir='ltr'><strong>ἑν</strong></span> <span class='ocrx_word' id='word_1_51' title='bbox 743 1448 902 1531; x_wconf 71' lang='grc' dir='ltr'><strong>άϊθιότητι</strong></span> <span class='ocrx_word' id='word_1_52' title='bbox 927 1458 1027 1546; x_wconf 87' lang='grc' dir='ltr'><strong>μένειν</strong></span> 
     </span>
     <span class='ocr_line' id='line_1_10' title="bbox 281 1562 436 1654; baseline -0.006 -25"><span class='ocrx_word' id='word_1_53' title='bbox 281 1570 340 1654; x_wconf 70' lang='grc' dir='ltr'><strong>οὐχ</strong></span> <span class='ocrx_word' id='word_1_54' title='bbox 365 1562 436 1628; x_wconf 83' lang='grc' dir='ltr'><strong>οῖον.</strong></span> 
     </span>
    </p>

    <p class='ocr_par' dir='ltr' id='par_1_4' title="bbox 281 1665 1027 1980">
     <span class='ocr_line' id='line_1_11' title="bbox 326 1665 1027 1764; baseline 0.004 -29"><span class='ocrx_word' id='word_1_55' title='bbox 326 1678 362 1736; x_wconf 84' lang='grc' dir='ltr'><strong>Εἰ</strong></span> <span class='ocrx_word' id='word_1_56' title='bbox 386 1665 419 1737; x_wconf 71' lang='grc' dir='ltr'><strong>δέ</strong></span> <span class='ocrx_word' id='word_1_57' title='bbox 443 1682 488 1756; x_wconf 87' lang='grc' dir='ltr'><strong>τῷ</strong></span> <span class='ocrx_word' id='word_1_58' title='bbox 512 1675 575 1756; x_wconf 87' lang='grc' dir='ltr'><strong>ὅλῳ</strong></span> <span class='ocrx_word' id='word_1_59' title='bbox 594 1672 773 1764; x_wconf 81' lang='grc' dir='ltr'><strong>θεωρεῖσθαι</strong></span> <span class='ocrx_word' id='word_1_60' title='bbox 797 1676 873 1763; x_wconf 87' lang='grc' dir='ltr'><strong>φαίη</strong></span> <span class='ocrx_word' id='word_1_61' title='bbox 902 1698 948 1751; x_wconf 94' lang='grc' dir='ltr'><strong>τις</strong></span> <span class='ocrx_word' id='word_1_62' title='bbox 972 1675 1027 1739; x_wconf 72' lang='grc' dir='ltr'><strong>τὀν</strong></span> 
     </span>
     <span class='ocr_line' id='line_1_12' title="bbox 282 1781 1027 1872; baseline 0.005 -30"><span class='ocrx_word' id='word_1_63' title='bbox 282 1782 370 1866; x_wconf 78' lang='grc' dir='ltr'><strong>Θεὸν,</strong></span> <span class='ocrx_word' id='word_1_64' title='bbox 387 1783 595 1871; x_wconf 86' lang='grc' dir='ltr'><strong>περίγραπτος</strong></span> <span class='ocrx_word' id='word_1_65' title='bbox 612 1781 704 1846; x_wconf 79' lang='grc' dir='ltr'><strong>ἔσται</strong></span> <span class='ocrx_word' id='word_1_66' title='bbox 720 1786 736 1846; x_wconf 83' lang='grc' dir='ltr'>ὁ</span> <span class='ocrx_word' id='word_1_67' title='bbox 754 1784 971 1872; x_wconf 85' lang='grc' dir='ltr'><strong>ἀπερίγραφος,</strong></span> <span class='ocrx_word' id='word_1_68' title='bbox 997 1786 1027 1848; x_wconf 89' lang='grc' dir='ltr'><strong>ἐν</strong></span> 
     </span>
     <span class='ocr_line' id='line_1_13' title="bbox 281 1879 1025 1980; baseline 0 -26"><span class='ocrx_word' id='word_1_69' title='bbox 281 1890 365 1978; x_wconf 81' lang='grc' dir='ltr'><strong>μέρει</strong></span> <span class='ocrx_word' id='word_1_70' title='bbox 377 1914 439 1954; x_wconf 91' lang='grc' dir='ltr'><strong>τινι</strong></span> <span class='ocrx_word' id='word_1_71' title='bbox 452 1898 515 1953; x_wconf 88' lang='grc' dir='ltr'><strong>τῶν</strong></span> <span class='ocrx_word' id='word_1_72' title='bbox 530 1879 820 1980; x_wconf 83' lang='grc' dir='ltr'><strong>θημιουργημάτων</strong></span> <span class='ocrx_word' id='word_1_73' title='bbox 834 1892 1025 1980; x_wconf 80' lang='grc' dir='ltr'><strong>φαινόμενος.</strong></span> 
     </span>
    </p>
   </div>
   <div class='ocr_carea' id='block_1_3' title="bbox 276 2098 1030 3166">
    <p class='ocr_par' dir='ltr' id='par_1_5' title="bbox 276 2098 1030 3166">
     <span class='ocr_line' id='line_1_14' title="bbox 327 2098 1027 2202; baseline 0.007 -32"><span class='ocrx_word' id='word_1_74' title='bbox 327 2105 492 2196; x_wconf 84' lang='grc' dir='ltr'><strong>Ἑκάτερον</strong></span> <span class='ocrx_word' id='word_1_75' title='bbox 518 2098 552 2172; x_wconf 78' lang='grc' dir='ltr'><strong>δὲ</strong></span> <span class='ocrx_word' id='word_1_76' title='bbox 582 2100 690 2183; x_wconf 74' lang='grc' dir='ltr'><strong>άσεθὲς</strong></span> <span class='ocrx_word' id='word_1_77' title='bbox 722 2102 933 2197; x_wconf 79' lang='grc' dir='ltr'><strong>φαντάζεσθαι</strong></span> <span class='ocrx_word' id='word_1_78' title='bbox 957 2112 1027 2202; x_wconf 81' lang='grc' dir='ltr'><strong>περί</strong></span> 
     </span>
     <span class='ocr_line' id='line_1_15' title="bbox 282 2207 1029 2305; baseline 0.003 -27"><span class='ocrx_word' id='word_1_79' title='bbox 282 2215 369 2279; x_wconf 86' lang='grc' dir='ltr'><strong>Θεόν·</strong></span> <span class='ocrx_word' id='word_1_80' title='bbox 382 2217 441 2304; x_wconf 77' lang='grc' dir='ltr'><strong>οὐχ</strong></span> <span class='ocrx_word' id='word_1_81' title='bbox 454 2217 517 2298; x_wconf 83' lang='grc' dir='ltr'><strong>ὅλῳ</strong></span> <span class='ocrx_word' id='word_1_82' title='bbox 531 2216 553 2299; x_wconf 85' lang='lat'><strong>¹)</strong></span> <span class='ocrx_word' id='word_1_83' title='bbox 566 2213 637 2304; x_wconf 83' lang='grc' dir='ltr'><strong>γάρ,</strong></span> <span class='ocrx_word' id='word_1_84' title='bbox 648 2216 682 2278; x_wconf 83' lang='grc' dir='ltr'><strong>οὐ</strong></span> <span class='ocrx_word' id='word_1_85' title='bbox 695 2214 779 2305; x_wconf 83' lang='grc' dir='ltr'><strong>μέρει</strong></span> <span class='ocrx_word' id='word_1_86' title='bbox 792 2213 963 2304; x_wconf 83' lang='grc' dir='ltr'><strong>θεωρεῖται·</strong></span> <span class='ocrx_word' id='word_1_87' title='bbox 975 2207 1029 2291; x_wconf 79' lang='grc' dir='ltr'><strong>θῆ-</strong></span> 
     </span>
     <span class='ocr_line' id='line_1_16' title="bbox 280 2314 1027 2413; baseline 0.004 -29"><span class='ocrx_word' id='word_1_88' title='bbox 280 2323 335 2387; x_wconf 90' lang='grc' dir='ltr'><strong>λον</strong></span> <span class='ocrx_word' id='word_1_89' title='bbox 353 2314 404 2387; x_wconf 76' lang='grc' dir='ltr'><strong>οὖν</strong></span> <span class='ocrx_word' id='word_1_90' title='bbox 421 2327 461 2398; x_wconf 84' lang='grc' dir='ltr'><strong>ὡς</strong></span> <span class='ocrx_word' id='word_1_91' title='bbox 478 2332 540 2386; x_wconf 83' lang='grc' dir='ltr'><strong>τῶν</strong></span> <span class='ocrx_word' id='word_1_92' title='bbox 557 2331 725 2413; x_wconf 73' lang='grc' dir='ltr'><strong>προφητῶν</strong></span> <span class='ocrx_word' id='word_1_93' title='bbox 743 2327 758 2385; x_wconf 85' lang='grc' dir='ltr'>ὁ</span> <span class='ocrx_word' id='word_1_94' title='bbox 775 2322 955 2412; x_wconf 85' lang='grc' dir='ltr'><strong>κατάλογος</strong></span> <span class='ocrx_word' id='word_1_95' title='bbox 971 2325 1027 2387; x_wconf 80' lang='grc' dir='ltr'><strong>οὐκ</strong></span> 
     </span>
     <span class='ocr_line' id='line_1_17' title="bbox 283 2427 1027 2519; baseline -0.003 -25"><span class='ocrx_word' id='word_1_96' title='bbox 283 2429 382 2502; x_wconf 77' lang='grc' dir='ltr'><strong>αὐτὴν</strong></span> <span class='ocrx_word' id='word_1_97' title='bbox 400 2427 556 2505; x_wconf 78' lang='grc' dir='ltr'><strong>αἱσθήτως</strong></span> <span class='ocrx_word' id='word_1_98' title='bbox 570 2429 718 2519; x_wconf 84' lang='grc' dir='ltr'><strong>ἐθεώρουν</strong></span> <span class='ocrx_word' id='word_1_99' title='bbox 734 2429 793 2500; x_wconf 83' lang='grc' dir='ltr'><strong>τὴν</strong></span> <span class='ocrx_word' id='word_1_100' title='bbox 807 2428 890 2494; x_wconf 85' lang='grc' dir='ltr'><strong>θείαν</strong></span> <span class='ocrx_word' id='word_1_101' title='bbox 904 2429 957 2494; x_wconf 82' lang='grc' dir='ltr'><strong>καί</strong></span> <span class='ocrx_word' id='word_1_102' title='bbox 975 2430 1027 2492; x_wconf 81' lang='lat' dir='ltr'><strong>old-</strong></span> 
     </span>
     <span class='ocr_line' id='line_1_18' title="bbox 284 2536 1028 2626; baseline -0.001 -23"><span class='ocrx_word' id='word_1_103' title='bbox 284 2563 377 2624; x_wconf 86' lang='grc' dir='ltr'><strong>φατον</strong></span> <span class='ocrx_word' id='word_1_104' title='bbox 402 2540 517 2614; x_wconf 83' lang='grc' dir='ltr'><strong>οὐσίαν,</strong></span> <span class='ocrx_word' id='word_1_105' title='bbox 543 2536 627 2603; x_wconf 82' lang='grc' dir='ltr'><strong>ἀλλά</strong></span> <span class='ocrx_word' id='word_1_106' title='bbox 651 2540 825 2626; x_wconf 82' lang='grc' dir='ltr'><strong>φαντασίαν</strong></span> <span class='ocrx_word' id='word_1_107' title='bbox 849 2562 921 2604; x_wconf 91' lang='grc' dir='ltr'><strong>τινα</strong></span> <span class='ocrx_word' id='word_1_108' title='bbox 947 2543 1028 2603; x_wconf 85' lang='grc' dir='ltr'><strong>οἱκο-</strong></span> 
     </span>
     <span class='ocr_line' id='line_1_19' title="bbox 276 2645 1027 2736; baseline 0.005 -29"><span class='ocrx_word' id='word_1_109' title='bbox 276 2654 409 2733; x_wconf 85' lang='grc' dir='ltr'><strong>νομικῶς</strong></span> <span class='ocrx_word' id='word_1_110' title='bbox 435 2645 705 2735; x_wconf 87' lang='grc' dir='ltr'><strong>άνατυπουμένην.</strong></span> <span class='ocrx_word' id='word_1_111' title='bbox 730 2650 766 2710; x_wconf 80' lang='grc' dir='ltr'><strong>Εἰ</strong></span> <span class='ocrx_word' id='word_1_112' title='bbox 794 2645 854 2736; x_wconf 90' lang='grc' dir='ltr'><strong>γάρ</strong></span> <span class='ocrx_word' id='word_1_113' title='bbox 886 2645 946 2717; x_wconf 77' lang='grc' dir='ltr'><strong>τὴν</strong></span> <span class='ocrx_word' id='word_1_114' title='bbox 969 2656 1027 2711; x_wconf 83' lang='grc' dir='ltr'><strong>τοῦ</strong></span> 
     </span>
     <span class='ocr_line' id='line_1_20' title="bbox 278 2749 1027 2843; baseline 0.003 -28"><span class='ocrx_word' id='word_1_115' title='bbox 278 2757 359 2816; x_wconf 81' lang='grc' dir='ltr'><strong>Θεοῦ</strong></span> <span class='ocrx_word' id='word_1_116' title='bbox 377 2751 465 2840; x_wconf 82' lang='grc' dir='ltr'><strong>φάσιν</strong></span> <span class='ocrx_word' id='word_1_117' title='bbox 483 2749 595 2842; x_wconf 79' lang='grc' dir='ltr'><strong>ἑώρων,</strong></span> <span class='ocrx_word' id='word_1_118' title='bbox 614 2755 669 2818; x_wconf 82' lang='grc' dir='ltr'><strong>οὐκ</strong></span> <span class='ocrx_word' id='word_1_119' title='bbox 690 2751 726 2817; x_wconf 81' lang='grc' dir='ltr'><strong>ἂν</strong></span> <span class='ocrx_word' id='word_1_120' title='bbox 743 2754 800 2842; x_wconf 90' lang='grc' dir='ltr'><strong>μία</strong></span> <span class='ocrx_word' id='word_1_121' title='bbox 824 2751 1027 2843; x_wconf 76' lang='grc' dir='ltr'><strong>τυγχάνουσα</strong></span> 
     </span>
     <span class='ocr_line' id='line_1_21' title="bbox 277 2851 1029 2949; baseline -0.001 -26"><span class='ocrx_word' id='word_1_122' title='bbox 277 2859 483 2948; x_wconf 81' lang='grc' dir='ltr'><strong>πολυτρόπως</strong></span> <span class='ocrx_word' id='word_1_123' title='bbox 507 2859 645 2949; x_wconf 82' lang='grc' dir='ltr'><strong>ἑώρατο,</strong></span> <span class='ocrx_word' id='word_1_124' title='bbox 669 2861 751 2926; x_wconf 80' lang='grc' dir='ltr'><strong>ὥστε</strong></span> <span class='ocrx_word' id='word_1_125' title='bbox 774 2851 862 2924; x_wconf 78' lang='grc' dir='ltr'><strong>οὐδέν</strong></span> <span class='ocrx_word' id='word_1_126' title='bbox 886 2868 949 2924; x_wconf 82' lang='grc' dir='ltr'><strong>τῶν</strong></span> <span class='ocrx_word' id='word_1_127' title='bbox 973 2863 1029 2947; x_wconf 85' lang='grc' dir='ltr'><strong>ὁφ-</strong></span> 
     </span>
     <span class='ocr_line' id='line_1_22' title="bbox 280 2965 1029 3060; baseline 0 -28"><span class='ocrx_word' id='word_1_128' title='bbox 280 2968 394 3033; x_wconf 85' lang='grc' dir='ltr'><strong>θέντων</strong></span> <span class='ocrx_word' id='word_1_129' title='bbox 408 2972 572 3044; x_wconf 85' lang='grc' dir='ltr'><strong>παντελῶς</strong></span> <span class='ocrx_word' id='word_1_130' title='bbox 586 2967 718 3060; x_wconf 80' lang='grc' dir='ltr'><strong>ὑπάρχει</strong></span> <span class='ocrx_word' id='word_1_131' title='bbox 731 2968 768 3033; x_wconf 72' lang='grc' dir='ltr'><strong>τὸ</strong></span> <span class='ocrx_word' id='word_1_132' title='bbox 786 2965 875 3046; x_wconf 84' lang='grc' dir='ltr'><strong>θεῖον,</strong></span> <span class='ocrx_word' id='word_1_133' title='bbox 889 2971 962 3032; x_wconf 79' lang='grc' dir='ltr'><strong>ἀλλ’</strong></span> <span class='ocrx_word' id='word_1_134' title='bbox 978 2967 1029 3032; x_wconf 85' lang='grc' dir='ltr'><strong>οἰό-</strong></span> 
     </span>
     <span class='ocr_line' id='line_1_23' title="bbox 280 3068 1030 3166; baseline -0.001 -26"><span class='ocrx_word' id='word_1_135' title='bbox 280 3100 385 3166; x_wconf 79' lang='grc' dir='ltr'><strong>ρατον,</strong></span> <span class='ocrx_word' id='word_1_136' title='bbox 406 3077 460 3141; x_wconf 84' lang='grc' dir='ltr'><strong>καί</strong></span> <span class='ocrx_word' id='word_1_137' title='bbox 477 3087 571 3141; x_wconf 84' lang='grc' dir='ltr'><strong>τοῦτο</strong></span> <span class='ocrx_word' id='word_1_138' title='bbox 588 3075 691 3153; x_wconf 82' lang='grc' dir='ltr'><strong>πάσης</strong></span> <span class='ocrx_word' id='word_1_139' title='bbox 709 3068 865 3152; x_wconf 55' lang='lat' dir='ltr'><strong>etaetatis</strong></span> <span class='ocrx_word' id='word_1_140' title='bbox 882 3075 919 3141; x_wconf 74' lang='grc' dir='ltr'><strong>τὸ</strong></span> <span class='ocrx_word' id='word_1_141' title='bbox 936 3075 1030 3164; x_wconf 85' lang='grc' dir='ltr'><strong>πρόσ-</strong></span> 
     </span>
    </p>
   </div>
   <div class='ocr_carea' id='block_1_4' title="bbox 282 3207 376 3276">
    <p class='ocr_par' dir='ltr' id='par_1_6' title="bbox 282 3207 376 3276">
     <span class='ocr_line' id='line_1_24' title="bbox 282 3207 376 3276; baseline -0.021 0"><span class='ocrx_word' id='word_1_142' title='bbox 282 3207 376 3276; x_wconf 69' lang='lat' dir='ltr'><strong>snas·</strong></span> 
     </span>
    </p>
   </div>
   <div class='ocr_carea' id='block_1_5' title="bbox 1080 703 1846 3356">
    <p class='ocr_par' dir='ltr' id='par_1_7' title="bbox 1083 703 1828 1114">
     <span class='ocr_line' id='line_1_25' title="bbox 1083 703 1828 790; baseline 0.005 -21"><span class='ocrx_word' id='word_1_143' title='bbox 1083 703 1232 790; x_wconf 80' lang='lat' dir='ltr'><strong>tereipit3</strong></span> <span class='ocrx_word' id='word_1_144' title='bbox 1257 705 1309 770; x_wconf 87' lang='lat' dir='ltr'><strong>vel</strong></span> <span class='ocrx_word' id='word_1_145' title='bbox 1325 727 1366 770; x_wconf 86' lang='lat' dir='ltr'><strong>ex</strong></span> <span class='ocrx_word' id='word_1_146' title='bbox 1381 709 1453 770; x_wconf 92' lang='lat' dir='ltr'><strong>toto</strong></span> <span class='ocrx_word' id='word_1_147' title='bbox 1474 704 1681 790; x_wconf 76' lang='lat' dir='ltr'>conspicitur,</span> <span class='ocrx_word' id='word_1_148' title='bbox 1706 711 1744 772; x_wconf 93' lang='lat' dir='ltr'><strong>ut</strong></span> <span class='ocrx_word' id='word_1_149' title='bbox 1766 706 1828 773; x_wconf 92' lang='lat' dir='ltr'><strong>mi·</strong></span> 
     </span>
     <span class='ocr_line' id='line_1_26' title="bbox 1083 811 1827 898; baseline 0.001 -22"><span class='ocrx_word' id='word_1_150' title='bbox 1083 834 1163 877; x_wconf 86' lang='lat' dir='ltr'><strong>nora</strong></span> <span class='ocrx_word' id='word_1_151' title='bbox 1187 833 1340 897; x_wconf 85' lang='lat' dir='ltr'><strong>corpora,</strong></span> <span class='ocrx_word' id='word_1_152' title='bbox 1365 831 1589 897; x_wconf 87' lang='lat' dir='ltr'><strong>quaecumque</strong></span> <span class='ocrx_word' id='word_1_153' title='bbox 1612 811 1703 898; x_wconf 89' lang='lat' dir='ltr'><strong>puris</strong></span> <span class='ocrx_word' id='word_1_154' title='bbox 1726 811 1827 878; x_wconf 87' lang='lat' dir='ltr'><strong>oculis</strong></span> 
     </span>
     <span class='ocr_line' id='line_1_27' title="bbox 1083 919 1828 1004; baseline 0.003 -20"><span class='ocrx_word' id='word_1_155' title='bbox 1083 919 1319 1004; x_wconf 87' lang='lat' dir='ltr'><strong>percipiuntur.</strong></span> <span class='ocrx_word' id='word_1_156' title='bbox 1343 919 1506 998; x_wconf 87' lang='lat' dir='ltr'><strong>Neutrum</strong></span> <span class='ocrx_word' id='word_1_157' title='bbox 1522 943 1600 986; x_wconf 89' lang='lat' dir='ltr'><strong>vero</strong></span> <span class='ocrx_word' id='word_1_158' title='bbox 1618 922 1657 986; x_wconf 94' lang='lat' dir='ltr'><strong>de</strong></span> <span class='ocrx_word' id='word_1_159' title='bbox 1681 920 1751 986; x_wconf 92' lang='lat' dir='ltr'><strong>Deo</strong></span> <span class='ocrx_word' id='word_1_160' title='bbox 1774 942 1828 986; x_wconf 91' lang='lat' dir='ltr'><strong>co-</strong></span> 
     </span>
     <span class='ocr_line' id='line_1_28' title="bbox 1083 1027 1651 1114; baseline 0.002 -22"><span class='ocrx_word' id='word_1_161' title='bbox 1083 1027 1189 1114; x_wconf 87' lang='lat' dir='ltr'><strong>gitare</strong></span> <span class='ocrx_word' id='word_1_162' title='bbox 1213 1027 1281 1092; x_wconf 90' lang='lat' dir='ltr'><strong>sine</strong></span> <span class='ocrx_word' id='word_1_163' title='bbox 1305 1027 1507 1093; x_wconf 67' lang='lat' dir='ltr'><strong>absurditate</strong></span> <span class='ocrx_word' id='word_1_164' title='bbox 1531 1032 1651 1112; x_wconf 87' lang='lat' dir='ltr'><strong>potest.</strong></span> 
     </span>
    </p>

    <p class='ocr_par' dir='ltr' id='par_1_8' title="bbox 1082 1131 1846 1647">
     <span class='ocr_line' id='line_1_29' title="bbox 1128 1131 1828 1219; baseline 0 -21"><span class='ocrx_word' id='word_1_165' title='bbox 1128 1131 1162 1198; x_wconf 86' lang='lat' dir='ltr'><strong>si</strong></span> <span class='ocrx_word' id='word_1_166' title='bbox 1186 1132 1272 1198; x_wconf 90' lang='lat' dir='ltr'><strong>enim</strong></span> <span class='ocrx_word' id='word_1_167' title='bbox 1294 1133 1459 1218; x_wconf 86' lang='lat' dir='ltr'><strong>exaliqua</strong></span> <span class='ocrx_word' id='word_1_168' title='bbox 1476 1139 1569 1219; x_wconf 85' lang='lat' dir='ltr'><strong>parte</strong></span> <span class='ocrx_word' id='word_1_169' title='bbox 1587 1133 1740 1213; x_wconf 76' lang='lat' dir='ltr'><strong>cernitur,</strong></span> <span class='ocrx_word' id='word_1_170' title='bbox 1758 1156 1828 1199; x_wconf 93' lang='lat' dir='ltr'><strong>om·</strong></span> 
     </span>
     <span class='ocr_line' id='line_1_30' title="bbox 1083 1240 1826 1326; baseline 0.001 -20"><span class='ocrx_word' id='word_1_171' title='bbox 1083 1241 1161 1306; x_wconf 92' lang='lat' dir='ltr'><strong>nino</strong></span> <span class='ocrx_word' id='word_1_172' title='bbox 1178 1240 1371 1326; x_wconf 78' lang='lat' dir='ltr'>particulam</span> <span class='ocrx_word' id='word_1_173' title='bbox 1389 1240 1453 1306; x_wconf 89' lang='lat' dir='ltr'><strong>erit</strong></span> <span class='ocrx_word' id='word_1_174' title='bbox 1467 1240 1555 1306; x_wconf 89' lang='lat' dir='ltr'><strong>Deus</strong></span> <span class='ocrx_word' id='word_1_175' title='bbox 1572 1241 1676 1326; x_wconf 88' lang='lat' dir='ltr'><strong>partis</strong></span> <span class='ocrx_word' id='word_1_176' title='bbox 1692 1263 1826 1326; x_wconf 67' lang='grc' dir='ltr'><strong>οπμενος</strong></span> 
     </span>
     <span class='ocr_line' id='line_1_31' title="bbox 1082 1347 1846 1433; baseline 0.003 -21"><span class='ocrx_word' id='word_1_177' title='bbox 1082 1353 1177 1432; x_wconf 86' lang='lat' dir='ltr'><strong>parte</strong></span> <span class='ocrx_word' id='word_1_178' title='bbox 1190 1353 1300 1413; x_wconf 89' lang='lat' dir='ltr'><strong>autem</strong></span> <span class='ocrx_word' id='word_1_179' title='bbox 1313 1347 1444 1428; x_wconf 89' lang='lat' dir='ltr'><strong>divisus,</strong></span> <span class='ocrx_word' id='word_1_180' title='bbox 1458 1371 1590 1433; x_wconf 88' lang='lat' dir='ltr'><strong>prorsus</strong></span> <span class='ocrx_word' id='word_1_181' title='bbox 1603 1349 1643 1414; x_wconf 92' lang='lat' dir='ltr'><strong>ab</strong></span> <span class='ocrx_word' id='word_1_182' title='bbox 1656 1348 1827 1414; x_wconf 88' lang='lat' dir='ltr'><strong>immorta·</strong></span> <span class='ocrx_word' id='word_1_183' title='bbox 1843 1415 1846 1428; x_wconf 70' lang='grc'><strong>,</strong></span> 
     </span>
     <span class='ocr_line' id='line_1_32' title="bbox 1082 1453 1826 1542; baseline 0.001 -22"><span class='ocrx_word' id='word_1_184' title='bbox 1082 1453 1324 1542; x_wconf 85' lang='lat' dir='ltr'><strong>litatedecidet.</strong></span> <span class='ocrx_word' id='word_1_185' title='bbox 1337 1453 1500 1539; x_wconf 81' lang='lat' dir='ltr'><strong>Quidquid</strong></span> <span class='ocrx_word' id='word_1_186' title='bbox 1515 1455 1600 1520; x_wconf 88' lang='lat' dir='ltr'><strong>enim</strong></span> <span class='ocrx_word' id='word_1_187' title='bbox 1615 1455 1826 1541; x_wconf 78' lang='lat' dir='ltr'><strong>partitionem</strong></span> 
     </span>
     <span class='ocr_line' id='line_1_33' title="bbox 1082 1561 1827 1647; baseline 0.003 -21"><span class='ocrx_word' id='word_1_188' title='bbox 1082 1561 1218 1647; x_wconf 88' lang='lat' dir='ltr'><strong>petitur,</strong></span> <span class='ocrx_word' id='word_1_189' title='bbox 1235 1567 1322 1627; x_wconf 86' lang='lat' dir='ltr'><strong>stare</strong></span> <span class='ocrx_word' id='word_1_190' title='bbox 1340 1561 1375 1626; x_wconf 90' lang='lat' dir='ltr'><strong>in</strong></span> <span class='ocrx_word' id='word_1_191' title='bbox 1398 1561 1597 1628; x_wconf 80' lang='lat' dir='ltr'><strong>aeternitate</strong></span> <span class='ocrx_word' id='word_1_192' title='bbox 1617 1585 1683 1628; x_wconf 92' lang='lat' dir='ltr'><strong>non</strong></span> <span class='ocrx_word' id='word_1_193' title='bbox 1706 1566 1827 1647; x_wconf 89' lang='lat' dir='ltr'><strong>potest.</strong></span> 
     </span>
    </p>

    <p class='ocr_par' dir='ltr' id='par_1_9' title="bbox 1081 1668 1829 2080">
     <span class='ocr_line' id='line_1_34' title="bbox 1127 1668 1827 1755; baseline 0 -19"><span class='ocrx_word' id='word_1_194' title='bbox 1127 1668 1161 1736; x_wconf 81' lang='lat' dir='ltr'><strong>Si</strong></span> <span class='ocrx_word' id='word_1_195' title='bbox 1177 1669 1250 1755; x_wconf 88' lang='lat' dir='ltr'><strong>quis</strong></span> <span class='ocrx_word' id='word_1_196' title='bbox 1266 1692 1344 1736; x_wconf 89' lang='lat' dir='ltr'><strong>vero</strong></span> <span class='ocrx_word' id='word_1_197' title='bbox 1361 1670 1480 1736; x_wconf 85' lang='lat' dir='ltr'><strong>dixerit</strong></span> <span class='ocrx_word' id='word_1_198' title='bbox 1496 1671 1603 1736; x_wconf 88' lang='lat' dir='ltr'><strong>Deum</strong></span> <span class='ocrx_word' id='word_1_199' title='bbox 1621 1693 1660 1737; x_wconf 86' lang='lat' dir='ltr'><strong>ex</strong></span> <span class='ocrx_word' id='word_1_200' title='bbox 1675 1674 1748 1736; x_wconf 90' lang='lat' dir='ltr'><strong>toto</strong></span> <span class='ocrx_word' id='word_1_201' title='bbox 1763 1670 1827 1736; x_wconf 89' lang='lat' dir='ltr'><strong>cir·</strong></span> 
     </span>
     <span class='ocr_line' id='line_1_35' title="bbox 1082 1777 1829 1864; baseline -0.004 -19"><span class='ocrx_word' id='word_1_202' title='bbox 1082 1777 1248 1864; x_wconf 87' lang='lat' dir='ltr'><strong>cumspici‚</strong></span> <span class='ocrx_word' id='word_1_203' title='bbox 1262 1777 1542 1845; x_wconf 85' lang='lat' dir='ltr'><strong>circumscribetur</strong></span> <span class='ocrx_word' id='word_1_204' title='bbox 1556 1777 1762 1864; x_wconf 89' lang='lat' dir='ltr'><strong>peripheriae</strong></span> <span class='ocrx_word' id='word_1_205' title='bbox 1776 1799 1829 1843; x_wconf 87' lang='lat' dir='ltr'><strong>ex·</strong></span> 
     </span>
     <span class='ocr_line' id='line_1_36' title="bbox 1082 1885 1828 1972; baseline -0.001 -19"><span class='ocrx_word' id='word_1_206' title='bbox 1082 1908 1166 1972; x_wconf 76' lang='lat' dir='ltr'><strong>pers,</strong></span> <span class='ocrx_word' id='word_1_207' title='bbox 1192 1891 1226 1952; x_wconf 90' lang='lat' dir='ltr'><strong>et</strong></span> <span class='ocrx_word' id='word_1_208' title='bbox 1247 1886 1283 1950; x_wconf 93' lang='lat' dir='ltr'><strong>in</strong></span> <span class='ocrx_word' id='word_1_209' title='bbox 1306 1885 1417 1972; x_wconf 79' lang='lat' dir='ltr'><strong>aliqua</strong></span> <span class='ocrx_word' id='word_1_210' title='bbox 1440 1887 1615 1954; x_wconf 82' lang='lat' dir='ltr'><strong>creationis</strong></span> <span class='ocrx_word' id='word_1_211' title='bbox 1632 1891 1726 1972; x_wconf 86' lang='lat' dir='ltr'><strong>parte</strong></span> <span class='ocrx_word' id='word_1_212' title='bbox 1751 1909 1828 1952; x_wconf 89' lang='lat' dir='ltr'><strong>oon·</strong></span> 
     </span>
     <span class='ocr_line' id='line_1_37' title="bbox 1081 1994 1307 2080; baseline 0 -21"><span class='ocrx_word' id='word_1_213' title='bbox 1081 1996 1210 2080; x_wconf 88' lang='lat' dir='ltr'><strong>spicuus</strong></span> <span class='ocrx_word' id='word_1_214' title='bbox 1234 1994 1307 2059; x_wconf 90' lang='lat' dir='ltr'><strong>erit.</strong></span> 
     </span>
    </p>

    <p class='ocr_par' dir='ltr' id='par_1_10' title="bbox 1080 2101 1829 3356">
     <span class='ocr_line' id='line_1_38' title="bbox 1128 2101 1828 2188; baseline 0.001 -21"><span class='ocrx_word' id='word_1_215' title='bbox 1128 2101 1311 2185; x_wconf 90' lang='lat' dir='ltr'><strong>Utrumque</strong></span> <span class='ocrx_word' id='word_1_216' title='bbox 1335 2101 1374 2166; x_wconf 92' lang='lat' dir='ltr'><strong>de</strong></span> <span class='ocrx_word' id='word_1_217' title='bbox 1399 2102 1468 2168; x_wconf 90' lang='lat' dir='ltr'><strong>Deo</strong></span> <span class='ocrx_word' id='word_1_218' title='bbox 1492 2101 1670 2188; x_wconf 81' lang='lat' dir='ltr'><strong>imaginari</strong></span> <span class='ocrx_word' id='word_1_219' title='bbox 1690 2102 1828 2187; x_wconf 91' lang='lat' dir='ltr'><strong>impium</strong></span> 
     </span>
     <span class='ocr_line' id='line_1_39' title="bbox 1081 2209 1829 2294; baseline -0.001 -19"><span class='ocrx_word' id='word_1_220' title='bbox 1081 2215 1150 2288; x_wconf 88' lang='lat' dir='ltr'><strong>est;</strong></span> <span class='ocrx_word' id='word_1_221' title='bbox 1174 2231 1280 2293; x_wconf 90' lang='lat' dir='ltr'><strong>neque</strong></span> <span class='ocrx_word' id='word_1_222' title='bbox 1304 2209 1339 2273; x_wconf 94' lang='lat' dir='ltr'><strong>in</strong></span> <span class='ocrx_word' id='word_1_223' title='bbox 1363 2213 1445 2288; x_wconf 76' lang='lat' dir='ltr'><strong>toto,</strong></span> <span class='ocrx_word' id='word_1_224' title='bbox 1470 2231 1576 2294; x_wconf 87' lang='lat' dir='ltr'><strong>neque</strong></span> <span class='ocrx_word' id='word_1_225' title='bbox 1601 2233 1641 2275; x_wconf 83' lang='lat' dir='ltr'><strong>ex</strong></span> <span class='ocrx_word' id='word_1_226' title='bbox 1661 2215 1755 2294; x_wconf 85' lang='lat' dir='ltr'><strong>parte</strong></span> <span class='ocrx_word' id='word_1_227' title='bbox 1779 2209 1829 2274; x_wconf 86' lang='lat' dir='ltr'><strong>fas</strong></span> 
     </span>
     <span class='ocr_line' id='line_1_40' title="bbox 1082 2317 1828 2404; baseline -0.001 -21"><span class='ocrx_word' id='word_1_228' title='bbox 1082 2325 1131 2383; x_wconf 90' lang='lat' dir='ltr'><strong>est</strong></span> <span class='ocrx_word' id='word_1_229' title='bbox 1158 2341 1233 2384; x_wconf 88' lang='lat' dir='ltr'><strong>eum</strong></span> <span class='ocrx_word' id='word_1_230' title='bbox 1264 2317 1489 2404; x_wconf 81' lang='lat' dir='ltr'><strong>contemplari.</strong></span> <span class='ocrx_word' id='word_1_231' title='bbox 1523 2318 1635 2384; x_wconf 86' lang='lat' dir='ltr'><strong>Palam</strong></span> <span class='ocrx_word' id='word_1_232' title='bbox 1667 2340 1746 2404; x_wconf 86' lang='lat' dir='ltr'><strong>ergo</strong></span> <span class='ocrx_word' id='word_1_233' title='bbox 1779 2323 1828 2383; x_wconf 92' lang='lat' dir='ltr'><strong>est</strong></span> 
     </span>
     <span class='ocr_line' id='line_1_41' title="bbox 1082 2426 1828 2512; baseline 0 -20"><span class='ocrx_word' id='word_1_234' title='bbox 1082 2427 1169 2512; x_wconf 90' lang='lat' dir='ltr'><strong>qnod</strong></span> <span class='ocrx_word' id='word_1_235' title='bbox 1193 2426 1292 2492; x_wconf 90' lang='lat' dir='ltr'><strong>series</strong></span> <span class='ocrx_word' id='word_1_236' title='bbox 1309 2427 1546 2511; x_wconf 88' lang='lat' dir='ltr'><strong>prophetarum</strong></span> <span class='ocrx_word' id='word_1_237' title='bbox 1563 2449 1731 2512; x_wconf 86' lang='lat' dir='ltr'><strong>nunquam</strong></span> <span class='ocrx_word' id='word_1_238' title='bbox 1756 2449 1828 2492; x_wconf 89' lang='lat' dir='ltr'><strong>sen·</strong></span> 
     </span>
     <span class='ocr_line' id='line_1_42' title="bbox 1082 2534 1824 2613; baseline -0.001 -12"><span class='ocrx_word' id='word_1_239' title='bbox 1082 2537 1170 2602; x_wconf 89' lang='lat' dir='ltr'><strong>sibus</strong></span> <span class='ocrx_word' id='word_1_240' title='bbox 1181 2535 1304 2602; x_wconf 87' lang='lat' dir='ltr'><strong>intuita</strong></span> <span class='ocrx_word' id='word_1_241' title='bbox 1317 2540 1366 2600; x_wconf 90' lang='lat' dir='ltr'><strong>est</strong></span> <span class='ocrx_word' id='word_1_242' title='bbox 1376 2534 1468 2600; x_wconf 85' lang='lat' dir='ltr'><strong>illam</strong></span> <span class='ocrx_word' id='word_1_243' title='bbox 1485 2535 1658 2602; x_wconf 84' lang='lat' dir='ltr'><strong>essentiam</strong></span> <span class='ocrx_word' id='word_1_244' title='bbox 1671 2535 1824 2613; x_wconf 81' lang='lat' dir='ltr'><strong>divinam,</strong></span> 
     </span>
     <span class='ocr_line' id='line_1_43' title="bbox 1080 2641 1826 2728; baseline -0.003 -19"><span class='ocrx_word' id='word_1_245' title='bbox 1080 2642 1289 2722; x_wconf 79' lang='lat' dir='ltr'><strong>invisibilem,</strong></span> <span class='ocrx_word' id='word_1_246' title='bbox 1302 2643 1358 2708; x_wconf 89' lang='lat' dir='ltr'><strong>sed</strong></span> <span class='ocrx_word' id='word_1_247' title='bbox 1371 2647 1500 2708; x_wconf 84' lang='lat' dir='ltr'><strong>tantum</strong></span> <span class='ocrx_word' id='word_1_248' title='bbox 1512 2643 1692 2728; x_wconf 81' lang='lat' dir='ltr'><strong>imaginem</strong></span> <span class='ocrx_word' id='word_1_249' title='bbox 1706 2665 1745 2708; x_wconf 84' lang='lat' dir='ltr'><strong>ex</strong></span> <span class='ocrx_word' id='word_1_250' title='bbox 1761 2641 1826 2707; x_wconf 91' lang='lat' dir='ltr'><strong>dis·</strong></span> 
     </span>
     <span class='ocr_line' id='line_1_44' title="bbox 1081 2747 1826 2840; baseline -0.003 -25"><span class='ocrx_word' id='word_1_251' title='bbox 1081 2748 1273 2835; x_wconf 85' lang='lat' dir='ltr'><strong>pensatione</strong></span> <span class='ocrx_word' id='word_1_252' title='bbox 1297 2748 1484 2833; x_wconf 81' lang='lat' dir='ltr'><strong>figuratam.</strong></span> <span class='ocrx_word' id='word_1_253' title='bbox 1509 2747 1543 2814; x_wconf 86' lang='lat' dir='ltr'><strong>Si</strong></span> <span class='ocrx_word' id='word_1_254' title='bbox 1567 2748 1653 2814; x_wconf 88' lang='lat' dir='ltr'><strong>enim</strong></span> <span class='ocrx_word' id='word_1_255' title='bbox 1674 2753 1826 2840; x_wconf 80' lang='lat' dir='ltr'><strong>naturam</strong></span> 
     </span>
     <span class='ocr_line' id='line_1_45' title="bbox 1082 2857 1827 2942; baseline -0.003 -18"><span class='ocrx_word' id='word_1_256' title='bbox 1082 2858 1142 2924; x_wconf 89' lang='lat' dir='ltr'><strong>Dei</strong></span> <span class='ocrx_word' id='word_1_257' title='bbox 1169 2857 1336 2938; x_wconf 83' lang='lat' dir='ltr'><strong>vidissent,</strong></span> <span class='ocrx_word' id='word_1_258' title='bbox 1355 2879 1456 2942; x_wconf 92' lang='lat' dir='ltr'><strong>quum</strong></span> <span class='ocrx_word' id='word_1_259' title='bbox 1472 2880 1538 2922; x_wconf 85' lang='lat' dir='ltr'><strong>una</strong></span> <span class='ocrx_word' id='word_1_260' title='bbox 1554 2857 1607 2936; x_wconf 84' lang='lat' dir='ltr'><strong>sit,</strong></span> <span class='ocrx_word' id='word_1_261' title='bbox 1631 2879 1695 2923; x_wconf 93' lang='lat' dir='ltr'><strong>non</strong></span> <span class='ocrx_word' id='word_1_262' title='bbox 1721 2857 1827 2922; x_wconf 92' lang='lat' dir='ltr'><strong>diver·</strong></span> 
     </span>
     <span class='ocr_line' id='line_1_46' title="bbox 1082 2965 1827 3052; baseline -0.004 -20"><span class='ocrx_word' id='word_1_263' title='bbox 1082 2966 1206 3032; x_wconf 91' lang='lat' dir='ltr'><strong>simode</strong></span> <span class='ocrx_word' id='word_1_264' title='bbox 1222 2965 1392 3052; x_wconf 77' lang='lat' dir='ltr'><strong>patuisset,</strong></span> <span class='ocrx_word' id='word_1_265' title='bbox 1407 2966 1488 3032; x_wconf 87' lang='lat' dir='ltr'><strong>adeo</strong></span> <span class='ocrx_word' id='word_1_266' title='bbox 1500 2971 1539 3031; x_wconf 95' lang='lat' dir='ltr'><strong>ut</strong></span> <span class='ocrx_word' id='word_1_267' title='bbox 1554 2965 1645 3031; x_wconf 86' lang='lat' dir='ltr'><strong>nulla</strong></span> <span class='ocrx_word' id='word_1_268' title='bbox 1662 2965 1827 3031; x_wconf 87' lang='lat' dir='ltr'><strong>ullatenus</strong></span> 
     </span>
     <span class='ocr_line' id='line_1_47' title="bbox 1081 3072 1826 3151; baseline -0.005 -11"><span class='ocrx_word' id='word_1_269' title='bbox 1081 3097 1190 3142; x_wconf 85' lang='lat' dir='ltr'><strong>rerum</strong></span> <span class='ocrx_word' id='word_1_270' title='bbox 1206 3073 1385 3139; x_wconf 85' lang='lat' dir='ltr'><strong>visibilium</strong></span> <span class='ocrx_word' id='word_1_271' title='bbox 1402 3073 1445 3138; x_wconf 91' lang='lat' dir='ltr'><strong>sit</strong></span> <span class='ocrx_word' id='word_1_272' title='bbox 1460 3072 1606 3138; x_wconf 85' lang='lat' dir='ltr'><strong>divinum</strong></span> <span class='ocrx_word' id='word_1_273' title='bbox 1622 3094 1753 3151; x_wconf 82' lang='lat' dir='ltr'><strong>numen,</strong></span> <span class='ocrx_word' id='word_1_274' title='bbox 1775 3077 1826 3137; x_wconf 90' lang='lat' dir='ltr'><strong>ut·</strong></span> 
     </span>
     <span class='ocr_line' id='line_1_48' title="bbox 1081 3179 1826 3269; baseline -0.004 -21"><span class='ocrx_word' id='word_1_275' title='bbox 1081 3186 1158 3269; x_wconf 88' lang='lat' dir='ltr'><strong>pote</strong></span> <span class='ocrx_word' id='word_1_276' title='bbox 1181 3181 1357 3261; x_wconf 85' lang='lat' dir='ltr'><strong>invisibile,</strong></span> <span class='ocrx_word' id='word_1_277' title='bbox 1374 3185 1408 3248; x_wconf 91' lang='lat' dir='ltr'><strong>et</strong></span> <span class='ocrx_word' id='word_1_278' title='bbox 1423 3181 1485 3248; x_wconf 93' lang='lat' dir='ltr'><strong>hoc</strong></span> <span class='ocrx_word' id='word_1_279' title='bbox 1501 3185 1551 3248; x_wconf 90' lang='lat' dir='ltr'><strong>est</strong></span> <span class='ocrx_word' id='word_1_280' title='bbox 1571 3180 1674 3248; x_wconf 87' lang='lat' dir='ltr'><strong>totius</strong></span> <span class='ocrx_word' id='word_1_281' title='bbox 1690 3179 1826 3266; x_wconf 82' lang='lat' dir='ltr'><strong>religio·</strong></span> 
     </span>
     <span class='ocr_line' id='line_1_49' title="bbox 1083 3289 1302 3356; baseline 0 -2"><span class='ocrx_word' id='word_1_282' title='bbox 1083 3289 1133 3354; x_wconf 91' lang='lat' dir='ltr'><strong>nia</strong></span> <span class='ocrx_word' id='word_1_283' title='bbox 1156 3290 1302 3356; x_wconf 85' lang='lat' dir='ltr'><strong>effatum.</strong></span> 
     </span>
    </p>
   </div>
   <div class='ocr_carea' id='block_1_6' title="bbox 390 3783 1584 3926">
    <p class='ocr_par' dir='ltr' id='par_1_11' title="bbox 390 3783 1584 3926">
     <span class='ocr_line' id='line_1_50' title="bbox 390 3783 1584 3926; baseline -0.009 0"><span class='ocrx_word' id='word_1_284' title='bbox 390 3847 391 3852; x_wconf 54' lang='lat'>‘</span> <span class='ocrx_word' id='word_1_285' title='bbox 523 3790 940 3926; x_wconf 76' lang='lat' dir='ltr'>SANCTUS</span> <span class='ocrx_word' id='word_1_286' title='bbox 998 3783 1584 3920; x_wconf 77' lang='lat' dir='ltr'>EPIPHANIUS</span> 
     </span>
    </p>
   </div>
   <div class='ocr_carea' id='block_1_7' title="bbox 324 4461 1826 4571">
    <p class='ocr_par' dir='ltr' id='par_1_12' title="bbox 324 4461 1826 4571">
     <span class='ocr_line' id='line_1_51' title="bbox 324 4461 1826 4571; baseline -0.011 -25"><span class='ocrx_word' id='word_1_287' title='bbox 324 4486 379 4546; x_wconf 83' lang='grc' dir='ltr'><strong>Ἐκ</strong></span> <span class='ocrx_word' id='word_1_288' title='bbox 403 4492 461 4558; x_wconf 86' lang='grc' dir='ltr'><strong>τῆς</strong></span> <span class='ocrx_word' id='word_1_289' title='bbox 485 4479 655 4571; x_wconf 82' lang='grc' dir='ltr'><strong>γραφείσης</strong></span> <span class='ocrx_word' id='word_1_290' title='bbox 679 4482 752 4567; x_wconf 87' lang='grc' dir='ltr'><strong>παρ’</strong></span> <span class='ocrx_word' id='word_1_291' title='bbox 778 4479 871 4542; x_wconf 88' lang='grc' dir='ltr'><strong>αὐτοῦ</strong></span> <span class='ocrx_word' id='word_1_292' title='bbox 896 4477 1064 4549; x_wconf 79' lang='grc' dir='ltr'><strong>ἐπιστολῆς</strong></span> <span class='ocrx_word' id='word_1_293' title='bbox 1087 4473 1163 4561; x_wconf 83' lang='grc' dir='ltr'><strong>πρὸς</strong></span> <span class='ocrx_word' id='word_1_294' title='bbox 1186 4471 1258 4547; x_wconf 83' lang='grc' dir='ltr'><strong>τοὺς</strong></span> <span class='ocrx_word' id='word_1_295' title='bbox 1283 4475 1314 4537; x_wconf 86' lang='grc' dir='ltr'><strong>ἑν</strong></span> <span class='ocrx_word' id='word_1_296' title='bbox 1339 4461 1503 4561; x_wconf 70' lang='grc' dir='ltr'><strong>συνέδροις,</strong></span> <span class='ocrx_word' id='word_1_297' title='bbox 1528 4467 1597 4558; x_wconf 79' lang='grc' dir='ltr'><strong>περὶ</strong></span> <span class='ocrx_word' id='word_1_298' title='bbox 1628 4467 1748 4556; x_wconf 82' lang='grc' dir='ltr'><strong>Πατρθς</strong></span> <span class='ocrx_word' id='word_1_299' title='bbox 1773 4466 1826 4531; x_wconf 83' lang='grc' dir='ltr'><strong>καί</strong></span> 
     </span>
    </p>
   </div>
   <div class='ocr_carea' id='block_1_8' title="bbox 279 4584 797 4679">
    <p class='ocr_par' dir='ltr' id='par_1_13' title="bbox 279 4584 797 4679">
     <span class='ocr_line' id='line_1_52' title="bbox 279 4584 797 4679; baseline -0.004 -25"><span class='ocrx_word' id='word_1_300' title='bbox 279 4595 350 4654; x_wconf 70' lang='lat' dir='ltr'><strong>ruo</strong></span> <span class='ocrx_word' id='word_1_301' title='bbox 375 4590 428 4654; x_wconf 83' lang='grc' dir='ltr'><strong>καί</strong></span> <span class='ocrx_word' id='word_1_302' title='bbox 453 4590 541 4679; x_wconf 88' lang='grc' dir='ltr'><strong>άγίου</strong></span> <span class='ocrx_word' id='word_1_303' title='bbox 566 4584 797 4676; x_wconf 64' lang='grc' dir='ltr'><strong>ΠνεὺματοςἿ.</strong></span> 
     </span>
    </p>
   </div>
   <div class='ocr_carea' id='block_1_9' title="bbox 322 4683 1825 4782">
    <p class='ocr_par' dir='ltr' id='par_1_14' title="bbox 322 4683 1825 4782">
     <span class='ocr_line' id='line_1_53' title="bbox 322 4683 1825 4782; baseline -0.011 -17"><span class='ocrx_word' id='word_1_304' title='bbox 322 4700 378 4766; x_wconf 84' lang='grc' dir='ltr'><strong>Ειι</strong></span> <span class='ocrx_word' id='word_1_305' title='bbox 400 4701 470 4782; x_wconf 76' lang='lat' dir='ltr'><strong>ejice</strong></span> <span class='ocrx_word' id='word_1_306' title='bbox 492 4698 626 4781; x_wconf 83' lang='lat' dir='ltr'><strong>epistola</strong></span> <span class='ocrx_word' id='word_1_307' title='bbox 650 4694 837 4780; x_wconf 82' lang='lat' dir='ltr'><strong>scriptaad</strong></span> <span class='ocrx_word' id='word_1_308' title='bbox 860 4691 993 4776; x_wconf 75' lang='lat' dir='ltr'><strong>eosqui</strong></span> <span class='ocrx_word' id='word_1_309' title='bbox 1016 4696 1092 4758; x_wconf 83' lang='lat' dir='ltr'><strong>sunt</strong></span> <span class='ocrx_word' id='word_1_310' title='bbox 1115 4690 1152 4756; x_wconf 87' lang='grc' dir='ltr'><strong>ιἰι</strong></span> <span class='ocrx_word' id='word_1_311' title='bbox 1167 4688 1310 4774; x_wconf 77' lang='lat' dir='ltr'><strong>synodis,</strong></span> <span class='ocrx_word' id='word_1_312' title='bbox 1336 4685 1374 4753; x_wconf 85' lang='lat' dir='ltr'><strong>de</strong></span> <span class='ocrx_word' id='word_1_313' title='bbox 1389 4685 1488 4753; x_wconf 81' lang='lat' dir='ltr'><strong>Patro</strong></span> <span class='ocrx_word' id='word_1_314' title='bbox 1511 4690 1541 4751; x_wconf 85' lang='lat' dir='ltr'><strong>et</strong></span> <span class='ocrx_word' id='word_1_315' title='bbox 1564 4683 1654 4751; x_wconf 85' lang='lat' dir='ltr'><strong>Filio</strong></span> <span class='ocrx_word' id='word_1_316' title='bbox 1670 4690 1700 4750; x_wconf 86' lang='lat' dir='ltr'><strong>et</strong></span> <span class='ocrx_word' id='word_1_317' title='bbox 1717 4689 1825 4751; x_wconf 82' lang='lat' dir='ltr'><strong>sancto</strong></span> 
     </span>
    </p>
   </div>
   <div class='ocr_carea' id='block_1_10' title="bbox 280 4805 1027 5219">
    <p class='ocr_par' dir='ltr' id='par_1_15' title="bbox 280 4805 1027 5219">
     <span class='ocr_line' id='line_1_54' title="bbox 280 4805 420 4890; baseline -0.014 -16"><span class='ocrx_word' id='word_1_318' title='bbox 280 4805 420 4890; x_wconf 78' lang='lat' dir='ltr'><strong>Spiritu.</strong></span> 
     </span>
     <span class='ocr_line' id='line_1_55' title="bbox 324 5016 1026 5110; baseline -0.01 -23"><span class='ocrx_word' id='word_1_319' title='bbox 324 5021 444 5096; x_wconf 85' lang='grc' dir='ltr'><strong>Θεότης</strong></span> <span class='ocrx_word' id='word_1_320' title='bbox 468 5021 525 5110; x_wconf 88' lang='grc' dir='ltr'><strong>μία</strong></span> <span class='ocrx_word' id='word_1_321' title='bbox 549 5021 580 5085; x_wconf 89' lang='grc' dir='ltr'><strong>ἐν</strong></span> <span class='ocrx_word' id='word_1_322' title='bbox 605 5026 719 5084; x_wconf 82' lang='grc' dir='ltr'><strong>Μοϋσεῒ</strong></span> <span class='ocrx_word' id='word_1_323' title='bbox 740 5016 881 5107; x_wconf 89' lang='grc' dir='ltr'><strong>μάλιστα</strong></span> <span class='ocrx_word' id='word_1_324' title='bbox 905 5039 1026 5108; x_wconf 85' lang='grc' dir='ltr'><strong>καταγ-</strong></span> 
     </span>
     <span class='ocr_line' id='line_1_56' title="bbox 280 5116 1027 5219; baseline -0.009 -25"><span class='ocrx_word' id='word_1_325' title='bbox 280 5130 439 5219; x_wconf 80' lang='grc' dir='ltr'><strong>γέλλεται,</strong></span> <span class='ocrx_word' id='word_1_326' title='bbox 456 5119 530 5203; x_wconf 80' lang='grc' dir='ltr'><strong>θοάς</strong></span> <span class='ocrx_word' id='word_1_327' title='bbox 546 5118 580 5193; x_wconf 83' lang='grc' dir='ltr'><strong>δέ</strong></span> <span class='ocrx_word' id='word_1_328' title='bbox 596 5129 627 5192; x_wconf 85' lang='grc' dir='ltr'><strong>έν</strong></span> <span class='ocrx_word' id='word_1_329' title='bbox 643 5127 818 5216; x_wconf 81' lang='grc' dir='ltr'><strong>προφήταις</strong></span> <span class='ocrx_word' id='word_1_330' title='bbox 835 5116 954 5214; x_wconf 74' lang='grc' dir='ltr'><strong>σφόδρα</strong></span> <span class='ocrx_word' id='word_1_331' title='bbox 970 5147 1027 5197; x_wconf 82' lang='grc' dir='ltr'><strong>κη-</strong></span> 
     </span>
    </p>
   </div>
   <div class='ocr_carea' id='block_1_11' title="bbox 315 5285 1023 5452">
    <p class='ocr_par' dir='ltr' id='par_1_16' title="bbox 315 5285 1023 5452">
     <span class='ocr_line' id='line_1_57' title="bbox 319 5285 593 5356; baseline -0.004 -13"><span class='ocrx_word' id='word_1_332' title='bbox 319 5285 341 5356; x_wconf 84' lang='grc' dir='ltr'><strong>ι)</strong></span> <span class='ocrx_word' id='word_1_333' title='bbox 359 5285 439 5343; x_wconf 77' lang='lat' dir='ltr'><strong>Fort.</strong></span> <span class='ocrx_word' id='word_1_334' title='bbox 459 5287 503 5355; x_wconf 80' lang='grc' dir='ltr'><strong>οὐχ</strong></span> <span class='ocrx_word' id='word_1_335' title='bbox 522 5289 593 5347; x_wconf 79' lang='grc' dir='ltr'><strong>ὅλως.</strong></span> 
     </span>
     <span class='ocr_line' id='line_1_58' title="bbox 315 5373 1023 5452; baseline -0.008 -16"><span class='ocrx_word' id='word_1_336' title='bbox 315 5379 338 5452; x_wconf 82' lang='lat'><strong>²)</strong></span> <span class='ocrx_word' id='word_1_337' title='bbox 358 5375 479 5436; x_wconf 73' lang='lat' dir='ltr'><strong>coislin.</strong></span> <span class='ocrx_word' id='word_1_338' title='bbox 497 5375 548 5433; x_wconf 78' lang='lat' dir='ltr'><strong>tol.</strong></span> <span class='ocrx_word' id='word_1_339' title='bbox 567 5375 611 5432; x_wconf 72' lang='lat'><strong>26.</strong></span> <span class='ocrx_word' id='word_1_340' title='bbox 634 5374 718 5434; x_wconf 89' lang='lat' dir='ltr'><strong>Inter</strong></span> <span class='ocrx_word' id='word_1_341' title='bbox 742 5373 898 5433; x_wconf 84' lang='lat' dir='ltr'><strong>innumera</strong></span> <span class='ocrx_word' id='word_1_342' title='bbox 922 5390 1023 5448; x_wconf 83' lang='lat' dir='ltr'><strong>opera,</strong></span> 
     </span>
    </p>
   </div>
   <div class='ocr_carea' id='block_1_12' title="bbox 1079 5005 1825 5200">
    <p class='ocr_par' dir='ltr' id='par_1_17' title="bbox 1079 5005 1825 5200">
     <span class='ocr_line' id='line_1_59' title="bbox 1123 5005 1825 5095; baseline -0.013 -15"><span class='ocrx_word' id='word_1_343' title='bbox 1123 5011 1237 5080; x_wconf 85' lang='lat' dir='ltr'><strong>Deitas</strong></span> <span class='ocrx_word' id='word_1_344' title='bbox 1260 5033 1325 5076; x_wconf 88' lang='lat' dir='ltr'><strong>una</strong></span> <span class='ocrx_word' id='word_1_345' title='bbox 1341 5008 1429 5095; x_wconf 88' lang='lat' dir='ltr'><strong>apud</strong></span> <span class='ocrx_word' id='word_1_346' title='bbox 1445 5007 1581 5094; x_wconf 87' lang='lat' dir='ltr'><strong>Moysen</strong></span> <span class='ocrx_word' id='word_1_347' title='bbox 1597 5012 1668 5073; x_wconf 92' lang='lat' dir='ltr'><strong>tum</strong></span> <span class='ocrx_word' id='word_1_348' title='bbox 1684 5005 1825 5071; x_wconf 84' lang='lat' dir='ltr'><strong>maxime</strong></span> 
     </span>
     <span class='ocr_line' id='line_1_60' title="bbox 1079 5113 1825 5200; baseline -0.016 -10"><span class='ocrx_word' id='word_1_349' title='bbox 1079 5122 1311 5198; x_wconf 62' lang='lat' dir='ltr'><strong>annuntiatum</strong></span> <span class='ocrx_word' id='word_1_350' title='bbox 1333 5116 1473 5183; x_wconf 84' lang='lat' dir='ltr'><strong>dualitas</strong></span> <span class='ocrx_word' id='word_1_351' title='bbox 1496 5115 1630 5182; x_wconf 88' lang='lat' dir='ltr'><strong>veroin</strong></span> <span class='ocrx_word' id='word_1_352' title='bbox 1653 5113 1825 5200; x_wconf 90' lang='lat' dir='ltr'><strong>prophetis</strong></span> 
     </span>
    </p>
   </div>
   <div class='ocr_carea' id='block_1_13' title="bbox 1079 5257 1825 5444">
    <p class='ocr_par' dir='ltr' id='par_1_18' title="bbox 1079 5257 1825 5444">
     <span class='ocr_line' id='line_1_61' title="bbox 1079 5257 1823 5352; baseline -0.016 -15"><span class='ocrx_word' id='word_1_353' title='bbox 1079 5280 1144 5338; x_wconf 84' lang='lat' dir='ltr'><strong>sive</strong></span> <span class='ocrx_word' id='word_1_354' title='bbox 1158 5275 1296 5352; x_wconf 81' lang='lat' dir='ltr'><strong>genuina,</strong></span> <span class='ocrx_word' id='word_1_355' title='bbox 1308 5273 1373 5334; x_wconf 84' lang='lat' dir='ltr'><strong>sive</strong></span> <span class='ocrx_word' id='word_1_356' title='bbox 1386 5272 1496 5347; x_wconf 78' lang='lat' dir='ltr'><strong>spuria,</strong></span> <span class='ocrx_word' id='word_1_357' title='bbox 1506 5270 1673 5345; x_wconf 74' lang='lat' dir='ltr'><strong>Epiphanio</strong></span> <span class='ocrx_word' id='word_1_358' title='bbox 1686 5257 1823 5344; x_wconf 77' lang='lat' dir='ltr'><strong>ascripta,</strong></span> 
     </span>
     <span class='ocr_line' id='line_1_62' title="bbox 1080 5360 1825 5444; baseline -0.017 -16"><span class='ocrx_word' id='word_1_359' title='bbox 1080 5371 1116 5428; x_wconf 87' lang='lat' dir='ltr'><strong>de</strong></span> <span class='ocrx_word' id='word_1_360' title='bbox 1135 5367 1243 5444; x_wconf 88' lang='lat' dir='ltr'><strong>quibus</strong></span> <span class='ocrx_word' id='word_1_361' title='bbox 1262 5365 1350 5423; x_wconf 88' lang='lat' dir='ltr'><strong>multi</strong></span> <span class='ocrx_word' id='word_1_362' title='bbox 1369 5365 1465 5422; x_wconf 85' lang='lat' dir='ltr'><strong>multa</strong></span> <span class='ocrx_word' id='word_1_363' title='bbox 1482 5362 1647 5436; x_wconf 83' lang='lat' dir='ltr'><strong>scripsere,</strong></span> <span class='ocrx_word' id='word_1_364' title='bbox 1668 5378 1755 5417; x_wconf 89' lang='lat' dir='ltr'><strong>nemo</strong></span> <span class='ocrx_word' id='word_1_365' title='bbox 1773 5360 1825 5416; x_wconf 90' lang='lat' dir='ltr'><strong>ho·</strong></span> 
     </span>
    </p>
   </div>
   <div class='ocr_carea' id='block_1_14' title="bbox 0 0 2016 6070">
    <p class='ocr_par' dir='ltr' id='par_1_19' title="bbox 0 0 2016 6070">
     <span class='ocr_line' id='line_1_63' title="bbox 0 0 2016 6070; baseline 0 0"><span class='ocrx_word' id='word_1_366' title='bbox 0 0 2016 6070; x_wconf 95' lang='lat' dir='ltr'><strong> </strong></span> 
     </span>
    </p>
   </div>
  </div>
 </body>
</html>
