4006 6074
251 557 289 615 συ
835 547 1001 662 Numenii
1019 549 1214 642 οοιιίιάιιῖὶο.

253 713 291 786 δι’
315 717 500 810 ἀπορρήτων
523 709 603 803 ᾅδην
627 718 682 784 τόν
705 713 860 810 γαλαξίαν
878 720 930 784 καί
945 721 1042 787 τόπον
1059 717 1165 812 ψυχῶν
1189 725 1371 806 ἀποκαλεῖν,
1396 727 1435 800 ὡς
1458 725 1525 789 ἐκεῖ
1547 721 1798 812 συνωθουμένων·

252 821 300 895 διδ
315 829 402 920 παρά
417 853 497 894 τισιν
514 828 629 894 ἔθνεσιν
653 827 738 919 γάλα
762 821 947 894 σπένδεσθαι
971 841 1037 906 τοῖς
1061 829 1139 906 θεοῖς
1158 841 1223 908 τοῖς
1246 841 1310 896 τῶν
1334 826 1440 922 ψυχῶν
1457 829 1637 922 καθάρταις,
1661 832 1715 897 καὶ
1738 841 1801 897 τῶν

250 947 411 1004 πεσουσῶν
436 942 478 1014 εἰς
500 937 620 1028 γένεσιν
644 930 722 1002 εἶναι
737 936 823 1028 γάλα
838 937 898 1010 τὴν
915 936 1044 1028 πρώτην
1059 938 1188 1028 τροφήν·
1204 939 1259 1002 τόν
1278 929 1312 1002 δὲ
1331 929 1369 1012 δὴ
1393 938 1559 1015 Πλάτωνα,
1584 929 1635 1004 διά
1659 938 1714 1027 μὲν
1738 949 1801 1004 τῶν

251 1046 427 1136 χασμάτων
439 1045 476 1134 ι),
492 1050 532 1121 ὡς
550 1046 681 1136 εἴρηται,
707 1037 821 1120 δηλοῦν
839 1045 895 1123 τάς
913 1037 967 1112 δύο
982 1046 1091 1122 πύλας·
1109 1038 1162 1113 διά
1177 1037 1210 1112 δέ
1226 1057 1281 1112 τοῦ
1299 1048 1411 1136 φωτός,
1428 1046 1444 1112 6
1469 1038 1507 1122 δὴ
1530 1039 1699 1137 σύνδεσμον
1725 1043 1803 1115 εἶναι

212 1182 225 1220 ι
252 1165 307 1219 τοῦ
325 1156 453 1244 ούρανοῦ
477 1153 532 1218 τόν
556 1147 729 1245 γαλαξίαν,
753 1160 794 1231 ἐἰς
819 1153 852 1220 όν
877 1155 993 1220 ἀνιέναι
1018 1145 1057 1219 δι’
1082 1160 1206 1245 ημερῶν
1232 1147 1420 1220 δυοκαίδεκα
1443 1155 1498 1230 τάς
1523 1153 1638 1246 ψυχάς,
1663 1159 1724 1222 ἀπὸ
1749 1169 1802 1223 τοῦ

252 1262 351 1329 τόπου
367 1272 430 1328 τῶν
448 1254 615 1340 δικαστῶν,
629 1259 666 1337 ἧν
684 1254 717 1342 δὲ
733 1267 748 1327 6
765 1263 859 1339 τόπος
876 1264 914 1328 τό
930 1263 1067 1354 κέντρον·
1081 1262 1222 1329 ἐντεῦθεν
1235 1265 1338 1329 τοίνυν
1356 1265 1532 1353 ἀρχομένην
1549 1264 1609 1338 τὴν
1627 1255 1802 1331 δυοδεκάδα

251 1374 404 1436 τελευτᾶν
420 1375 462 1447 εἰς
485 1373 540 1437 τόν
563 1370 700 1461 οὐρανόν,
717 1375 747 1436 ἑν
772 1367 791 1458 ᾗ
816 1371 854 1436 τό
878 1371 1004 1461 κέντρον
1025 1366 1102 1436 εἶναι
1119 1370 1178 1444 τὴν
1195 1381 1266 1461 γῆν,
1282 1371 1320 1437 τό
1343 1362 1434 1461 ύδωρ,
1458 1371 1513 1436 τόν
1538 1371 1624 1462 ἀέρα,
1641 1371 1698 1449 τάς
1721 1371 1804 1439 ἑπτά

251 1479 467 1569 πλανωμένας,
492 1479 586 1545 αὐτόν
610 1478 665 1544 τόν
689 1481 814 1552 ἀπλανῆ
839 1477 965 1543 κύκλον·
983 1472 1060 1544 εἶναι
1077 1469 1104 1544 δ1
1123 1472 1174 1543 σύν
1198 1477 1241 1544 τά
1256 1475 1391 1570 τροπικὰ
1407 1469 1506 1562 ζῴδια
1529 1477 1571 1544 τά
1590 1478 1744 1568 χάσματα
1761 1477 1804 1544 τά

252 1578 359 1674 διπλᾶ,
382 1585 440 1662 τάς
457 1577 511 1651 δύο
527 1584 628 1662 πύλας
645 1585 777 1673 όνόματι
800 1576 987 1676 διαφέροντα
1004 1585 1108 1674 μόνον·
1125 1585 1179 1651 καί
1201 1585 1296 1650 πάλιν
1320 1585 1375 1650 τὸν
1399 1579 1555 1675 γαλαξίαν
1572 1586 1610 1649 τό
1627 1595 1689 1675 ρῶς
1706 1587 1744 1651 τό
1761 1597 1801 1671 τῇ

197 1721 225 1760 ιο
250 1685 323 1785 ἴριδι
335 1704 504 1786 προσρερῆ,
521 1695 577 1760 τόν
589 1685 690 1786 δῆμον
707 1703 770 1758 τῶν
788 1696 921 1783 όνείρων,
937 1693 1067 1760 ταυτόν·
1083 1694 1207 1784 ὀνείροις
1220 1693 1279 1785 γάρ
1293 1687 1474 1774 ἀπεικάζειν
1491 1691 1548 1770 τάς
1561 1693 1632 1759 ἀνευ
1647 1692 1803 1785 σωμάτων

251 1797 364 1891 ψυχάς,
387 1801 441 1868 καί
465 1800 577 1867 άλλοθι
600 1802 656 1866 τόν
680 1825 754 1876 ποιη

250 2018 274 2085 f.
288 2021 331 2086 26
344 2042 386 2101 ν,
400 2041 474 2086 cum
487 2020 600 2086 eadem
611 2019 747 2086 lacuna:
765 2039 868 2082 ...νον
886 2015 988 2109 ῥήσεις
1002 2018 1095 2082 αύτοῦ
1109 2007 1232 2106 διαρο...
1245 2015 1314 2108 περί
1329 2015 1383 2081 καί
1399 2022 1475 2106 ημῖν
1491 2015 1657 2107 πρόκειται
1672 2016 1801 2107 λεγόμ...

250 2126 306 2192 τόν
322 2116 482 2216 δαιμόνιον
498 2125 596 2191 τόπον
613 2120 690 2192 εἷναι
706 2127 809 2216 φησίν.
827 2126 871 2191 Τό
888 2125 995 2216 κέντρ.
1007 2177 1029 2191 ..
1047 2131 1077 2192 έν
1094 2136 1140 2210 τῷ
1158 2119 1277 2215 μεταξύ
1290 2137 1402 2192 τοῦτον
1419 2126 1508 2192 έθετο
1521 2135 1580 2217 γῆς
1592 2125 1646 2191 καί
1663 2128 1802 2215 ούρανοῦ,

250 2232 305 2300 καί
333 2236 368 2298 ού
391 2242 450 2324 γῆς
475 2222 538 2317 ἰδίᾳ
562 2233 670 2321 μόνον,
695 2224 766 2297 οὐδὲ
790 2236 918 2324 ούρανοῦ
944 2233 1055 2323 μόνον,
1080 2233 1174 2298 καὶὸ
1200 2233 1254 2322 μέν
1279 2244 1339 2325 γῆν
1364 2233 1486 2308 ταύτην
1511 2232 1671 2322 τιθέμενος
1695 2236 1741 2324 ἐρ’
1765 2229 1803 2308 ἧς

197 2359 224 2400 ιο
252 2334 442 2432 βεύήκαμεν,
467 2345 508 2418 εἰς
531 2339 603 2417 τούς
627 2338 677 2405 ὑπ’
701 2339 801 2413 αὐτὴν
826 2341 894 2432 ἀγει
918 2341 1089 2430 ποταμούς·
1114 2333 1181 2408 ὁδέ
1196 2344 1227 2407 έν
1246 2346 1363 2433 οὐρανῷ
1387 2341 1509 2408 τίθεται
1531 2341 1603 2418 τοὺς
1627 2339 1800 2430 ποταμούς,

251 2450 305 2517 καί
328 2449 471 2526 κολάσεις
494 2453 558 2514 ἐκεῖ
579 2444 697 2538 ψυχῶν,
720 2448 792 2539 παρ’
817 2445 860 2525 οἷς
883 2454 903 2524 ἡ
931 2453 1109 2542 μακαρίστη
1136 2446 1199 2530 ζωὴ
1225 2460 1288 2514 τῶν
1305 2445 1423 2540 ψυχῶν·
1447 2441 1542 2523 δηλοῖ
1564 2441 1597 2515 δὲ
1620 2454 1637 2514 6
1662 2451 1800 2538 Τίμαιος,

250 2559 310 2633 τὴν
328 2565 370 2637 είς
385 2559 423 2624 τό
440 2557 589 2647 σύννομον
607 2557 720 2648 ἄστρον
738 2557 1009 2641 ἀποκατάστασιν,
1024 2549 1194 2648 εὐδαίμονα
1212 2561 1276 2643 βίον
1293 2559 1394 2648 λέγων
1412 2551 1497 2635 ἕξειν.
1514 2557 1575 2622 Καὶ
1592 2562 1607 2621 6
1625 2560 1656 2623 ἐν
1674 2549 1801 2648 Φαίδρῳ

252 2666 442 2758 Σωκράτης,
466 2663 524 2742 τὰς
548 2663 603 2754 μὲν
627 2669 668 2740 είς
691 2662 733 2730 τά
756 2665 816 2730 ύπδ
839 2674 897 2756 γῆς
922 2655 1130 2755 δικαιωτήρια
1152 2666 1252 2756 λέγων
1277 2676 1405 2757 χωρεῖν,
1429 2667 1505 2729 ὅπου
1530 2665 1584 2730 καί
1612 2670 1640 2730 οἱ
1662 2664 1802 2754 ποταμοί

251 2774 368 2852 πάντες
392 2773 446 2839 καὶ
470 2773 562 2849 αύτός
586 2777 602 2836 ό
627 2773 797 2864 Τάρταρος,
815 2779 855 2848 ὡς
873 2778 904 2838 ἐν
922 2765 1060 2838 Φαίδωνι
1078 2765 1301 2864 διδασκόμεθα,
1318 2773 1375 2851 τάς
1393 2765 1426 2840 δὲ
1443 2779 1485 2851 εἰς
1501 2782 1558 2838 τοῦ
1582 2775 1708 2863 ούρανοῦ
1731 2770 1803 2838 τινά

196 2915 225 2956 ιο
251 2883 349 2950 τόπον
372 2883 431 2948 ὑπὸ
455 2892 514 2958 τῆς
539 2872 627 2958 δίκης
651 2882 875 2972 κουρισθείσας,
901 2872 1020 2975 διάγειν
1045 2876 1147 2966 ἀξίως,
1172 2877 1206 2948 οὗ
1229 2888 1260 2949 ἑν
1285 2882 1446 2974 ἀνθρώπου
1472 2873 1546 2947 εἴδει
1569 2874 1700 2946 ἐύίωσαν
1725 2881 1802 2966 βίον·

253 2982 292 3057 δι’
318 2981 360 3056 ὧν
383 2994 504 3056 πολλοῦ
529 2980 576 3054 δεῖ
590 2987 661 3066 τούς
678 2991 737 3054 ὑπό
754 2999 814 3082 γῆν
831 2989 992 3079 ποταμοὺς
1010 2995 1051 3067 εἰς
1068 2990 1140 3067 τοὺς
1155 2990 1321 3066 πλανήτας
1338 2989 1474 3081 ἀνάγειν.
1484 2989 1557 3054 Ἔτι
1578 2991 1681 3054 τοίνυν
1706 2993 1721 3053 6
1746 2987 1802 3079 μέν

251 3103 292 3175 είς
315 3096 422 3164 πάντα
444 3097 499 3163 τόν
524 3098 651 3187 οὐρανόν
675 3096 785 3188 ἀνάγει
807 3095 865 3174 τάς
890 3096 1194 3188 ἀποκαθισταμένας,
1218 3097 1272 3162 καὶ
1295 3095 1355 3188 γάρ
1377 3096 1448 3187 περί
1469 3097 1590 3173 πάντας
1614 3096 1802 3187 νενεμῆσθαι

250 3205 322 3282 τοὺς
337 3206 469 3297 ἀστέρας
481 3205 540 3270 ὑπό
553 3215 609 3270 τοῦ
622 3205 754 3296 Πατρός,
767 3195 968 3297 διαιρεθείσας
983 3204 1160 3296 ἰσαρίθμους
1172 3217 1237 3282 τοῖς
1251 3205 1383 3296 ἄστροις·
1395 3209 1411 3269 6
1426 3197 1459 3270 δέ
1472 3206 1564 3294 μόνον
1577 3205 1632 3271 τόν
1646 3199 1801 3296 γαλαξίαν

250 3319 286 3382 ἐκ
308 3325 372 3381 τῶν
394 3310 501 3405 ψυχῶν
518 3319 707 3405 συμπληροῖ,
725 3324 788 3380 τῶν
804 3312 942 3379 ἐντεῦθεν
959 3317 1000 3390 εἰς
1018 3316 1144 3406 οὐρανόν
1162 3305 1406 3387 ἀναόεύηκυιῶν.
1424 3315 1485 3378 Καὶ
1501 3319 1517 3378 6
1542 3313 1597 3404 μὲν
1618 3312 1676 3391 τάς
1699 3305 1801 3379 εύδαί-

196 3452 223 3491 ιε
251 3449 347 3514 μονας
377 3425 412 3489 ού
436 3422 513 3512 φησί
534 3433 649 3513 χωρεῖν
670 3426 711 3498 είς
734 3422 789 3486 τόν
813 3419 998 3510 ὑποχθόνιον
1020 3421 1136 3487 τόπον·
1159 3425 1175 3485 6
1199 3412 1233 3486 δὲ
1256 3420 1342 3511 ἄγειν
1367 3415 1582 3512 ἀναγκάζεται
1609 3430 1733 3513 πρῶτον
1757 3426 1798 3498 είς

251 3534 380 3612 ἐκεῖνον,
404 3533 487 3622 εἴπερ
510 3539 614 3597 πᾶσαν
638 3526 741 3621 ψυχὴν
766 3533 807 3606 είς
831 3529 885 3595 τόν
910 3521 956 3595 δι-

250 3749 275 3815 f.
295 3750 348 3831 27,
372 3771 477 3835 aeque
500 3749 704 3814 ambustum:
728 3743 783 3810 καί
806 3735 1016 3836 δαίμονες...
1038 3743 1245 3835 πραγμάτων·
1263 3735 1313 3808 δεῖ
1325 3743 1379 3808 καί
1401 3743 1456 3810 τόν
1470 3793 1477 3808 .
1491 3793 1519 3807 ..
1545 3745 1648 3833 ὥσπερ
1670 3743 1802 3833 λέγεται

251 3855 346 3946 μέσον
370 3853 543 3921 ύποτίθεισι
569 3856 650 3946 [γῆς]
677 3853 731 3919 καί
754 3857 892 3944 ούρανοῦ,
908 3863 964 3918 τοῦ
986 3851 1040 3942 μὲν
1065 3851 1143 3917 θεῶν
1163 3852 1251 3927 ὄντος
1274 3851 1373 3916 τόπου
1388 3903 1393 3914 .
1408 3902 1435 3916 ..
1460 3851 1503 3917 τά
1521 3849 1622 3924 θνητά
1645 3850 1801 3942 γεννώσης
1866 3841 1869 3846 ’

251 3963 306 4028 καί
328 3962 511 4054 τρερούσης,
537 3962 627 4052 μέσος
652 3953 685 4027 δέ
701 3965 828 4051 ούρανοῦ
844 3962 898 4027 καί
913 3970 972 4050 γῆς
989 3960 1085 4034 τόπος
1101 3958 1196 4042 ἐστίν,
1213 3959 1299 4034 ὅστις
1318 3969 1421 4023 πᾶσαν
1437 3952 1547 4037 ἔξωθεν
1568 3958 1717 4048 περιέχων
1741 3958 1801 4031 τὴν

195 4095 224 4134 ιο
251 4082 324 4164 γῆν,
349 4073 430 4164 άκρα
452 4095 489 4138 τε
514 4069 596 4136 αύτά
619 4069 673 4135 καὶ
696 4071 786 4160 μέσα,
810 4070 863 4135 καί
886 4073 996 4152 πολλῷ
1013 4072 1133 4157 μᾶλλον
1150 4067 1192 4133 τά
1208 4069 1330 4157 ἔσχατα
1349 4069 1540 4153 περικλαίων,
1564 4061 1721 4147 ὑπέζωκεν
1745 4069 1800 4132 τόν

251 4177 395 4270 οὐρανόν·
419 4181 454 4243 ού
469 4175 537 4270 Ιγάρ
554 4176 648 4254 τινός,
666 4176 749 4242 ἀλλά
765 4176 878 4253 πάσης·
896 4167 965 4242 οὐδὲ
981 4176 1064 4252 τινός
1085 4179 1213 4267 ούρανοῦ
1238 4175 1329 4265 μέσος
1353 4177 1447 4253 ἐστίν,
1472 4175 1555 4242 ἀλλά
1578 4175 1704 4251 παντός·
1720 4177 1802 4241 ὥστε

252 4285 336 4377 μετά
350 4284 457 4352 πάντα
474 4284 529 4375 μὲν
546 4285 601 4351 τόν
626 4284 753 4376 οὐρανόν
776 4287 876 4362 ἔσται,
899 4283 1002 4361 πάσης
1028 4277 1061 4350 δέ
1084 4285 1279 4375 ὑπερανέχων
1300 4295 1358 4360 τῆς
1381 4294 1450 4377 γῆς·
1467 4282 1520 4348 καὶ
1544 4286 1577 4348 ού
1602 4293 1664 4348 τῶν
1688 4288 1802 4349 κοιλω-

251 4395 361 4484 μάτων
386 4396 484 4470 αύτῆς
508 4392 621 4483 μόνων,
645 4397 676 4460 ἐν
700 4391 742 4470 οἷς
758 4395 782 4477 ²)
806 4399 895 4483 ἡμεῖς
912 4398 1065 4482 οἰκοῦμεν,
1081 4392 1164 4458 ἀλλά
1181 4393 1234 4457 καὶ
1250 4401 1312 4456 τῶν
1329 4392 1441 4481 ἄκρων,
1458 4393 1489 4458 έν
1514 4386 1538 4475 ᾧ
1562 4390 1669 4464 τίθησι
1692 4390 1799 4481 ψυχῶν

251 4493 440 4591 εὐδαιμόνων
456 4495 572 4581 λήξεις,
589 4503 673 4566 ούπω
692 4502 805 4577 τελέως
830 4492 1073 4592 ἀποδυσαμένων
1097 4499 1139 4565 τά
1162 4505 1257 4564 ὑλαῖοι
1279 4499 1424 4590 σώματα,
1441 4497 1581 4588 καθάπερ
1605 4502 1636 4564 ὲν
1661 4490 1801 4564 Φαίδωνι

196 4629 224 4669 ⁸⁵
253 4608 493 4700 μεμαθήκαμεν.
518 4615 554 4674 Εἰ
578 4600 612 4674 δὲ
636 4601 682 4675 δεῖ
704 4620 808 4675 ταῦτα
831 4608 1022 4700 προσίεσθαι,
1041 4608 1132 4697 μόνος
1150 4598 1183 4674 δὲ
1198 4613 1214 4671 6
1232 4606 1323 4698 αἰθὴρ
1347 4607 1406 4672 ύπό
1422 4608 1477 4671 τόν
1494 4607 1620 4698 ούρανόν
1637 4605 1679 4670 ὢν
1695 4605 1800 4688 κύκλῳ

250 4727 385 4809 περιρρεῖ
407 4715 467 4790 τὴν
490 4727 551 4808 γῆν
576 4718 665 4794 ὅλην,
690 4711 778 4793 οὗτός
802 4718 887 4781 ἐστιν
903 4720 919 4779 6
937 4706 1094 4805 δαιμόνιος
1118 4717 1224 4796 τόπος,
1241 4720 1272 4782 έν
1293 4711 1317 4799 ᾧ
1341 4716 1395 4780 καί
1419 4721 1447 4781 οἱ
1463 4706 1611 4780 δικασταί
1627 4713 1801 4804 καθήμενοι

252 4821 370 4916 μεταξύ
393 4836 453 4919 γῆς
470 4825 523 4890 καὶ
539 4828 676 4917 ούρανοῦ,
693 4825 746 4890 καί
761 4829 781 4892 6
798 4815 920 4915 τρίοδος
936 4824 1018 4897 οιύτὴἸ
1042 4835 1104 4890 τῶν
1128 4822 1245 4915 ψυχῶν,
1270 4824 1323 4890 καί
1345 4829 1365 4898 η
1392 4823 1511 4913 συναριθ
1529 4833 1592 4888 τῶν
1614 4822 1800 4912 χασμάτων,

250 4945 314 5001 τῶν
337 4959 373 5002 τε
397 4941 439 5011 είς
462 4945 523 5028 γῆν
541 4933 717 5013 τεινόντων,
733 4933 864 4999 καὶτῶν
882 4938 923 5010 εἰς
940 4933 1076 5024 οὐρανόν.
1093 4932 1182 4998 Ἀλλ’
1207 4934 1284 4997 όταν
1301 4931 1356 5021 μὲν
1373 4935 1514 5016 καλῇται
1530 4921 1661 5020 τρίοδος,
1685 4934 1726 5006 είς
1742 4927 1800 5006 τάς

251 5049 383 5134 τριπλᾶς
400 5044 552 5135 ἀνάγεται
568 5038 648 5123 ξωάς
664 5048 681 5107 6
697 5054 760 5110 τῶν
777 5042 895 5133 ψυχῶν,
914 5041 974 5114 τὴν
992 5047 1034 5118 είς
1048 5040 1090 5108 τά
1108 5039 1188 5130 ἀκρα
1203 5051 1260 5116 τῆς
1277 5049 1335 5130 γῆς
1352 5030 1541 5129 εὐδαιμόνων
1559 5032 1652 5104 οὖσαν
1670 5037 1800 5118 θεατῶν,

289 5291 312 5365 ¹)
330 5291 401 5351 eod.
421 5297 584 5365 οχατμάτων,
603 5292 728 5351 fallente
746 5291 876 5349 librario.
1053 5289 1156 5365 quenti
1170 5288 1189 5363 ᾧ
1203 5291 1282 5347 intra
1293 5289 1388 5348 lineas
1401 5289 1520 5348 additur
1532 5307 1623 5348 manu
1637 5287 1735 5364 prima
1747 5293 1800 5346 aut

286 5383 310 5458 ¹)
327 5383 463 5441 Primum
477 5383 496 5458 ᾧ
509 5391 578 5459 post
590 5402 663 5443 corr.
678 5385 721 5448 οἷς.
733 5383 852 5442 Pariter
863 5382 895 5440 ίιι
912 5401 941 5440 v.
954 5399 999 5440 εσ-
1053 5379 1179 5454 aequali
