3940 6072
657 919 1049 1024 ROMANUS
1091 922 1427 1026 RHETOR.

535 1461 720 1550 Ῥωμανοῦ
753 1465 938 1548 Σοφιστοῢ
968 1457 1052 1550 περί
1081 1459 1308 1550 παρειμένον
1339 1456 1549 1545 κανόνεςΙ).

801 1569 854 1638 De
875 1569 958 1656 stylo
978 1569 1074 1654 facili
1096 1575 1125 1636 εί
1147 1571 1291 1638 remisso.

311 1786 378 1851 Ούκ
394 1789 496 1876 ἀγνοῶ
513 1785 568 1874 μὲν
584 1789 624 1861 ὼς
640 1788 808 1875 τολμηρῶς
824 1783 879 1848 καί
895 1786 1057 1875 περίεργον
1073 1777 1152 1850 είναι
1168 1771 1248 1863 δόξω
1260 1782 1307 1868 ²).
1323 1835 1330 1848 .
1344 1835 1351 1849 .
1367 1782 1409 1851 τά
1427 1782 1628 1858 σιωπηύίντα
1644 1793 1690 1869 τῷ
1707 1796 1818 1878 μακρῷ

268 1893 370 1984 χρόνῳ
395 1884 554 1983 διερευνῶν
572 1893 625 1958 καί
640 1884 845 1984 δημοσιεύων·
861 1891 967 1981 τολμά
984 1883 1017 1958 δὲ
1032 1895 1067 1958 ού
1091 1901 1154 1958 τῶν
1179 1892 1360 1984 σοφωτέρων
1382 1891 1606 1984 ἀγνοησάντων
1622 1895 1732 1982 (μανία
1754 1892 1818 1985 γάρ

265 2012 361 2067 τοῦτο
384 2001 498 2093 λέγειν,
522 1991 561 2064 δι’
587 1993 629 2065 ὧν
653 2003 820 2092 φιλοσοφία
852 2001 906 2067 καί
929 2000 1019 2088 νόμοι
1042 2000 1096 2066 καί
1120 2000 1267 2093 ρητορικι)
1294 2001 1348 2066 καί
1371 2000 1412 2067 τά
1436 2000 1519 2067 ἄλλα
1550 2001 1818 2090 πλεονεκτήματα

266 2119 312 2193 τῷ
338 2111 395 2195 βίῳ
413 2100 614 2201 δεδώρηται),
638 2108 722 2174 ἀλλά
747 2108 882 2201 ῥᾳθυμίᾳ
905 2109 968 2174 τινὶ
990 2107 1033 2174 τά
1057 2112 1187 2176 πλείονα
1211 2100 1464 2201 διαφθειράντων.
1482 2109 1607 2200 ’Ὥσπερ
1630 2102 1683 2175 ούν
1707 2111 1724 2173 ό
1747 2108 1821 2173 σύν-

266 2240 366 2300 τονος,
390 2222 457 2291 εἰκῆ
483 2217 648 2307 φερόμενος
671 2217 731 2283 ὑπὸ
754 2227 813 2293 τῆς
837 2215 965 2307 φύσεως,
990 2218 1066 2290 ἔστη
1092 2216 1177 2308 παρὰ
1192 2229 1251 2294 τῆς
1268 2219 1383 2307 τέχνης
1404 2211 1493 2295 τάξιν
1515 2209 1633 2300 λαύύν,
1658 2217 1739 2282 ούτω
1762 2217 1818 2282 καί

267 2331 284 2392 ό
309 2327 465 2415 ἀνείμονος
489 2327 591 2416 ἐχέτω
613 2325 742 2410 κανόνα,
766 2327 819 2391 καὶ
842 2325 886 2415 μὴ
906 2325 1038 2418 βάσιμος
1055 2329 1137 2392 ἔστω
1160 2335 1237 2391 πᾶσι
1255 2324 1459 2414 πλανώμενος
1472 2327 1509 2411 3)·
1532 2324 1718 2417 πειράσομαι
1740 2337 1816 2417 γοῦν

265 2439 306 2512 ὡς
331 2433 377 2512 ἂν,
402 2430 462 2511 οἶός
486 2427 570 2499 τεῶ
602 2432 812 2526 μετριώτερον
836 2443 1011 2526 στοχασμῷ
1034 2436 1088 2500 καί
1112 2425 1301 2519 διδασκαλίᾳ
1318 2425 1485 2520 δουλεύων,
1510 2424 1747 2500 διακινδυνεύειν
1774 2439 1816 2511 εἰς

265 2545 393 2634 τέχνην.
417 2541 528 2609 Πάντα
550 2541 612 2634 γάρ
637 2547 718 2634 ἀρχῇ
744 2545 875 2635 γίνεται·
900 2548 930 2609 οί
953 2535 987 2609 δὲ
1011 2541 1079 2632 μεθ’
1103 2548 1187 2632 ημᾶς
1212 2542 1444 2634 μακρότερον)
1472 2544 1624 2635 [ἐργασίᾳ]
1650 2543 1705 2609 καί
1727 2546 1817 2634 ἀκρι·

266 2643 412 2743 όίστερον
436 2653 655 2745 ἀγωνίσοντιιι.
679 2649 729 2718 Τά
751 2650 812 2744 γάρ
835 2661 913 2718 πᾶσι
935 2653 1120 2744 παρείμενα,
1144 2649 1231 2742 φησί,
1255 2661 1331 2718 πᾶσι
1354 2653 1409 2718 καί
1430 2653 1644 2744 πεπλήρωται

957 2867 1128 2959 Τρόποι.

312 3089 365 3149 Δεῖ
386 3083 442 3149 τδν
468 3081 659 3172 βουλόμενον
684 3083 831 3173 ἀνειμίνῳ
855 3097 1034 3179 χαρακτῆρι
1057 3081 1252 3168 πλησιάζειν,
1277 3085 1316 3152 τύ
1339 3084 1395 3177 μὲν
1416 3081 1518 3176 τραχύ
1542 3074 1752 3176 δραπετεύειν,
1775 3083 1813 3149 τό

270 3180 304 3256 δὲ
328 3190 463 3283 ἀσφαλὲς
486 3185 638 3269 ίξασκεϊν.

311 3298 410 3364 ’Ἔστι
432 3291 467 3365 δὲ
482 3311 538 3365 τοῦ
555 3299 610 3390 μὲν
628 3301 778 3391 τραχέως,
803 3303 872 3368 ὅτε
890 3304 1104 3395 συγκρουσμός
1121 3303 1175 3369 καί
1197 3308 1218 3378 ἡ
1244 3301 1409 3394 ἐναγώνιος
1433 3294 1577 3381 σύνταξις
1600 3301 1654 3367 καί
1675 3302 1715 3368 τό
1737 3305 1818 3391 ἰαμ-

266 3399 428 3498 ύόκροτον.
453 3408 488 3474 ‘0
513 3408 569 3499 μὲν
593 3403 644 3474 σύν
662 3410 888 3500 συγκρουσμός,
904 3408 967 3478 οίον
985 3416 1025 3489 τίς
1042 3404 1218 3502 ύπερύολὴν
1235 3405 1353 3497 παίζει,
1368 3407 1440 3477 ἔνθα
1460 3413 1476 3474 ό
1493 3415 1588 3500 Κύρος
1604 3410 1658 3474 καί
1677 3414 1693 3474 ό
1709 3409 1816 3488 Σάκις,

264 3515 319 3582 καί
336 3520 352 3580 ό
369 3516 544 3607 κίνταυρος,
561 3516 614 3581 καί
630 3516 646 3582 ό
662 3527 725 3582 τῶν
743 3512 945 3586 Ἀναύάσεων
962 3512 1148 3611 ψευδόμενος
1164 3519 1277 3609 νεκρός.
1295 3519 1330 3586 Ὀ
1354 3509 1388 3584 δὲ
1411 3510 1585 3609 Ἡρόδοτος,
1611 3516 1716 3608 μύθοις
1739 3521 1817 3584 ύπο-

265 3624 388 3690 κλέπων
414 3625 462 3690 ἀεί
485 3624 544 3696 τάν
563 3624 723 3704 ἀλήθειαν,
741 3629 922 3694 ἀπιστεῖται
938 3630 992 3694 καί
1015 3629 1127 3719 τέρπει.
1155 3629 1190 3695 '0
1207 3620 1241 3694 δὲ
1257 3617 1452 3702 Θουκυδίδης
1475 3626 1529 3692 καί
1552 3625 1687 3691 Πλάτων
1712 3627 1817 3710 αὑτός,

264 3736 281 3797 ό
307 3731 362 3821 μὲν
386 3727 419 3811 ἐξ
444 3731 584 3823 ἀνάγκης
609 3727 817 3812 ἀπεικάζεται
840 3745 881 3821 τῇ
908 3735 977 3820 Ῥέᾳ
1001 3734 1061 3808 τάν
1085 3747 1145 3827 γῆν
1163 3733 1199 3820 3)·
1225 3739 1241 3800 ὁ
1266 3727 1299 3802 δὲ
1326 3733 1411 3825 παρά
1435 3733 1495 3806 τὴν
1522 3734 1704 3824 φιλοσοφίαν
1729 3731 1819 3824 μύθῳ

265 3830 457 3931 διαλέγεται,
481 3845 521 3917 ὡς
546 3839 740 3914 ἀπαιτούσης
763 3852 821 3919 τῆς
845 3854 900 3908 τοῦ
926 3843 1086 3933 ἀνειμένου
1111 3843 1236 3932 φύσεως.

307 3944 484 4039 (Τρόπος.)
501 3947 596 4038 ’Ἔχει
614 3938 647 4013 δὲ
662 3947 753 4038 χάριν
775 3952 908 4027 σπανίως
924 3952 1096 4042 λεγόμενον
1114 3953 1150 4016 τὀ
1167 3949 1474 4040 όμοιοκατάληκτον·
1492 3945 1556 4014 οἷον
1572 3953 1588 4012 ό
1605 3937 1814 4025 Θουκυδίδης·

264 4059 417 4122 Φαίνεται
440 4055 500 4148 γάρ
517 4062 537 4130 ἡ
555 4067 606 4121 νῦν
622 4056 733 4133 Ἑλλάς
757 4057 949 4147 καλουμένη,
972 4064 1007 4125 ού
1030 4061 1131 4125 πάλαι
1147 4051 1278 4144 βεύαίως
1296 4060 1471 4147 οἰκουμένη.
1489 4057 1549 4123 Καί
1572 4057 1678 4124 πάλιν·
1704 4055 1817 4122 ’Πύαύ-

263 4157 342 4254 μκζε
366 4165 403 4230 τδ
427 4164 558 4241 πλῆθος,
581 4169 617 4229 ού
640 4164 700 4256 γάρ
724 4157 795 4239 ἤδει
817 4168 855 4232 τό
878 4166 987 4244 πάθος.
1011 4169 1072 4232 Καί
1101 4165 1243 4232 Πλάτων·
1270 4160 1310 4231 Ὠ
1333 4169 1437 4230 λῶστε
1460 4169 1559 4248 πῶλε,
1584 4168 1634 4229 ἵνα
1656 4167 1815 4256 προσείπω

263 4295 297 4339 σε
321 4271 404 4338 κατά
428 4273 471 4338 σέ.
496 4272 653 4339 Φενκτέον
678 4264 772 4340 δὲτὸ
795 4275 973 4367 προσκορὲς,
997 4268 1068 4342 ούδί
1091 4272 1151 4367 γάρ
1175 4278 1207 4340 ὲν
1236 4273 1374 4358 συντόνῳ
1406 4266 1564 4365 εὐδοκιμεῖ
1586 4280 1731 4367 Γοργεῑον
1762 4273 1817 4337 καί

265 4378 484 4473 Ἰσοκρατεῖον.

302 4559 325 4634 ι)
343 4560 391 4618 Ex
409 4559 473 4618 σού.
492 4560 560 4618 λὀίι
580 4561 633 4618 105
651 4579 679 4634 p.
699 4562 723 4634 1,
743 4559 763 4621 f.
784 4561 844 4619 151.
871 4561 1016 4637 Οορῐσευε
1069 4559 1177 4620 ίτὶσιιὶί.
1195 4560 1253 4619 Sed
1276 4578 1400 4638 prorsus
1425 4559 1591 4618 timendum
1614 4578 1653 4619 ιιο
1677 4560 1816 4618 mutilum

265 4650 367 4721 codex,
381 4648 411 4705 in
425 4648 501 4707 ᾱυοε
514 4656 617 4724 partes
630 4649 754 4724 divisus,
766 4651 913 4725 prolixum
930 4657 961 4708 εί
973 4666 1017 4708 τε·
1068 4651 1197 4711 rhetoris
1217 4669 1291 4726 opus
1310 4671 1348 4710 ex
1360 4653 1488 4726 abrupto
1504 4651 1627 4724 ἰυσίρῖυε
1645 4657 1676 4708 οι
1694 4653 1816 4710 interce-

264 4759 331 4798 rum
349 4739 484 4798 continet
496 4741 742 4799 σσιυιιιοιιίειίυιιι
755 4741 785 4799 in
800 4741 875 4800 duos
894 4741 1016 4798 Hermo·
1070 4741 1122 4800 dat
1138 4741 1170 4798 in
1189 4740 1298 4812 codice,
1316 4740 1368 4814 qui
1387 4740 1507 4798 omnino
1525 4739 1633 4798 unicus
1651 4741 1779 4799 videtur.

265 4828 351 4902 genis
377 4835 540 4886 tractatus:
568 4833 627 4903 Περί
655 4831 768 4902 ιύρίστως
794 4833 827 4887 ού
845 4835 904 4902 Περί
927 4833 1015 4894 ἰδιῶνς
1105 4833 1128 4907 1)
1147 4828 1313 4905 spatiolum
1325 4830 1357 4886 in
1369 4828 1432 4888 nod.
1443 4846 1574 4887 αποπητη
1586 4829 1740 4887 videretur
1757 4829 1817 4888 hig.

263 4919 344 4991 quod
362 4923 460 4977 totum
484 4918 606 4976 videtur
629 4937 704 4992 opus
729 4919 825 4992 ignoti
842 4916 1014 4992 interpretis
1068 4928 1133 4980 tum
1151 4921 1284 4980 innuero.

262 5006 390 5066 «Ioannis
402 5007 672 5083 Doxopatri.1nter
683 5015 842 5082 utramque
854 5009 1015 5080 Hermoge-
1104 5010 1128 5082 ⁸)
1146 5008 1287 5083 Suspicor
1305 5009 1481 5080 πλανωμένοις.

262 5095 311 5155 οἱα
337 5100 522 5172 τραγματιίαν,
541 5097 673 5156 fortasse
697 5096 737 5154 ad
761 5097 861 5154 locum
884 5114 1014 5155 vacuum
1103 5099 1127 5171 ⁴)
1145 5098 1270 5172 Ἐργατία
1288 5097 1319 5156 in
1339 5115 1434 5170 marg.

262 5186 456 5260 implendum,
469 5186 614 5245 inseritur
626 5187 804 5262 opuseulum
815 5185 950 5260 Romani,
964 5205 1015 5244 σιι·
1104 5189 1128 5262 ⁵)
1147 5192 1179 5260 τῇ
1198 5189 1241 5260 ριίι
1260 5193 1292 5260 τῇ
1312 5191 1349 5261 ῥῇ.
1368 5186 1417 5244 Sic
1435 5185 1498 5244 σοιλ
1518 5185 1666 5260 ambigue.

259 5273 312 5350 jus
329 5294 437 5334 nomen
449 5276 518 5334 ideo
529 5295 576 5335 mo
589 5277 722 5351 pellexit,
735 5277 815 5351 quod
828 5276 937 5336 summi
956 5294 1015 5335 ιιιο
1091 5271 1126 5352 ’1)
1146 5280 1244 5350 τρόπος,
1272 5277 1316 5335 εἰσ
1341 5277 1482 5351 frequens
1506 5283 1542 5333 ιιι
1564 5275 1671 5335 titulus
1697 5275 1816 5351 ponitur

263 5365 326 5423 lodi
337 5365 461 5423 Romani
474 5365 648 5424 memoriam
660 5365 734 5424 mihi
747 5363 959 5426 suavissimam
971 5383 1015 5425 το
1067 5370 1154 5424 σείει
1172 5365 1338 5441 periodum
