4006 6074
946 507 1080 585 Aaou

523 690 603 762 Cum
626 689 725 759 fuerit
747 689 848 757 ditata
870 708 993 768 manus,
1015 705 1117 769 neque
1141 681 1197 748 illa
1220 686 1374 767 receptet,

471 799 499 836 ⁹⁰
523 801 611 880 Quae
633 799 764 866 fuerant
787 795 980 881 transcripte
1003 793 1091 879 prius
1114 793 1148 858 in
1171 797 1305 876 prepete
1329 790 1405 872 vita,

524 910 657 996 Indigna
681 907 825 980 extiterit
846 905 904 971 illo
927 903 965 969 fit
988 901 1072 968 liber
1095 901 1130 965 in
1153 922 1236 967 euno

524 1017 594 1098 Quo
616 1016 739 1084 cunctis
762 1019 811 1082 cst
834 1014 930 1080 missa
953 1011 1044 1096 quies
1067 1013 1101 1076 et
1124 1009 1215 1076 dulce
1238 1009 1393 1077 levamen.

521 1124 662 1203 Quodsi
685 1123 770 1190 forte
794 1122 923 1188 domum
947 1120 1050 1187 inedia
1073 1119 1144 1204 quis
1167 1119 1327 1204 mancipet
1342 1119 1439 1202 urbe.

522 1233 687 1300 Restitnat
710 1231 761 1298 hic
784 1253 859 1297 aera
882 1229 942 1296 sibi
965 1228 1133 1296 commissa
1156 1249 1366 1312 perannum,

472 1338 501 1382 ⁹³
523 1341 575 1408 Ne
598 1346 671 1427 post
694 1340 844 1406 emissum
866 1337 1009 1404 dimittat
1032 1336 1163 1421 praedia
1185 1339 1329 1421 tempus:

522 1449 575 1517 Sic
598 1453 676 1515 tunc
699 1451 848 1514 orantum
863 1443 887 1527 ¹)
911 1445 1015 1514 danda
1037 1449 1085 1512 est
1107 1444 1242 1530 pecunia
1264 1445 1394 1527 dextris,

525 1557 645 1645 Erigat
667 1555 859 1640 implicitum
883 1576 922 1620 ne
945 1557 1019 1639 post
1042 1575 1139 1620 usura
1162 1552 1327 1620 lucellum.

526 1665 677 1750 Quisquis
699 1663 791 1748 inops
814 1667 943 1729 tenuem
965 1663 1051 1728 vitae
1073 1682 1138 1728 non
1160 1662 1296 1728 sustinet
1320 1684 1423 1746 usum,

526 1779 573 1842 Ac
596 1773 691 1839 duros
714 1769 857 1856 perferre
879 1770 956 1851 dies,
980 1769 1155 1854 meliusque
1178 1768 1307 1854 putabit

460 1878 502 1915 ¹⁰⁰
526 1881 669 1950 Subdere
691 1902 724 1946 se
747 1879 885 1962 domino,
908 1879 973 1946 iam
995 1878 1146 1946 libertate
1168 1883 1301 1962 remota,

523 1987 599 2056 Non
621 1987 704 2054 ferat
726 1986 781 2052 illc
803 1987 926 2074 iugum,
950 1986 1049 2053 ueluti
1072 1986 1110 2052 de
1133 2008 1226 2054 serua
1248 1992 1392 2056 creatus:

525 2097 587 2164 Sed
609 2095 700 2162 velut
721 2095 860 2163 adscitus
882 2095 1006 2180 positae
1029 2095 1180 2162 mercedis
1203 2096 1244 2162 ad
1267 2099 1384 2180 actum,

525 2205 634 2273 Donec
656 2204 787 2270 decurso
809 2203 918 2270 redeat
940 2203 1004 2270 iam
1027 2207 1171 2288 tempore
1193 2203 1285 2286 liber,

525 2313 595 2392 Quo
618 2314 740 2381 cunctis
765 2335 914 2382 concessa
936 2312 1033 2379 simul
1055 2317 1131 2380 sunt
1154 2314 1221 2381 otia
1243 2314 1349 2395 rebus,

459 2418 500 2457 ¹⁰⁶
525 2422 573 2490 Ac
595 2417 678 2504 sic')
704 2443 762 2490 ceu
785 2421 914 2488 Domini
936 2421 1071 2507 imperio
1094 2422 1266 2489 distraetus
1290 2423 1402 2490 abibit.

525 2531 690 2597 Proximus
714 2529 798 2597 hunc
821 2529 966 2613 redimat,
990 2535 1047 2597 aut
1070 2529 1096 2596 si
1120 2551 1184 2596 non
1207 2530 1310 2599 adfuit
1332 2531 1388 2598 illc

527 2638 722 2707 Contribulis
744 2639 937 2724 quicumque
960 2639 1008 2705 sni
1033 2639 1222 2706 commercia
1245 2639 1355 2706 fratris

526 2748 622 2816 Visus
644 2753 732 2835 agat,
754 2748 929 2835 iugumque
952 2749 1021 2816 viro
1044 2749 1159 2815 servile
1182 2754 1373 2835 sequestret.

527 2857 612 2924 Nam
635 2858 662 2923 ei
685 2856 831 2944 legitimo
854 2855 952 2922 fuerit
975 2855 1155 2922 divenditus
1179 2879 1263 2938 acre,

462 2961 505 3001 ¹¹⁰
529 2965 664 3048 Serviat,
689 2969 800 3050 optato
823 2965 930 3031 veniat
952 2964 1029 3030 dum
1052 2969 1179 3050 tempus
1202 2965 1235 3032 in
1259 2988 1354 3048 anno,

528 3072 598 3150 Quo
622 3073 728 3141 cuncti
751 3089 809 3138 sua
831 3072 901 3138 iura
924 3071 1020 3138 simul
1043 3072 1172 3139 dimissa
1194 3079 1372 3141 resumunt.

527 3180 597 3247 Aut
620 3180 647 3246 si
670 3201 769 3264 parva
791 3178 854 3245 fuit
876 3201 1079 3246 nummorum
1103 3201 1238 3264 summa,
1261 3180 1373 3248 labore
1480 3199 1488 3214 ·

528 3286 695 3374 Compleat
717 3287 798 3353 hanc
821 3287 952 3372 proprio
974 3309 1126 3354 manuum
1150 3310 1245 3373 quam
1268 3289 1431 3374 praestitit
1453 3295 1539 3358 actu.

528 3393 581 3464 Sic
603 3396 721 3462 habeat
743 3416 961 3481 quaecumque
984 3395 1081 3478 volet,
1105 3417 1276 3482 secumque
1300 3399 1432 3466 reducat

462 3503 504 3546 ¹¹⁵
528 3506 643 3572 Libera
665 3525 792 3572 securos
814 3503 936 3590 pariter
959 3525 1032 3570 curn
1055 3505 1191 3590 coniuge
1213 3508 1306 3572 natos
1320 3501 1356 3590 ³).
1444 3543 1450 3556 ·

1008 3722 1050 3790 V.

572 3941 660 4021 Quae
682 3940 794 4010 deinde
805 3935 832 4024 ⁴)
856 3942 889 4008 in
912 3941 995 4008 votis
1018 3946 1147 4008 maneat
1171 3945 1283 4008 teratu
1306 3942 1469 4030 dragmae,

528 4049 660 4118 Femina
682 4051 709 4117 si
732 4051 829 4118 fuerit
852 4073 908 4116 scu
931 4073 999 4116 mas
1022 4050 1158 4117 donatus
1180 4051 1220 4116 ad
1243 4051 1338 4132 altar,

530 4158 719 4244 Perscripsit
741 4157 870 4224 rubrica
894 4155 963 4239 Dei,
987 4179 1044 4224 seu
1067 4157 1220 4242 grandior
1242 4179 1321 4224 aevo

531 4266 592 4334 Seu
616 4288 696 4352 puer
718 4269 775 4332 aut
797 4265 901 4350 virgo,
924 4264 1065 4332 nondum
1086 4264 1281 4349 pubentibus
1304 4267 1405 4349 annis,

465 4370 505 4408 ¹²⁰
531 4373 593 4442 Seu
616 4374 727 4450 domus
749 4377 806 4439 aut
823 4371 956 4456 fundus,
980 4395 1035 4439 seu
1059 4372 1212 4458 quidquid
1235 4379 1341 4440 mente
1363 4375 1498 4457 dicatur,

533 4483 614 4550 (ium
637 4505 747 4550 secura
770 4481 840 4548 Deo
863 4482 982 4568 gaudet
1004 4502 1095 4548 mens
1117 4482 1247 4549 credere
1270 4504 1413 4563 summo;

532 4588 596 4658 Seu
619 4611 692 4657 cum
714 4590 870 4656 sollicitus
893 4591 1002 4676 agitur
1025 4595 1170 4676 permota
1195 4590 1330 4675 periclis,

392 4708 394 4713 “
531 4699 569 4764 ln
591 4699 708 4784 quibus
731 4699 905 4785 implicitus
929 4722 968 4766 ne
991 4721 1058 4766 sese
1081 4698 1259 4766 involveret
1282 4720 1380 4765 error.

533 4805 610 4872 Pars
634 4827 783 4892 expresse
805 4810 922 4890 manet,
946 4828 1021 4891 pars
1044 4810 1093 4872 est
1116 4805 1296 4872 concredita
1319 4807 1397 4886 vasi,

288 5085 310 5164 ¹)
329 5085 419 5148 Oodd.
438 5088 587 5148 ornatum.
1051 5084 1177 5146 emenda
1194 5106 1223 5148 v.
1242 5087 1296 5148 160
1312 5093 1453 5151 subducto
1471 5095 1553 5167 vitat
1578 5112 1607 5154 v.
1633 5095 1685 5151 167
1708 5095 1799 5154 Hunc

286 5181 309 5251 ¹)
328 5178 383 5235 lid.
401 5182 445 5237 Ac
462 5183 490 5238 et
508 5196 569 5237 ceu.
1051 5183 1172 5237 morata.

285 5269 309 5343 8)
327 5269 432 5344 Pergit
449 5289 477 5345 p.
495 5271 549 5326 229
567 5286 595 5330 v.
615 5271 645 5326 3:
668 5271 770 5330 Tatio.
782 5312 807 5330 ..
832 5271 863 5330 in
889 5269 998 5347 quibus
1085 5269 1110 5342 ⁴)
1128 5269 1206 5340 spic
1225 5289 1253 5345 p.
1271 5271 1325 5328 me
1343 5289 1371 5332 v.
1390 5271 1443 5331 183
1465 5271 1618 5348 excipiunt
1643 5273 1799 5349 sequentia

1052 5377 1090 5418 ex
1109 5361 1205 5422 Levit.
1225 5381 1289 5439 cap.
1308 5380 1403 5424 xxvrr.
