3978 6070
478 511 550 585 Οαν
569 513 686 586 anima
705 535 746 586 σε
764 511 849 584 coelo
866 531 983 584 recens
1000 513 1217 602 tyrannidem
1236 509 1400 602 affectat?
1655 519 1709 576 113

168 675 219 750 διά
243 685 424 774 φιλοσοφίας
457 683 700 775 κεκαθαρμέναι·
724 684 864 760 καὶπῶς
888 682 942 748 καί
965 693 1059 748 τοῦτο
1083 682 1333 774 συμπεριάγεται
1359 694 1425 760 τοῖς
1450 683 1618 773 συμφυέσιν
1646 693 1709 748 τῶν

167 791 351 884 ὀχημάτων,
375 797 414 867 ὡς
438 797 466 856 οἱ
490 803 630 881 κομῆται
653 793 733 856 τισὶν
759 793 894 882 ἄστροις,
918 797 957 867 ὡς
981 789 1085 856 πολλά
1109 801 1171 856 τῶν
1196 789 1329 856 ἐνταῦθα
1354 801 1458 879 φυτῶν
1473 803 1538 866 τοῖς
1562 793 1710 883 οὐρανίοις

166 911 352 991 φωστῆρσιν·
378 905 404 966 εἰ
428 891 461 965 δέ
485 899 538 972 ἔθη
564 899 691 990 χρηστά
716 891 768 964 διά
793 902 860 984 βίου
884 899 1036 990 γενόμενα
1061 897 1213 970 τοιαύτην
1238 890 1379 988 προξενεῖ
1398 910 1467 976 ταῖς
1491 895 1604 988 ψυχαῖς
1630 898 1711 990 μετὰ

166 1021 227 1075 τῶν
244 1009 267 1094 ¹)
291 1010 464 1100 ὀχημάτων

166 1228 189 1294 f.
209 1229 282 1308 165,
300 1228 434 1315 fugiunt
450 1227 518 1294 fere
535 1250 648 1293 versus
666 1229 723 1293 10:
749 1227 869 1317 ...ρίαν
888 1229 1092 1292 τελειοῦται...
1116 1231 1156 1303 ὡς
1171 1227 1202 1292 ὲν
1219 1217 1380 1316 Φαίδρῳ...
1405 1229 1528 1292 κακεῖνο
1541 1223 1568 1310 ²)
1587 1225 1711 1302 πάντως

166 1337 271 1404 ότι...
294 1333 450 1425 τυχούσας
466 1345 536 1411 ταῖς
552 1335 771 1428 ἐμφανέσιν...
797 1337 895 1424 μόνως
913 1346 975 1401 τῶν
992 1337 1326 1428 οὐρανίωνάναγκαῖον
1345 1335 1399 1399 καί
1414 1335 1473 1408 τὴν
1498 1328 1587 1414 τάξιν
1608 1337 1710 1400 αὐτῶν

165 1444 303 1535 ἄγασθαι
326 1444 380 1508 καὶ
404 1438 518 1523 ζηλοῦν
543 1435 594 1508 διά
618 1443 677 1516 τὴν
701 1448 736 1508 ἐκ
760 1445 861 1534 μόνων
879 1454 941 1509 τῶν
958 1444 1035 1510 ἐθῶν
1052 1447 1255 1535 Ιεγγεγονυῖαν
1279 1437 1368 1522 τάξιν
1385 1455 1451 1521 τοῖς
1469 1443 1585 1528 ἤθεσιν,
1610 1445 1711 1532 ὥσπερ

165 1555 258 1645 λόγος
282 1551 338 1641 μὲν
363 1550 459 1627 αύτάς
477 1543 581 1618 συνδεῖ
598 1563 669 1628 ταῖς
684 1557 826 1644 λογικαῒς
843 1556 945 1618 αὐτῶν
963 1549 1086 1642 ψυχαῖς,
1104 1562 1171 1628 νοῦς
1188 1541 1221 1618 δὲ
1237 1563 1306 1630 ταῖς
1322 1565 1441 1643 νοεραϊς
1466 1557 1567 1619 αύτῶν
1585 1551 1710 1639 όύσίαις,

166 1661 334 1751 ἐνθεασμδς
358 1653 392 1726 δέ
415 1671 484 1736 ταῖς
508 1660 652 1734 θεότησιν
677 1664 795 1739 αύταῒς,
820 1662 874 1726 καὶ
896 1673 1061 1751 πανταχοῦ
1085 1670 1130 1744 τῷ
1154 1662 1313 1749 όμοίῳ·τδ
1337 1663 1455 1750 όμοιον·

432 1839 476 1900 -·,-
499 1825 550 1901 Ὠς
575 1816 608 1890 δὲ
632 1821 724 1910 καίθ)
746 1829 861 1907 εἰπεῖν,
886 1826 941 1889 ούκ
972 1823 1122 1900 ἐλάττους
1148 1817 1225 1889 εἶναι
1255 1825 1286 1889 έν
1311 1834 1376 1901 τοῖς
1400 1837 1444 1900 ÷

432 1948 477 2010 ÷
498 1933 652 2010 τοιούτοις
676 1933 897 2023 ἁλισκομένους
919 1933 990 2010 τοὺς
1006 1936 1041 1998 ἐκ
1057 1945 1112 1998 τοῦ
1137 1937 1264 2024 ούρανοῦ
1288 1934 1379 2006 ἥκον-
1400 1946 1445 2008 -2-

431 2056 476 2118 ÷
498 2067 565 2125 τας,
593 2042 661 2128 [ἅτε
684 2042 785 2107 πόνων
811 2041 1039 2134 ἀγυμνάστους·
1065 2051 1127 2107 τῶν
1147 2033 1172 2106 δ’
1192 2047 1227 2108 ἐκ
1243 2067 1263 2106 τ
1288 2068 1300 2119 ς
1320 2052 1379 2132 γῆς
1402 2055 1447 2117 -ζ-

431 2163 476 2225 ÷
498 2150 569 2226 τοὺς
590 2149 736 2228 πολλοὺς,
761 2151 818 2216 ἅτε
834 2149 946 2227 αύτούς
963 2174 998 2214 τε
1013 2149 1244 2232 πεπονηκότας,
1266 2149 1380 2227 ἄλλους
1402 2164 1447 2226 ÷

431 2272 476 2334 ÷
499 2283 534 2324 τε
557 2259 756 2349 ἑωρακότας)
774 2261 828 2324 οὐκ
845 2253 877 2337 ἐξ
897 2250 1066 2348 ἐπιδρομῆς
1082 2257 1138 2334 τάς
1157 2259 1284 2348 αἱρέσεις
1309 2283 1377 2324 ποι·
1400 2272 1446 2333 ÷

431 2381 476 2442 ÷
498 2366 606 2432 εἴσθαι.
630 2379 675 2442 -2-

211 2529 402 2619 Θαυμαστδς
418 2529 472 2618 μὲν
485 2529 581 2606 ὄντως
595 2534 611 2593 ὁ
627 2529 731 2621 λόγος,
747 2535 774 2596 εἱ
790 2537 818 2594 οἱ
833 2533 868 2594 ἐκ
884 2540 939 2596 τοῦ
952 2533 1079 2621 ούρανοῦ
1092 2533 1221 2607 ἥκοντες
1236 2530 1377 2618 μάλιστα
1390 2540 1460 2607 ταῖς
1473 2529 1624 2622 αἱρέσεσιν
1641 2533 1712 2596 ἒπε-

166 2628 277 2709 πήδων
290 2644 353 2700 τῶν
369 2648 559 2726 τυραννικῶν
578 2639 662 2722 βίων·
679 2639 760 2728 όμως
779 2644 804 2704 εἰ
815 2639 840 2724 1)
857 2630 890 2704 δὲ
906 2637 1133 2705 κατεσκεύασεν
1150 2638 1204 2703 καὶ
1221 2639 1314 2715 αύτός
1331 2640 1385 2704 τόν
1402 2639 1508 2730 λόγον,
1526 2639 1713 2728 χαυνότητα

169 2743 390 2848 αἰτιασάμενος
415 2745 535 2810 ἐκείνων
547 2747 570 2828 ⁶)
588 2737 640 2811 διά
655 2746 757 2811 πόνων
774 2749 980 2838 ἀγυμνασίαν,
998 2745 1055 2822 τάς
1072 2737 1106 2811 δέ
1130 2751 1164 2813 ἐκ
1188 2756 1251 2811 τῶν
1275 2748 1428 2838 ὑπογείων
1452 2747 1556 2812 τόπων
1576 2749 1714 2836 ἀσφαλε-

167 2852 277 2942 στέρας
294 2845 371 2916 εἶναι
394 2850 576 2943 λέγων,καὶ
593 2851 636 2942 μὴ
655 2846 688 2930 ἐξ
705 2844 874 2943 ἐπιδρομῆς
893 2852 1049 2918 ποιεῖσθαι
1065 2853 1122 2929 τάς
1140 2854 1276 2944 αἱρέσεις,
1295 2845 1347 2918 διά
1362 2853 1422 2924 τὴν
1441 2865 1550 2944 πεῖραν
1567 2863 1629 2918 τῶν
1650 2856 1716 2918 ἐκεῖ

168 2961 269 3026 πόνων
294 2960 348 3025 καὶ
370 2969 433 3024 τῶν
457 2959 627 3028 κολάσεων.
651 2961 788 3027 Ἐοίκασι
807 2953 839 3027 δὲ
856 2963 909 3027 καὶ
926 2961 985 3033 τὴν
1002 2964 1176 3052 φαντασίαν
1193 2963 1314 3034 ταύτην
1338 2960 1502 3050 ἔχειντὴν
1527 2960 1712 3052 τυραννικὴν

167 3074 200 3133 αἱ
224 3063 256 3148 ἐξ
280 3073 407 3160 ούρανοῦ
425 3067 615 3159 θεασάμεναι
631 3068 688 3146 τάς
705 3080 767 3135 τῶν
785 3073 931 3162 ούρανίων
948 3071 1047 3161 ἀρχάς
1064 3072 1117 3135 καὶ
1135 3063 1291 3162 δυνάμεις,
1309 3063 1502 3159 κυύερνώσας
1526 3080 1629 3134 πᾶσαν
1653 3069 1713 3142 τὴν

166 3178 285 3268 γένεσιν
302 3177 356 3242 καὶ
380 3175 479 3252 ἄλλας
503 3176 608 3242 ἄλλων
634 3171 755 3266 μείζους
779 3178 832 3243 καὶ
856 3170 1082 3269 δυνατωτέρας·
1108 3177 1176 3244 ὅθεν
1193 3178 1246 3242 καὶ
1263 3172 1357 3242 αύται
1382 3167 1539 3266 δυνάμεως
1563 3178 1711 3267 ἐφίενται,

168 3277 289 3362 δέοντος
314 3285 509 3378 γιγνώσκειν,
535 3285 584 3351 ότι
607 3291 681 3376 παρ’
706 3289 832 3362 ἐκείνοις
857 3286 911 3376 μέν
936 3285 978 3351 τά
1002 3288 1074 3377 τρία
1097 3285 1248 3365 σύνεστιν,
1273 3283 1444 3377 άγαθότης,
1470 3275 1608 3375 δύναμις,
1634 3292 1712 3360 νοῦς·

167 3397 240 3484 παρ’
264 3399 354 3482 ἡμῶν
378 3385 412 3458 δὲ
435 3391 498 3480 ῆῧ)

167 3613 190 3679 f.
216 3614 279 3679 165
303 3636 345 3692 κ,
369 3612 404 3678 in
421 3613 541 3682 ,eadem
564 3613 700 3681 lacuna:
725 3611 849 3686 ...τῆν
874 3603 1023 3679 δοκοῦσαν
1048 3603 1241 3702 δύναμιν...
1266 3611 1303 3675 τδ
1328 3612 1400 3700 ἔχον
1423 3607 1522 3683 αὐτὴν
1536 3658 1589 3700 ·.··
1614 3605 1668 3672 καὶ
1690 3611 1710 3680 ἡ

167 3712 300 3786 δοκοῦσα
324 3719 421 3810 τιμὴ,
447 3713 582 3799 ἀξία...
607 3724 727 3799 ἐκείνης
751 3723 881 3815 όργανον
906 3721 978 3787 ἄνευ
1004 3713 1099 3788 δὲ...
1125 3726 1167 3796 εἰς
1190 3719 1324 3810 ὤλεθρον
1349 3719 1418 3810 ἄγει
1441 3716 1513 3795 τούς
1536 3717 1712 3808 χρωμένους

166 3829 268 3895 ἀπὸ..
284 3854 346 3894 ,ων
371 3832 499 3894 κάκεῖνα
514 3824 622 3907 λάύοις
639 3831 686 3913 άν,
703 3833 753 3896 ότι
769 3833 822 3896 καί
839 3831 880 3897 τά
897 3823 1050 3896 δοκοῦντα
1067 3829 1232 3919 αίσιώτερα
1250 3824 1327 3894 εἶναι
1344 3837 1406 3893 τῶν
1432 3826 1669 3915 άπονεμομένων
1684 3822 1711 3908 ⁷)

167 3935 305 4020 βλάπτει
328 3935 482 4014 πολλάκις
506 3929 558 4002 διά
581 3940 619 4004 τό
644 3940 779 4030 μετέχον
804 3944 859 4006 ούκ
883 3939 977 4030 ὀρθῶς
1006 3943 1111 4015 αὐτοῖς
1136 3937 1313 4030 χρώμενον,
1338 3937 1391 4000 καὶ
1414 3937 1568 4001 τάναντία
1591 3933 1712 3998 τούτων

166 4049 310 4122 όνίνησιν,
327 4046 554 4136 ἐπιστρέφοντα
570 4045 627 4123 τάς
643 4044 744 4137 ψυχάς
761 4052 802 4124 εἱς
819 4047 879 4121 τῆν
894 4047 1054 4139 προσοχὴν
1067 4046 1121 4111 καί
1133 4047 1192 4118 τὴν
1207 4047 1323 4137 ἀμείνω
1339 4039 1432 4124 ζωήν·
1451 4044 1504 4108 καὶ
1520 4045 1569 4107 ότι
1585 4044 1712 4116 πολλοῖς

110 4183 139 4219 ao
165 4160 185 4227 ἡ
214 4155 333 4243 ἱστορία
356 4165 419 4219 τῶν
443 4165 548 4219 κακῶν
572 4160 613 4230 εἱς
638 4155 755 4245 ἀγαθόν
780 4162 930 4222 τελευτᾶν
955 4147 1046 4238 οἶδεν,
1070 4152 1114 4232 οἷς
1138 4153 1208 4220 ἄνευ
1233 4153 1352 4228 ταύτης
1369 4155 1424 4216 ούκ
1448 4147 1486 4226 ἦν
1511 4147 1713 4238 ὠφεληθῆναι

167 4253 309 4338 δυνατόν,
327 4263 408 4327 οὕτω
424 4261 485 4353 γάρ
502 4263 556 4327 καὶ
574 4267 606 4327 αἱ
622 4263 680 4327 ύπδ
696 4274 756 4354 γῆν
774 4267 804 4330 ἐν
822 4265 925 4341 πόνοις
942 4265 1116 4355 γενόμεναι,
1133 4263 1186 4326 καὶ
1203 4261 1316 4336 ἄλλους
1336 4251 1453 4325 ίδοῦσαι
1470 4256 1712 4332 τληπαθοῦντας

166 4371 344 4459 ὠφέληνται
367 4372 441 4463 πρὸς
465 4371 522 4449 τάς
546 4382 609 4438 τῶν
633 4367 703 4452 ἑξῆς
729 4375 802 4458 βίων
827 4374 965 4464 αἱρέσεις.

432 4601 476 4664 ÷
499 4589 553 4654 Διό
571 4581 609 4663 δὴ
626 4585 650 4674 ⁸)
674 4589 728 4654 καὶ
744 4583 926 4678 μεταβολὴν
943 4601 1006 4657 τῶν
1024 4599 1128 4656 κακῶν
1146 4593 1200 4656 καί
1215 4599 1278 4654 τῶν
1297 4593 1380 4681 Ιοἱγα-
1402 4603 1447 4665 -ζ-

433 4711 477 4773 -ζ-
502 4697 561 4762 θῶν
586 4709 654 4775 ταῖς
677 4702 809 4773 πολλαῖς
833 4709 896 4763 τῶν
920 4695 1027 4788 ψυχῶν
1051 4697 1222 4790 γίγνεσθαι,
1247 4698 1300 4761 καί
1327 4689 1378 4761 διά
1401 4709 1446 4771 ÷

206 4907 229 4981 ¹)
248 4907 287 4963 M.
298 4925 353 4964 om.
364 4909 522 4983 sequentia
533 4929 629 4985 usque
643 4910 681 4967 ad
691 4913 771 4983 μένων
786 4915 835 4965 τῶν
849 4914 914 4966 ἱῦῦν.
1003 4916 1025 4990 1)
1043 4914 1081 4971 H.
1101 4932 1157 4970 om.
1177 4916 1279 4968 ἐκείνων.
1299 4911 1369 4967 Mox
1389 4909 1492 4968 scribit
1511 4907 1689 4981 ἂφανισιέρως.

204 5000 229 5072 ²)
248 5000 285 5056 Η·
305 5000 325 5055 f·
345 5001 380 5055 99
399 5019 455 5057 0111·
474 5002 568 5074 Plura·
1002 5008 1025 5080 ⁶)
1043 5006 1082 5060 M.
1103 5022 1158 5059 om.
1179 5001 1337 5076 sequentia
1354 5018 1451 5073 usque
1470 4999 1508 5055 ad
1527 5002 1564 5052 ὅτι
1583 5005 1626 5051 καὶ
1646 5001 1686 5051 τά.

203 5088 227 5162 ³)
245 5087 382 5160 Reipubl.
395 5107 424 5161 x,
435 5091 495 5146 316.
505 5091 550 5146 De
560 5091 687 5150 Platone
699 5093 797 5150 Malus
811 5093 912 5151 tacuit.
1001 5097 1025 5169 1)
1043 5096 1080 5150 Η.
1100 5092 1120 5147 f.
1142 5091 1202 5146 100.

166 5178 450 5252 Ῑ118110011111111011
465 5184 556 5252 Qum,
571 5185 603 5245 ὡς
617 5187 641 5237 ῦὶ
654 5181 683 5241 ἦν
698 5188 773 5239 εἰπεῖν
784 5226 790 5240 .
802 5225 824 5236 ..
844 5183 913 5241 dein
1001 5187 1024 5258 8)
1042 5184 1180 5256 Reipubl.
1200 5199 1227 5254 x,
1247 5183 1307 5237 316.
1321 5182 1436 5238 Iterum
1455 5179 1540 5237 siluit
1558 5177 1656 5234 Maius
1676 5175 1712 5232 de

167 5271 210 5330 ἕως
230 5273 271 5322 τοῦ
291 5271 334 5323 οὐκ
353 5271 378 5333 ἐξ
398 5278 453 5324 κτλ.
965 5275 1080 5351 prolixo
1098 5274 1150 5330 illo
1163 5272 1298 5330 Platonis
1311 5272 1383 5343 Ιοοο,
1397 5275 1428 5328 οἱ
1446 5269 1587 5326 continuo
1607 5267 1658 5324 dat
1677 5283 1713 5322 ea

201 5357 225 5432 ⁴)
243 5358 281 5414 Η·
300 5376 356 5415 0111·
376 5363 403 5414 11·
965 5381 1060 5437 pauca
1078 5380 1155 5436 quae
1174 5361 1268 5420 codex
1287 5367 1373 5419 extra
1391 5378 1484 5418 uncos
1502 5359 1618 5416 τσοὶἱυὶ.

308 5486 404 5544 Am.
424 5503 452 5562 ν,
469 5488 496 5543 8.
