3940 6072
814 544 1106 637 Vetustatcrpres
1675 549 1729 606 ιιι

173 718 205 775 in
223 735 282 792 qua
305 716 461 776 sensilium
485 716 695 790 imprimantur
713 721 744 774 et
769 716 921 774 resideant
963 719 1067 786 tuere,
1080 713 1196 771 ratione
1209 731 1280 770 vero
1293 730 1406 770 vacans
1419 712 1599 770 conformari
1613 718 1644 770 ιι
1661 731 1729 770 con·

173 807 328 880 signacula
346 824 382 864 ac
400 805 540 878 vestigia.
559 805 628 864 Sive
654 811 755 862 antem
781 803 921 862 differant
973 801 1725 877 stitni.thuemadmodummateriaiunctaforma

172 899 229 956 hae
248 896 443 970 substantiae,
463 897 528 955 sive
548 896 742 966 consentiant,
766 896 840 952 illud
859 895 922 970 pla·
972 912 1066 951 unum
1084 893 1166 962 facit,
1185 912 1241 952 neo
1253 895 1315 951 ullo
1334 893 1452 967 indiget
1470 894 1598 966 vinculo,
1619 895 1663 952 sic
1682 913 1728 952 ra·

172 1007 244 1046 num
263 995 311 1046 ιιι
329 987 502 1045 memoriam
520 995 551 1045 ιι
569 1005 694 1045 sensnm
712 987 833 1046 diversa
845 1003 920 1059 esse,
974 984 1085 1042 tionalo
1103 983 1217 1042 formae
1230 984 1345 1042 hebens
1358 989 1472 1042 statum
1485 985 1528 1040 rei
1541 984 1658 1042 ratione
1677 1003 1728 1042 va·

173 1080 293 1136 tametsi
306 1097 367 1137 una
378 1079 427 1136 his
444 1080 580 1138 subiecta
598 1079 640 1137 sit
657 1098 716 1152 ras,
730 1079 921 1153 quasplures
974 1075 1071 1133 cantis
1089 1075 1183 1133 vitam
1196 1074 1254 1132 sibi
1271 1074 1378 1142 induit,
1396 1093 1493 1148 neque
1506 1074 1624 1148 indiget
1636 1076 1726 1132 tertio

173 1167 302 1242 accipiat
320 1167 460 1226 rationes.
471 1168 556 1225 Adde
569 1169 648 1241 qnod
660 1168 804 1226 memoria
816 1167 926 1225 rationi
979 1167 1079 1238 aliquo
1092 1166 1131 1222 ad
1143 1165 1174 1221 id
1186 1165 1374 1222 adminiculo.
1388 1164 1467 1232 Quin
1480 1165 1559 1238 apud
1572 1165 1729 1222 Platonem

174 1255 300 1314 finitima
309 1257 408 1331 magis
417 1264 473 1330 est,
486 1275 576 1330 qnam
590 1257 700 1331 sensui,
710 1256 835 1331 concipit
845 1255 925 1313 enim
978 1255 1073 1329 geniti
1091 1255 1148 1312 Dei
1166 1255 1281 1312 ratione
1308 1253 1443 1311 carentia
1463 1254 1604 1311 animalia
1622 1254 1730 1327 produ·

174 1348 316 1405 aratione
327 1366 427 1406 rerum
437 1347 650 1406 similitudines
659 1366 713 1422 per
723 1365 845 1407 sensum
855 1347 926 1405 duc·
979 1352 1065 1420 cunt,
1089 1346 1236 1403 rationale
1261 1363 1333 1403 vero
1357 1345 1459 1418 opifex
1484 1363 1620 1402 summus
1645 1345 1729 1402 solue

174 1443 230 1495 tas.
250 1437 308 1494 Sed
326 1438 401 1496 haec
420 1437 457 1494 de
475 1438 522 1494 his
542 1438 603 1494 sint
621 1438 697 1496 satis
724 1438 812 1512 dicta,
830 1444 867 1494 ut
885 1437 926 1494 in·
978 1435 1163 1510 procreavit;
1183 1439 1218 1492 ut
1236 1436 1339 1492 nullus
1359 1435 1418 1491 iam
1437 1435 1624 1507 relinquatur
1646 1434 1730 1491 dubi·

173 1528 348 1601 telligamus
367 1547 407 1585 an
425 1527 502 1586 aliae
521 1528 582 1586 sint
609 1536 710 1603 partes
735 1527 851 1586 ratione
874 1545 925 1584 va·
978 1527 1086 1585 tatiani
1094 1527 1186 1597 locus,
1202 1526 1238 1583 da
1251 1544 1329 1584 nova
1339 1526 1510 1584 substantia
1522 1525 1730 1598 desideranda,

173 1626 286 1676 cantes.
978 1635 1055 1690 quae
1073 1615 1226 1675 devinciat
1244 1615 1391 1672 rationale
1411 1613 1586 1672 strationis
1613 1631 1729 1688 expers.

208 1708 280 1766 Car.
298 1709 362 1766 XL.
384 1711 518 1768 Caraca
530 1713 709 1783 ootopartaa
721 1711 859 1768 ιιιιοὶιι
877 1727 925 1766 vo·
978 1709 1061 1765 Nihil
1081 1727 1152 1782 ergo
1172 1707 1259 1766 obiici
1278 1707 1364 1764 nobis
1389 1712 1490 1782 potest
1514 1709 1552 1764 de
1570 1707 1730 1764 cohaeren-

171 1799 248 1857 luat.
256 1830 293 1844 -
302 1801 343 1857 Et
356 1799 392 1858 de
405 1801 452 1858 his
464 1800 487 1875 ¹)
499 1817 579 1857 nnnc
592 1799 706 1859 dictum
718 1818 795 1873 qnae
806 1800 844 1857 ad
854 1799 926 1858 civi·
981 1801 1023 1857 tia
1034 1799 1174 1874 partium,
1192 1799 1280 1872 idque
1300 1805 1382 1855 recte
1402 1817 1420 1854 a
1437 1796 1604 1854 Platonicis
1625 1796 1670 1855 ita
1682 1796 1731 1855 ad·

171 1890 232 1946 lem
249 1891 396 1948 virtutem
408 1897 440 1948 ιι
449 1890 670 1948 institutionem
683 1891 821 1948 attinent.
832 1889 924 1964 Equi·
979 1893 1117 1949 struitur.

172 1979 240 2036 dem
250 1981 313 2038 scic
325 1979 525 2056 Porphyrium
535 1981 565 2038 in
577 1980 810 2049 Quaestionibna
821 1981 924 2040 mixtis
1014 1985 1085 2043 Gar.
1104 1983 1185 2040 XLI.
1204 1985 1249 2041 Da
1268 1985 1403 2056 appetitu
1422 1986 1449 2040 ιι
1461 1984 1607 2056 opinione.
1618 2011 1651 2030 ι-
1663 1980 1731 2048 Qui·

171 2070 353 2128 mentionem
377 2071 477 2129 facere
497 2071 718 2145 disputationis,
746 2091 836 2146 quam
862 2073 925 2145 qui·
978 2075 1069 2146 bus2)
1088 2074 1164 2131 illud
1181 2075 1324 2132 accedere
1349 2077 1457 2146 potest,
1477 2073 1556 2147 qnod
1582 2071 1729 2147 appetitio

174 2159 243 2216 dam
270 2159 386 2217 Medias
415 2159 527 2218 stoicus
555 2161 663 2218 habuit
691 2179 759 2218 oum
786 2161 924 2248 Longino
978 2171 1009 2221 ιι
1027 2165 1179 2238 perceptio
1198 2164 1228 2218 in
1247 2167 1331 2236 parte
1350 2157 1465 2219 ratione
1484 2166 1629 2221 vacantes
1648 2167 1729 2233 sunt,

172 2249 338 2321 Platonico,
358 2268 448 2322 quam
466 2268 526 2308 non
545 2251 603 2307 erit
627 2250 759 2308 alienum
777 2250 827 2306 hic
852 2256 926 2306 atta·
977 2256 1009 2308 ιι
1027 2249 1178 2323 appetitus
1198 2248 1308 2322 duplex
1326 2254 1382 2321 est,
1395 2248 1472 2305 alter
1484 2265 1584 2305 rernm
1597 2247 1725 2306 existen·

173 2356 253 2395 xere.
272 2337 372 2396 Media
390 2338 470 2395 enim
497 2339 700 2413 octipartitam
726 2339 855 2396 animam
881 2337 924 2395 fa·
979 2339 1054 2397 tium
1072 2357 1149 2412 quae
1160 2338 1272 2412 percipi
1285 2342 1413 2413 possunt
1426 2345 1458 2396 et
1471 2338 1729 2412 cognoscibilinm,

138 2504 140 2510 γ
173 2428 280 2503 ciente,
309 2429 438 2488 divisam
463 2430 495 2487 in
523 2433 670 2488 rationem
696 2430 868 2504 prinoipem,
892 2429 923 2485 in
977 2431 1056 2486 alter
1074 2429 1286 2502 generationis,
1298 2447 1350 2502 per
1368 2447 1458 2503 quam
1476 2429 1568 2486 habet
1580 2446 1629 2486 res
1641 2435 1676 2486 ut
1689 2429 1732 2487 sit

172 2520 303 2594 quinque
323 2539 439 2593 sensus,
458 2520 490 2578 in
508 2521 726 2593 generatricem
745 2527 777 2578 ιι
788 2520 924 2578 vocalem
978 2525 1009 2576 et
1027 2518 1132 2577 veniat
1143 2517 1175 2575 in
1187 2519 1293 2577 lucem.
1306 2519 1394 2575 Alter
1405 2518 1501 2591 igitur
1514 2517 1666 2593 appetitus
1683 2524 1732 2575 est

172 2615 297 2684 partem,
305 2610 458 2684 quaesisse
466 2618 679 2668 commemorat
686 2609 862 2683 Longinum,
871 2627 928 2682 our
977 2609 1168 2685 percipiendi,
1187 2610 1264 2667 alter
1283 2609 1435 2683 giguendi.
1454 2611 1612 2684 Perceptio
1626 2614 1729 2666 autem

171 2699 203 2757 in
213 2704 280 2758 octo
290 2705 393 2775 partes
402 2699 534 2756 animam
545 2699 924 2773 deduceretlhlediamquo
977 2702 1074 2758 altera
1091 2700 1328 2775 intelligibilium
1346 2718 1405 2758 non
1423 2701 1600 2758 habentium
1624 2699 1733 2773 princi-

169 2787 304 2846 vicissim
312 2787 526 2863 interrogasse,
536 2807 589 2846 our
597 2791 685 2846 Plato
693 2808 784 2848 unam
793 2790 923 2847 animam
977 2790 1060 2866 pium
1078 2796 1132 2848 aut
1150 2790 1247 2863 finem,
1265 2795 1302 2849 ιιι
1320 2795 1368 2848 ιιι
1381 2790 1518 2856 circulus.
1532 2791 1591 2847 hoo
1604 2795 1651 2848 est
1663 2806 1730 2862 per·

170 2877 354 2953 tripartitam
372 2877 506 2936 faceret?
519 2879 584 2937 Hoc
598 2879 785 2938 ffisonssione
798 2878 923 2952 dignum
977 2891 1149 2957 pomorum,
1164 2883 1261 2940 altera
1273 2882 1461 2941 sensibilium
1473 2880 1680 2939 variabilium:
1694 2881 1732 2937 ad

171 2973 322 3041 putamus.
341 2969 408 3027 Non
427 2969 507 3026 enim
532 2969 637 3028 eadem
655 2971 733 3027 ratio
755 2969 922 3027 Stoicorum
977 2972 1097 3030 illarum
1116 2990 1216 3030 rernm
1229 2973 1513 3046 contemplationem
1525 2971 1642 3029 animus
1655 2971 1732 3044 seip-

172 3059 375 3131 ootipartitam
400 3059 585 3130 facientium,
610 3078 688 3134 quae
714 3067 762 3118 est
785 3060 922 3117 Platonis
977 3080 1045 3121 sum
1058 3063 1158 3137 erigit,
1168 3070 1303 3121 scrutata
1316 3072 1426 3123 natura
1439 3063 1729 3136 sensiliumldisque

170 3146 355 3221 tripartitam
373 3155 527 3222 ponentes,
537 3149 617 3223 quod
635 3150 704 3206 hinc
720 3147 923 3206 manifestum.
976 3155 1219 3214 accommodatae
1232 3161 1304 3214 sunt
1317 3155 1478 3212 facultates
1492 3155 1607 3213 ratione
1620 3171 1727 3212 vacan-

171 3236 264 3292 Stoici
282 3237 362 3293 enim
381 3255 539 3311 corporeas
557 3237 742 3296 differentias
760 3240 840 3296 inter
857 3256 923 3313 par·
976 3248 1032 3301 ιιι.
1050 3243 1120 3300 Alia
1134 3244 1333 3318 cognoscendi
1352 3244 1525 3319 appetitiva,
1536 3243 1597 3301 alia
1609 3261 1731 3319 percep·

171 3331 221 3382 tes
239 3324 357 3382 animae
375 3327 582 3402 adnumerant,
600 3327 680 3385 unde
702 3328 810 3386 merito
823 3327 922 3386 obiec-
977 3332 1057 3404 tiva,
1086 3332 1147 3390 alia
1174 3331 1360 3407 pensitativa
1383 3331 1428 3390 rei
1456 3331 1667 3405 cognoscibilis
1693 3348 1729 3387 ao

171 3412 230 3471 tari
249 3414 293 3472 eis
310 3421 419 3489 potest,
439 3415 491 3472 ubi
510 3415 704 3490 simplicitas?
723 3422 755 3474 et
773 3417 921 3491 quomodo
977 3421 1105 3494 stabilis,
1132 3421 1192 3478 alia
1216 3420 1362 3479 sensitiva
1387 3421 1432 3478 rei
1457 3420 1625 3494 opinabilis,
1651 3437 1729 3493 qnae

170 3522 231 3561 una
249 3511 297 3561 est
315 3504 423 3576 anima,
443 3505 520 3563 siin
539 3513 640 3580 partes
660 3512 783 3564 octonas
807 3506 861 3562 fiat
880 3505 922 3563 di·
975 3510 1131 3568 variabilis
1151 3517 1207 3569 ιιι.
1226 3511 1389 3570 Irasoibilis
1408 3511 1530 3585 quidem
1555 3509 1651 3584 partis
1679 3528 1729 3583 ap·

171 3594 320 3666 atributio,
344 3614 403 3652 non
428 3596 576 3654 habentes
603 3598 741 3670 copulam
768 3596 921 3672 aliquem?
975 3603 1089 3676 petitus
1099 3603 1253 3676 praeclara
1262 3600 1393 3674 affectat,
1406 3601 1645 3674 concupiscibilis
1656 3617 1728 3658 vero

169 3685 258 3742 Plato
276 3693 379 3742 autem
397 3684 601 3759 incorpoream
621 3685 731 3758 dicens,
745 3705 814 3744 oum
826 3687 921 3744 incer·
976 3691 1158 3749 desiderium
1177 3692 1209 3749 in
1227 3692 1419 3765 generatione
1438 3697 1536 3750 totum
1548 3697 1603 3748 est.
1621 3690 1729 3748 Irasci-

170 3792 270 3850 porea,
283 3780 318 3832 nt
336 3777 524 3848 cohaereant,
543 3794 602 3834 non
621 3775 778 3849 indigeant
795 3777 920 3834 alterius
974 3781 1034 3840 bile
1045 3781 1136 3839 etiam
1149 3799 1256 3856 corpus
1266 3787 1452 3856 aspernatur,
1461 3781 1667 3854 incorporeum
1679 3778 1732 3835 bo.

168 3884 258 3941 nexu,
267 3884 327 3923 non
335 3867 450 3940 patitur
459 3867 553 3923 ullam
564 3867 600 3925 de
610 3866 819 3925 coniunctione
829 3867 921 3923 trium
974 3889 1046 3928 num
1074 3878 1222 3947 spectans.
1251 3873 1409 3930 Caeterum
1435 3870 1611 3948 pensitatio,
1639 3886 1730 3942 quam

169 3955 300 4028 partium
319 3956 504 4014 calumniam.
524 3957 616 4014 Ratio
634 3975 706 4030 ergo
731 3957 852 4016 diversa
873 3960 922 4014 est
974 3962 1219 4036 imaginationem
1232 3962 1342 4036 dicunt,
1356 3961 1581 4037 comprehensio
1598 3978 1666 4017 oum
1685 3959 1727 4016 sit

168 4046 289 4104 Platoni
299 4047 410 4104 maenti
419 4047 565 4106 rationale
576 4049 701 4108 alterius
715 4067 790 4119 esse,
803 4068 837 4106 ao
850 4049 923 4112 divi,
974 4052 1218 4126 intelligibilium,
1231 4052 1307 4110 scire
1325 4070 1390 4108 rem
1402 4058 1481 4110 avet.
1495 4051 1608 4108 Sensus
1626 4056 1728 4108 autem

168 4137 262 4196 nioris
281 4138 477 4197 substantiae.
496 4140 632 4198 Alterius
645 4159 716 4198 vero
730 4140 854 4200 rationis
873 4159 921 4199 ex·
975 4143 1020 4201 rei
1039 4161 1107 4200 cum
1129 4143 1266 4216 opinione
1288 4147 1459 4216 generatur,
1482 4148 1513 4199 ιι
1535 4140 1634 4215 opinio
1657 4158 1725 4198 oum

168 4245 247 4300 pers,
266 4229 323 4285 hoc
343 4235 391 4287 ιιι
409 4246 576 4304 corporeae,
596 4248 632 4288 ao
650 4231 746 4287 multo
761 4230 921 4305 inferioris,
975 4251 1075 4306 sensu,
1094 4233 1174 4291 unde
1193 4233 1342 4307 opinabile
1361 4232 1400 4291 ad
1418 4232 1565 4291 rationem
1585 4249 1644 4290 non
1663 4248 1728 4303 per·

168 4322 200 4374 et
217 4317 365 4377 rationale
383 4319 536 4378 hominem
558 4318 743 4378 conformare
763 4325 794 4378 et
812 4321 921 4381 consti·
974 4323 1053 4383 tinet
1070 4325 1124 4382 sed
1143 4325 1183 4381 ad
1201 4341 1331 4382 sensnm.

207 4593 229 4666 ¹)
248 4591 310 4650 Pol.
332 4593 383 4650 131
403 4600 444 4650 v0.
463 4597 523 4664 llapl
543 4595 635 4648 seiros
655 4595 751 4667 ιῖρηται
769 4597 818 4650 νῦν.
1015 4596 1039 4670 ²)
1056 4595 1120 4654 Fol.
1140 4595 1200 4654 132.
1219 4595 1314 4648 ‘sarto
1334 4598 1358 4648 bi
1378 4595 1528 4668 προσιίιτις.
