4006 6074
699 481 850 560 doceres
877 479 926 558 E.
955 483 1003 558 R.
1033 479 1209 561 nnana

913 874 1005 942 VIII.

230 1085 301 1154 Fol.
327 1089 388 1155 121
403 1089 431 1156 b.
455 1088 507 1155 De
529 1088 678 1156 kalendis
700 1087 863 1156 Jannara·
884 1095 1166 1174 contrapositae,
1183 1089 1267 1155 inter
1287 1094 1421 1158 caetera.
1439 1126 1481 1138 -
1498 1089 1535 1156 In
1558 1090 1624 1158 illis
1647 1095 1735 1159 rete·

186 1195 309 1262 teribus
332 1197 538 1264 sacramentis
561 1197 616 1263 ille
639 1198 920 1284 praefigurabatur
942 1221 1025 1264 unus
1047 1196 1204 1264 Dominus
1231 1201 1340 1264 noster
1363 1197 1457 1265 Jesus
1482 1198 1629 1266 Christus
1652 1221 1736 1267 unus

187 1304 334 1372 sacerdos
357 1305 459 1371 intrat
481 1305 514 1371 iu
539 1311 649 1372 sancta
672 1309 864 1387 sauctorum,
889 1305 1026 1391 populus
1053 1309 1160 1372 autern
1189 1306 1291 1372 omnis
1321 1306 1400 1373 foris
1428 1306 1545 1373 stabat.
1568 1306 1735 1393 Numquid

186 1413 291 1494 modo,
316 1413 465 1499 episcopo
488 1412 528 1478 ad
552 1412 653 1478 altare
677 1411 875 1494 adsistentes,
901 1435 956 1478 vos
979 1412 1058 1480 foris
1085 1414 1184 1482 estis?
1207 1413 1256 1481 Ac
1286 1437 1349 1481 non
1373 1415 1459 1481 intus
1491 1415 1634 1482 intrabat
1656 1421 1735 1483 tuuc

185 1543 269 1586 uuus
292 1520 437 1587 sacerdos
460 1521 493 1586 in
517 1525 627 1586 sancta
650 1505 834 1586 sanctorum
858 1519 956 1586 semel
972 1521 1005 1586 in
1022 1525 1129 1588 anno?
1144 1521 1258 1590 Annus
1275 1527 1380 1589 totum
1404 1527 1531 1608 tempus
1555 1524 1734 1610 signifieat3

187 1628 288 1696 semel
310 1649 388 1714 ergo
411 1629 445 1694 in
469 1633 539 1695 toto
562 1633 717 1713 tempore,
740 1628 884 1694 intrabat
907 1630 941 1694 in
964 1635 1075 1697 sancta
1098 1635 1292 1713 sanctorum,
1315 1653 1380 1697 non
1403 1631 1554 1717 figurata,
1574 1633 1628 1698 sed
1652 1654 1736 1715 vera,

189 1737 276 1803 ultra
298 1736 479 1804 velamenta
502 1736 674 1804 caelorum.
698 1736 790 1803 Unus
812 1737 960 1804 sacerdos
974 1742 1084 1804 noster
1099 1759 1270 1824 resurgens
1286 1761 1306 1804 a
1321 1739 1456 1805 mortuis
1472 1738 1629 1806 Dominus
1644 1739 1737 1806 Jesus
1842 1757 1851 1772 ·

188 1845 335 1912 Christus
358 1845 495 1911 offerens
519 1867 553 1912 se
576 1846 683 1931 ipsum
706 1869 764 1930 pro
787 1846 880 1912 nobis
903 1846 1037 1912 intravit
1061 1847 1154 1914 stibi
1172 1851 1231 1914 est.
1256 1845 1398 1933 Populus
1422 1852 1531 1914 autem
1554 1848 1657 1914 adhuc
1681 1870 1739 1916 no·

190 1954 315 2020 bissum
339 1953 418 2021 ioris
441 1958 523 2033 stat;
547 1953 688 2020 nondum
716 1954 947 2020 resurreximus
969 1955 1016 2022 ire
1047 1955 1174 2021 obviarn
1207 1954 1353 2037 Christo,
1377 1960 1409 2022 et
1438 1977 1564 2041 semper
1586 1978 1658 2022 cum
1681 1956 1739 2023 illo

187 2060 322 2126 interius
346 2082 531 2144 permanere
555 2083 628 2128 cum
651 2061 794 2128 dicturus
818 2065 868 2128 est
890 2062 975 2128 bono
991 2085 1103 2130 servo:
1129 2062 1252 2130 “Intra
1266 2064 1300 2129 in
1323 2063 1476 2149 gaudium
1499 2063 1629 2130 Domini
1652 2064 1701 2130 tui
1720 2112 1733 2143 ,

190 2167 320 2250 (Matth.
334 2192 400 2250 xxv,
414 2167 481 2253 21).
498 2168 569 2236 Hoc
585 2190 663 2255 ergo
678 2169 882 2255 figurabatur
897 2173 974 2238 tunc
990 2194 1048 2257 per
1063 2193 1163 2237 unum
1179 2171 1377 2238 sacerdotem
1392 2171 1566 2239 intrantem
1581 2171 1616 2236 iu
1629 2177 1740 2239 sancta

188 2281 383 2358 sanctorum,
401 2281 434 2343 et
449 2277 604 2363 poputum
620 2277 699 2343 foris
714 2281 863 2360 stantem,
881 2278 966 2363 qnod
981 2301 1067 2346 nunc
1080 2278 1251 2365 impletum
1267 2282 1315 2344 est
1329 2299 1387 2362 per
1404 2277 1576 2352 Dominum
1592 2282 1737 2345 nostrum

188 2383 300 2451 Jesum
324 2385 498 2468 Christum,
522 2387 626 2452 solum
648 2387 824 2453 intrantem
847 2409 945 2473 supra
967 2391 1090 2452 secreta
1112 2385 1285 2468 coelorum,
1301 2389 1334 2452 ct
1354 2384 1510 2471 populum
1533 2386 1637 2452 adhuc
1659 2385 1739 2452 ioris

190 2498 383 2578 gementem,
410 2513 466 2579 epe
489 2495 612 2561 salvum
635 2493 767 2574 iactum,
784 2499 1007 2581 expectantem
1023 2495 1275 2581 redemptionem
1292 2493 1434 2578 corporis
1449 2493 1511 2575 sui,
1526 2486 1607 2577 quae
1630 2491 1742 2560 futura

190 2606 239 2668 est
262 2603 296 2668 iu
319 2603 584 2670 resurrectionem
606 2606 819 2669 mortuorum.

939 2924 997 2992 IX.

237 3141 306 3210 Fol.
332 3144 394 3209 126
409 3143 438 3210 b.
463 3177 506 3190 -
529 3141 573 3208 In
596 3141 679 3209 libro
702 3141 740 3208 de
763 3139 913 3208 kalendis
935 3139 1097 3208 Januarii
1120 3147 1232 3208 contro
1251 3161 1409 3224 pepones,
1432 3141 1516 3207 inter
1539 3144 1675 3207 caetera.
1703 3177 1742 3190 -

194 3249 268 3336 Ipse
292 3251 378 3316 enim
401 3273 545 3316 summus
568 3250 714 3316 sacerdos
736 3269 848 3333 preces
871 3252 998 3314 nostras
1014 3248 1119 3329 offert,
1135 3247 1191 3332 qui
1206 3247 1412 3332 semetipsum
1436 3246 1659 3314 holocaustum
1685 3267 1744 3332 pro

191 3357 284 3424 nobis
307 3357 437 3424 obtulit.
460 3358 535 3443 Ipse
559 3362 608 3424 est
631 3357 687 3442 qui
710 3378 769 3423 nos
791 3355 947 3441 perducit,
972 3356 1177 3440 interponens
1200 3377 1244 3437 se,
1267 3377 1331 3421 non
1353 3358 1389 3420 ut
1412 3354 1573 3420 interdum
1596 3355 1662 3436 dat,
1686 3354 1742 3420 sed

192 3471 231 3531 nt
253 3466 389 3552 dirigat;
414 3489 479 3532 non
502 3470 539 3532 ut
562 3471 699 3550 separet,
724 3464 777 3530 sed
801 3468 838 3529 ut
861 3462 1058 3542 reconciliet;
1082 3467 1114 3528 et
1137 3485 1201 3528 nou
1223 3466 1260 3529 ut
1283 3459 1444 3547 impediet,
1468 3461 1522 3528 sed
1546 3467 1583 3528 ut
1605 3462 1746 3547 impedi·

193 3579 301 3641 menta
324 3576 512 3660 disrumpet.
537 3575 610 3660 lpse
633 3578 682 3641 est
705 3571 852 3658 pontifex
874 3594 957 3637 nnus
981 3575 1014 3637 et
1037 3571 1182 3638 sacerdos
1205 3593 1297 3651 unus,
1321 3571 1376 3654 qui
1402 3571 1682 3656 praefigurabatur
1712 3568 1746 3635 in

194 3683 335 3767 antiquis
358 3683 577 3750 sacerdotibus
599 3682 671 3748 Dei.
695 3681 770 3747 Ideo
792 3679 1009 3766 quaerebatur
1024 3679 1170 3745 sacerdos
1185 3679 1253 3744 sinc
1269 3678 1395 3744 macula
1411 3679 1563 3763 corporis,
1587 3679 1662 3763 quia
1684 3676 1747 3744 ille

194 3790 281 3856 solus
304 3790 372 3856 siue
396 3791 521 3858 macula
543 3791 666 3876 peccati
691 3789 782 3872 vixit,
807 3789 904 3854 etiam
926 3787 958 3853 iu
984 3809 1078 3854 carne
1095 3786 1225 3853 mortali
1240 3808 1314 3852 narn
1330 3786 1415 3870 quod
1437 3787 1471 3852 in
1494 3808 1629 3872 corpore
1650 3807 1744 3872 prae·

194 3897 397 3984 figurabatur
419 3897 559 3980 illorum,
582 3897 615 3964 in
638 3898 726 3964 illius
749 3896 816 3964 rita
838 3895 1095 3983 significabatur.

716 4215 912 4287 SANCTUS
936 4213 1230 4285 HIERONYMUS

525 4329 578 4413 (cf.
602 4327 660 4395 Ed.
684 4327 825 4396 Vallarsi
847 4333 873 4395 t.
897 4327 924 4394 I.
948 4363 992 4378 -
1015 4326 1139 4395 Patrai.
1162 4329 1188 4392 t.
1210 4323 1422 4408 XXI-XXX).
1519 4385 1522 4392 2

377 4596 384 4611 .
474 4542 513 4609 In
536 4543 620 4610 libro
643 4567 661 4610 r
684 4543 786 4610 Isaiae
809 4543 986 4629 prophetae
1011 4542 1080 4628 (lib.
1104 4565 1134 4608 rr
1157 4565 1185 4609 o.
1210 4544 1299 4622 39).
1347 4591 1354 4608 .
1406 4593 1411 4606 .
1461 4591 1468 4608 .
1517 4592 1524 4607 .
1600 4563 1622 4622 1,
1669 4538 1746 4606 398.

377 4701 384 4716 .
476 4649 603 4718 Oceano
628 4651 690 4736 (ep.
715 4652 771 4730 49)
791 4700 1411 4719 ............
1429 4633 1466 4713 ’.
1516 4699 1523 4714 .
1598 4669 1619 4728 r,
1667 4649 1748 4713 659.

475 4759 512 4824 In
537 4759 779 4844 quaestionibus
802 4759 960 4828 hebraicis
983 4756 1065 4845 (cap.
1090 4759 1130 4842 1).
1178 4808 1185 4823 .
1235 4807 1241 4821 .
1291 4807 1298 4821 .
1347 4807 1354 4822 .
1403 4807 1410 4821 .
1461 4808 1466 4822 .
1515 4807 1521 4822 .
1575 4777 1619 4836 111,
1667 4757 1745 4820 959.

380 4918 387 4933 .
477 4864 603 4933 Oceano
624 4913 1523 4934 .................
1577 4884 1622 4943 111,
1670 4862 1747 4927 660.

477 4973 516 5040 In
539 4975 780 5059 quaestionibus
801 4976 960 5042 hebraicis
1012 5026 1018 5040 .
1067 5023 1073 5038 .
1123 5023 1130 5038 .
1179 5022 1186 5036 .
1235 5023 1241 5037 .
1291 5021 1298 5036 .
1346 5022 1353 5037 .
1402 5019 1409 5035 .
1478 4993 1521 5050 111,
1545 4969 1623 5051 959,
1671 4970 1748 5034 960.

478 5080 604 5150 Oceano
626 5127 1526 5150 .................
1603 5095 1624 5159 1,
1672 5077 1749 5145 660.

382 5243 389 5258 .
479 5187 656 5277 Agerutiae
680 5190 718 5257 de
741 5191 969 5276 monogamia.
1008 5219 1011 5224 ·
1017 5234 1526 5254 ..........
1602 5184 1748 5266 1,1053.

477 5297 517 5364 In
540 5298 624 5366 libro
648 5298 872 5366 hebraicorum
895 5297 1078 5364 locorum.
1126 5342 1134 5360 .
1182 5343 1191 5361 .
1237 5343 1245 5358 .
1281 5314 1324 5374 rr,
1349 5293 1425 5374 892,
1449 5292 1526 5374 897,
1551 5291 1627 5375 898,
1673 5291 1751 5358 923.
