3978 6070
587 502 736 598 Orphica
754 503 796 577 de
813 500 1014 596 miqratione
1032 501 1242 575 animarum.
1635 505 1687 564 135

142 677 271 757 Τοότοις
284 678 391 769 μέντοι
402 677 458 744 τόν
472 675 697 768 Ἀριστοτέλην
715 673 930 768 συγχωρήσαι,
946 676 1109 748 παντελῶς
1126 673 1301 764 ἀμήχανον
1320 663 1401 748 δαῖέ)
1425 669 1495 764 γάρ,
1509 671 1613 760 φησὶν,
1627 670 1686 742 τήν

143 785 198 877 μέν
222 784 326 878 ψυχήν
349 796 397 873 τῷ
420 785 545 877 σώματι
567 782 716 876 χρῆσθαι,
740 783 799 856 τήν
825 775 858 849 δέ
881 783 998 874 τέχνην
1024 793 1088 860 τοῖς
1113 783 1270 875 όργάνοις·
1294 778 1337 847 τά
1361 771 1395 846 δέ
1418 782 1537 873 ὄργανα
1559 779 1602 847 τά
1626 785 1689 847 ἀλ-

141 895 254 986 λότρια
276 907 346 974 ταῖς

143 1113 167 1179 f.
190 1114 253 1180 185
277 1133 325 1178 v.:
342 1108 469 1201 τέχναις
489 1103 583 1201 [εἶναι
600 1109 748 1201 ἀχρηστα
763 1107 888 1185 πάσαις.
905 1106 1030 1196 Ταῦτα]
1050 1105 1105 1196 μὲν
1122 1101 1174 1174 οόν
1193 1107 1413 1198 [μυριόλεκτα
1431 1107 1485 1173 καί
1500 1109 1622 1198 ιίρηται
1638 1103 1692 1172 καί
1738 1124 1747 1158 ’-

101 1251 116 1290 ι
143 1218 236 1311 ήμίν]
260 1219 331 1308 περί
359 1221 462 1284 αότῶν
489 1219 536 1309 [ὲν
560 1229 626 1295 τοῖς
649 1227 707 1296 τῆς
731 1208 941 1304 Παλινῳδίας]
967 1217 1198 1306 ὑπομνήμασιν,
1221 1211 1300 1292 ὅπως
1326 1216 1426 1306 [ἐστὶν
1455 1215 1609 1306 ἐλεγκτέα
1638 1205 1691 1280 διά

142 1325 319 1416 πλείονων.]
346 1366 387 1377 -
406 1324 483 1392 Ὀτι
500 1315 534 1391 δὲ
549 1325 603 1391 καί
618 1316 682 1391 Ιιδία
697 1335 760 1390 τῶν
778 1325 901 1415 ἀλόγων
919 1325 1003 1390 ἐστὶν
1021 1320 1168 1413 ψόχωσις,
1185 1327 1257 1389 ἀλλ’
1276 1326 1331 1390 οὐκ
1349 1325 1410 1390 ἀπό
1428 1324 1529 1414 μόνων
1551 1334 1613 1390 τῶν
1638 1326 1691 1388 ἀν-

144 1435 301 1530 θρωπίνων
326 1432 443 1526 ψυχῶν,
469 1425 564 1507 δηλοῖ
585 1434 685 1525 λέγων
709 1438 725 1498 ό
750 1433 886 1524 Ὀρφεός·

467 1655 507 1716 A!
531 1648 586 1740 μὲν
611 1642 649 1724 δή
677 1649 777 1741 θηρῶν
802 1650 916 1715 τεκαὶ
940 1655 1054 1715 οἰωνῶν
1073 1649 1266 1739 πτεροέντων

469 1760 591 1848 Ψυχαί,
615 1757 661 1824 ὅτ’
687 1753 808 1838 αίΐζωσι
830 1759 908 1846 λίπῃ
937 1748 971 1824 δέ
995 1781 1046 1848 μιν
1072 1757 1149 1848 ίερός
1171 1756 1255 1836 αἰὼν,

467 1871 537 1932 Τῶν
561 1868 597 1932 οό
618 1892 666 1943 τις
690 1863 793 1956 ψυχήν
816 1865 954 1959 παράγει
968 1867 994 1952 ²)
1018 1856 1113 1955 δόμον
1139 1871 1180 1942 είς
1205 1858 1305 1931 ἀίδαο·
1400 1911 1403 1918 .

455 1980 548 2041 Ἀλλ’
571 1979 668 2041 αὑτοῦ
691 1975 890 2048 πεπότηνται
913 1973 1044 2040 ἐτώσιον
1068 1980 1110 2051 είς
1133 1972 1153 2041 ὅ
1177 1997 1231 2040 κεν
1256 1972 1367 2058 αὐτήν,

452 2082 558 2148 Ἀλλο
582 2078 749 2173 ἀφαρπάζῃ
776 2074 894 2176 μίγδην
919 2083 1045 2173 ἀνέμοιο
1068 2093 1210 2169 πνοῇσιν,

457 2191 597 2257 Ὁππότε
622 2182 648 2256 δ’
673 2190 831 2283 ἄνθρωπος
854 2193 991 2282 προλίπῃ
1018 2190 1093 2280 φάος
1116 2193 1246 2272 ἠελίοιο,

468 2297 583 2389 Ψυχάς
607 2299 766 2375 ἀθανάτας
790 2299 926 2393 κατάγει
946 2299 1120 2377 Κυλλήνιος
1144 2301 1258 2391 Ἑρμῆς

91 2435 117 2472 ιι
465 2407 560 2482 Γαίης
584 2409 613 2484 ἐς
636 2405 800 2496 κευθμῶνα
823 2404 1045 2498 πελώριον

147 2619 192 2682 Δι’
217 2613 259 2684 ὧν
283 2617 341 2698 τάς
359 2619 415 2706 μὲν
433 2619 624 2712 ἀνθρωπίνας
640 2617 741 2711 ψυχάς
759 2620 908 2706 βοόλεται
924 2632 1037 2712 χωρεῖν
1055 2625 1097 2698 τίς
1111 2621 1167 2686 τόν
1182 2620 1368 2711 ὑποχθόνιον
1384 2621 1493 2706 τόπον,
1514 2621 1692 2714 καθάρσεως

145 2727 237 2794 ἕνεκα
261 2728 314 2792 καί
338 2729 509 2818 κολάσεως,
525 2729 579 2794 καὶ
598 2734 639 2806 είς
657 2728 700 2794 τά
718 2721 921 2820 δεσμωτήρια
938 2740 995 2805 τῆς
1012 2730 1132 2806 τίσεως·
1150 2729 1207 2806 τάς
1225 2722 1259 2797 δέ
1275 2740 1337 2796 τῶν
1355 2731 1479 2823 ἀλόγων
1504 2735 1600 2796 αὺτοῦ
1624 2731 1694 2821 περί

145 2839 200 2904 τόν
226 2839 301 2929 ἀέρα
325 2839 500 2922 πωτᾶσθαι,
518 2839 625 2930 μέχρις
642 2839 678 2903 ἀν
696 2844 737 2915 εἰς
754 2839 838 2903 ἀλλα
855 2837 990 2928 Ισώματα
1006 2839 1102 2904 πάλιν
1119 2831 1292 2906 ὲνδιθῶσιν·
1312 2846 1338 2906 εί
1355 2833 1383 2906 δ’
1400 2836 1480 2915 ήσαν
1497 2839 1551 2904 καὶ
1575 2845 1607 2904 αἱ
1630 2848 1694 2905 τῶν
1743 2867 1747 2875 Δ

146 2948 270 3038 ἀλόγων
293 2947 446 3038 ψυχώσεις
463 2947 525 3014 ἀπό
541 2945 648 3038 ψυχῶν
666 2947 863 3039 ἀνθρωπίνων
880 2948 993 3036 μόνων,
1009 2947 1111 3027 πάσας
1128 2941 1191 3015 ἔδει
1207 2949 1301 3040 φάναι
1317 2950 1372 3016 τόν
1390 2950 1506 3040 Ἑρμῆν
1523 2955 1564 3026 είς
1581 2942 1657 3035 ᾅδου
1667 2947 1693 3036 ³)

91 3080 118 3116 ιο
145 3056 298 3147 κατάγειν
322 3056 341 3130 ή
367 3055 642 3148 καθαρθησομένας
666 3055 685 3130 ἢ
711 3055 999 3147 κολασθησομένας,
1023 3059 1126 3149 ὥσπερ
1150 3058 1204 3124 καί
1228 3058 1362 3124 Πλάτων
1385 3069 1476 3143 ποιεῖ,
1501 3055 1555 3123 καί
1578 3051 1637 3134 τὰς
1660 3063 1695 3124 ἐν.

146 3176 209 3230 τῶν
234 3165 368 3258 ἀλόγων,
394 3165 585 3256 ἀνθρωπίνας
610 3153 644 3228 δὲ
667 3167 769 3247 οὔσας,
795 3160 896 3253 ψυχάς
920 3170 961 3241 τίς
984 3165 1040 3230 τόν
1064 3167 1123 3230 ὑπο
1147 3175 1206 3256 γῆς
1230 3165 1327 3231 τόπον
1357 3163 1499 3256 ἀπάγων,
1523 3164 1578 3229 καί
1599 3164 1695 3230 πάλιν

147 3271 264 3338 ἐκεῖθεν
288 3273 429 3338 στέλλων
454 3277 496 3349 εἰς
520 3271 619 3347 ἀλλας
638 3273 712 3356 βίων
730 3273 869 3362 αἱρέσεις,
886 3269 906 3334 ἀ
923 3262 961 3342 δή
980 3271 1128 3363 πρότερον
1146 3265 1358 3363 ἐπεδείξαμεν·
1377 3272 1446 3338 ἐπεὶ
1468 3272 1523 3337 καί
1546 3271 1588 3338 τά
1611 3273 1696 3338 ἄλλα
1770 3283 1777 3298 ”

146 3384 219 3470 παρ’
245 3379 380 3471 Ὀρφέως
396 3377 630 3469 ἐμυθολόγησαν
647 3370 764 3456 λαόὼν,
780 3373 843 3443 οἷον
869 3379 919 3444 ὅτι
943 3381 973 3443 ἐν
991 3388 1036 3463 τῷ
1053 3376 1217 3470 Ἀχέροντι
1233 3377 1475 3470 καθαίρονταιί)
1501 3377 1555 3443 καί
1573 3377 1696 3472 τυγχά-

147 3512 249 3552 νουσιν
272 3489 427 3578 εὐμοιρίας
452 3485 553 3564 τινός·

83 3663 120 3778 ¹2⁵
473 3708 512 3768 01
536 3701 591 3793 μέν
615 3707 645 3767 κ’
672 3701 840 3794 εόαγέωσιν
864 3699 914 3766 ὑπ’
932 3698 1031 3792 αόγάς
1046 3703 1163 3776 ήελίοιο

472 3806 567 3889 Αότις
592 3809 807 3901 ἀποφθίμενοι,
833 3811 1057 3900 μαλακώτερον
1082 3804 1167 3876 οἶτον
1191 3811 1325 3900 ἔχουσιν,

460 3923 511 3983 Ἐν
536 3924 624 4004 καλῷ
648 3921 779 4009 λειμῶνι
804 3916 973 4009 βαθύρροον
998 3919 1075 4008 ἀμφ’
1100 3917 1283 4008 Ἀχέροντα.

149 4140 173 4206 f.
200 4139 282 4205 186:
307 4134 362 4199 καὶ
385 4136 437 4200 ότι
464 4127 666 4220 [κολάζονται
689 4136 720 4199 έν
744 4143 790 4218 τῷ
815 4133 978 4224 Ταρτάρῳ·

475 4348 523 4415 Τά
548 4339 575 4414 δ’
601 4340 695 4413 ἄδικα
709 4345 733 4433 ⁵)
760 4339 920 4439 ῥήξαντες]
949 4350 996 4413 ὑπ’
1024 4346 1124 4440 αόγάς
1146 4349 1265 4424 ἠελίοιο

456 4450 662 4548 Ὕόρισταὶθ)
689 4457 898 4548 [κατάγονται
920 4456 1156 4544 όπο]πτωκάτω
1179 4466 1288 4522 κυτοῖο

474 4564 637 4655 Τάρταρον
661 4567 690 4639 ές
714 4561 866 4654 κρυοέντα
880 4615 887 4631 .
903 4614 932 4632 ..

197 4779 254 4846 Διά
270 4778 329 4872 γάρ
347 4779 467 4847 τοότων
484 4789 587 4869 σαφῶς
604 4779 661 4855 τάς
676 4775 879 4854 πλατωνικάς
896 4768 1052 4856 διατάξεις
1067 4773 1139 4865 περί
1156 4783 1219 4838 τῶν
1243 4773 1303 4837 ὑπό
1326 4780 1385 4863 γῆς
1408 4766 1529 4850 λήξεων
1554 4769 1700 4858 φαίνεται

153 4882 329 4981 προλαόὼν,
354 4890 456 4980 ὥσπερ
479 4887 534 4954 καί
556 4886 614 4964 τάς
637 4887 786 4979 περὶτῶν
803 4882 1087 4976 μετεμψυχώσεων.
1104 4887 1140 4946 El
1157 4873 1190 4949 δὲ
1205 4891 1311 4946 ταῦτα
1326 4880 1476 4970 ἑπόμενος
1502 4884 1609 4969 Ὀρφεῖ
1632 4868 1700 4942 διοι-

192 5159 214 5235 Ι)
233 5159 272 5216 M.
291 5175 347 5216 om.
368 5163 412 5211 δεῖ.
988 5154 1012 5228 ⁴)
1031 5151 1068 5208 Η.
1088 5157 1131 5205 καί
1149 5153 1285 5222 θάρροντιιι.
1304 5147 1375 5206 cod.
1395 5147 1564 5218 καιθαὶριντυι
1583 5144 1634 5202 sic.

190 5249 212 5323 Ι)
231 5249 269 5305 Η.
290 5253 401 5319 παράπιι
421 5246 503 5317 ψυχήν
521 5247 597 5318 δόμον
617 5245 669 5302 sio.
989 5242 1014 5315 ⁵)
1032 5241 1070 5298 Η.
1091 5237 1110 5312 ᾧ
1130 5239 1153 5292 δ’
1172 5240 1254 5292 ἄδικα.

190 5338 214 5413 ³)
233 5338 269 5394 H.
288 5335 310 5395 f.
330 5337 390 5394 121.
989 5331 1013 5404 ὅ)
1032 5329 1071 5385 M.
1087 5325 1213 5400 Ὕόρινθ
1234 5329 1269 5394 αί,
1289 5324 1377 5399 paulo
1396 5327 1465 5398 post
1484 5330 1516 5377 τὰ
1534 5326 1700 5383 πλατωνικάς.
