4022 6072
837 519 875 592 iu
891 519 1052 612 psalmos.
1686 533 1721 590 νο

176 693 358 787 ρανάλωμα,
382 695 401 768 ἦ
427 697 583 784 πολεμίων
604 695 857 788 αἰχμαλώτευμα
882 697 923 763 τοὶ

173 802 232 870 ὑπὸ
257 802 378 868 τούτων
401 801 610 894 συναχθέντα.

977 699 1127 785 parandis
1150 700 1326 783 thesauris,
1350 702 1426 767 dum
1448 701 1531 766 fiunt
1560 701 1722 770 latronum

977 808 1106 893 rapina,
1129 813 1186 876 out
1208 807 1433 874 calumniantis
1456 809 1639 894 subreptio,
1664 815 1721 877 out

976 915 1117 982 hostium
1132 920 1227 1001 capto
1244 916 1372 1002 praeda,
1389 937 1607 1001 quaecumque
1626 918 1723 984 colle·

976 1027 1105 1110 gerunt.

761 1343 961 1414 PSALMUS
984 1345 1133 1414 XXXIX.

590 1584 619 1628 ν.
646 1564 697 1628 18.
722 1557 804 1653 Ἐγὼ
828 1550 862 1626 δὲ
884 1561 1011 1650 πτωχὸς
1035 1562 1089 1626 καὶ
1111 1561 1206 1639 πενης
1229 1564 1302 1651 εἰμί.

687 1671 758 1756 Epo
781 1693 852 1738 sum
877 1693 994 1756 opertus
1019 1679 1048 1738 ot
1065 1693 1207 1756 pauper.

218 1884 348 1974 Πτωχὸς
365 1882 421 1974 μέν
433 1885 518 1949 έστιν
537 1887 552 1948 ὁ
570 1885 632 1949 ἀπὸ
648 1885 787 1950 πλουτου
804 1890 919 1952 κατελ-

173 1994 233 2059 θὼν
257 1999 299 2070 εἰς
322 1985 440 2060 ἔνδειαν
464 1993 548 2060 κατέ
571 1995 609 2060 τὸ
634 1995 704 2086 περὶ
727 2005 783 2060 τοῦ
808 1999 921 2085 Κυρίου

173 2103 352 2192 εἰρημένον,
377 2103 427 2167 ὅτι
449 2094 489 2166 dr*
515 2106 598 2192 ἡμᾶς
622 2103 803 2195 έπτώχευοε
826 2105 922 2170 πλού-

175 2233 237 2285 σιος
255 2206 308 2274 ὢν·
325 2209 420 2285 πένης
438 2201 470 2274 δέ
487 2213 501 2274 ὁ
518 2203 551 2289 έξ
571 2215 670 2302 ἀρχῆς
687 2217 717 2278 ἐν
742 2203 843 2297 ἐνδείᾳ
866 2211 920 2296 ὢν,

172 2319 226 2383 καὶ
249 2317 419 2408 εὐαρέστως
443 2327 488 2400 τῷ
520 2321 621 2408 Κυρίῳ
646 2311 835 2407 κιιῧερνήσας
859 2319 919 2393 τὴν

173 2428 323 2500 τοιαύτην
347 2429 540 2517 περίστασιν.
558 2429 593 2493 Ὁ
615 2421 649 2495 δέ
672 2421 768 2494 Azuid
791 2431 919 2520 πτωχὸς

174 2536 227 2599 καὶ
249 2535 343 2610 πένης
373 2528 451 2600 εἶναι
483 2539 647 2626 ὁμολογεῖ·
679 2535 766 2625 τάχα
799 2536 853 2627 μέν
878 2543 918 2614 εἰς

171 2642 335 2733 πρόσωπον
360 2653 415 2707 τοῦ
441 2646 574 2733 Χριστοῦ
591 2653 685 2708 τοῦτο
702 2643 814 2733 λέγων,
836 2669 921 2711 πτω-

170 2761 227 2839 χοῦ
253 2751 307 2839 μὲν
332 2743 572 2839 ὀνομαζομένου,
599 2749 745 2816 κατὰτὸ
770 2743 809 2816 δι’
835 2755 918 2840 ημᾶς

171 2856 362 2948 ἑπτώχευσε,
385 2859 531 2936 πλούσιος
556 2857 609 2924 ὥν·
624 2859 757 2935 πένητος
782 2849 824 2944 δέ,
840 2859 918 2924 καθὸ

173 2968 206 3029 οὐ
230 2966 381 3030 πλουσίου
406 2967 499 3050 τινὀς,
524 2965 608 3030 ἀλλὰ
625 2967 772 3044 τεκτένος
796 2969 859 3044 υἱὸς
880 2968 918 3032 ‘cd

171 3072 256 3137 uerri.
281 3073 383 3164 σάρκα
406 3065 493 3152 ἔδοξε
524 3076 733 3164 χρηματίσαι.
759 3075 853 3166 Τάχα
885 3066 918 3142 δὲ

172 3183 225 3245 καὶ
248 3182 317 3272 περὶ
344 3187 468 3266 ἑαυτοῦ,
492 3185 616 3274 ὲπεέπερ
644 3175 715 3256 ἤδει
746 3184 831 3250 κατέ
863 3187 918 3251 τὸν

172 3283 242 3354 'rut
259 3288 301 3379 μὴ
322 3288 608 3380 θησαυροφυλακεῖν
625 3291 667 3357 roi
688 3296 811 3376 ἑαυτοῦ,
836 3285 919 3382 μηδὲ

171 3403 211 3474 ὡς
238 3389 303 3481 ἰδίῳ
327 3400 489 3488 προσέχειν
515 3409 560 3483 τῷ
581 3400 720 3485 πλούτῳ,
745 3406 916 3491 οἰκονομεῖν

173 3497 206 3574 δέ
229 3506 335 3572 πάντα
359 3505 444 3572 κατὰ
469 3507 506 3572 τὸ
531 3506 655 3598 θέλημα
679 3517 735 3574 τοῦ
759 3515 837 3574 θεοῦ
850 3507 886 3593 ¹).

1018 1887 1174 1972 Equidem
1197 1907 1317 1972 egenus
1334 1891 1383 1952 est
1398 1886 1453 1970 qui
1470 1909 1506 1952 ex
1529 1888 1649 1956 divitiis
1672 1891 1721 1957 di·

974 1997 1096 2062 labitur
1111 1996 1151 2062 od
1163 1996 1314 2080 inopiam,
1323 1997 1417 2081 juxto
1430 1997 1563 2062 verbum
1580 1997 1720 2079 Domini,

975 2104 1061 2188 quod
1084 2093 1216 2188 proptor
1238 2125 1297 2168 nos
1316 2124 1435 2188 egenus
1458 2103 1562 2170 fautus
1587 2108 1645 2186 est,
1663 2106 1721 2189 qui

975 2211 1062 2276 divos
1078 2214 1165 2288 erot3
1183 2231 1306 2296 pauper
1323 2232 1408 2291 vero,
1425 2211 1480 2294 qui
1496 2212 1722 2295 cumprimum

975 2321 1059 2384 esset
1075 2317 1176 2401 inops,
1190 2317 1272 2383 hano
1288 2317 1499 2383 conditionem
1517 2318 1556 2384 ud
1571 2317 1722 2403 benepla-

975 2428 1072 2493 oitum
1099 2427 1229 2492 Domini
1245 2427 1366 2512 dirigit.
1391 2425 1453 2492 Sed
1473 2427 1574 2492 David
1599 2448 1720 2512 egenus

974 2557 1011 2601 uo
1034 2556 1158 2619 pauper
1189 2555 1255 2599 esse
1286 2533 1468 2600 confitetur.
1493 2533 1555 2600 Vel
1585 2534 1721 2602 fortasse

975 2664 1142 2727 porsonam
1167 2641 1286 2708 Christi
1302 2663 1417 2727 gersus
1433 2643 1478 2708 sio
1494 2641 1648 2727 loquitur,
1672 2644 1718 2709 its

976 2756 1012 2818 ut
1034 2773 1157 2836 pauper
1172 2751 1242 2817 ideo
1260 2751 1384 2818 dicutur
1400 2751 1494 2836 quod,
1511 2774 1611 2836 quum
1634 2753 1720 2819 divos

974 2865 1066 2940 osset,
1084 2865 1217 2944 propter
1233 2881 1290 2924 nos
1306 2879 1424 2943 egenus
1441 2858 1544 2924 factus
1560 2864 1627 2937 ost3
1643 2883 1721 2944 puu-

974 2972 1163 3055 perautsm,
1176 2967 1209 3032 in
1222 2967 1356 3052 eoquod
1373 2989 1436 3034 non
1450 2968 1558 3033 divitis
1574 2967 1721 3053 alicujus,

973 3079 1027 3144 sed
1051 3077 1135 3144 fubri
1151 3078 1236 3143 filius
1253 3077 1426 3144 secundum
1442 3100 1570 3144 curnem
1586 3075 1720 3142 vocitari

973 3187 1060 3252 uisus
1076 3190 1134 3252 est.
1153 3183 1213 3252 Vel
1230 3185 1366 3252 tortuoso
1382 3185 1421 3250 do
1436 3186 1540 3270 seipso
1556 3185 1660 3252 David
1671 3184 1720 3250 lo·

972 3295 1094 3379 quitur,
1111 3294 1186 3378 quis
1209 3293 1318 3362 didicit
1335 3293 1382 3360 uti
1398 3293 1419 3360 J
1422 3294 1473 3375 ob,
1491 3315 1554 3358 uon
1574 3292 1718 3360 custodis

973 3401 1108 3468 condere
1131 3401 1299 3468 thesauros
1316 3424 1399 3482 suos,
1415 3423 1519 3486 neque
1534 3401 1648 3485 opibus
1671 3398 1720 3466 uti

973 3511 1065 3595 quasi
1087 3510 1237 3595 propriis,
1261 3511 1315 3577 ssd
1339 3511 1445 3578 omniu
1468 3511 1651 3596 dispensato
1674 3531 1721 3574 ss·

973 3617 1112 3686 cundum
1134 3618 1195 3685 Dei
1218 3617 1429 3684 voluntatem.

777 3941 975 4010 PSALMUS
998 3941 1113 4008 XLIX.

348 4179 378 4223 ν.
403 4159 457 4224 21.
481 4162 507 4222 T
510 4167 591 4221 αὕτα
615 4155 774 4240 έποιήοας,
798 4157 853 4222 καὶ
876 4158 1043 4249 έσίγησα...
1060 4149 1177 4248 ἐλέγξω
1202 4179 1235 4222 σε
1258 4156 1312 4220 καί
1335 4154 1540 4228 καθαστήσω.

286 4267 377 4334 Haeo
401 4267 511 4350 fecisti
537 4273 567 4333 et
593 4269 674 4334 situi
769 4289 907 4353 orpuam
934 4276 964 4335 te
991 4273 1021 4336 et
1047 4275 1191 4336 statuam
1218 4274 1332 4336 contro
1358 4268 1475 4351 sociem
1504 4273 1603 4333 tuom.

216 4481 339 4572 ’Ὠσπερ
362 4481 422 4574 γὰρ
446 4489 465 4556 ἡ
492 4481 564 4546 σκιὰ
595 4491 640 4565 τῷ
670 4481 813 4572 σώματι,
837 4482 919 4546 οὗτοι
1019 4480 1065 4547 Ut
1088 4500 1205 4565 oorpus
1229 4477 1344 4542 umbra
1365 4474 1522 4561 sequitur,
1538 4473 1584 4539 sio
1599 4471 1721 4538 animas

169 4600 238 4666 ταῖς
262 4589 376 4680 ψυχαῖς
394 4599 426 4655 αἱ
442 4592 592 4681 ἁμαρτίαι
608 4591 814 4680 παρέσονται,
831 4593 920 4679 ἑναρ-
972 4593 1113 4676 peccatu,
1129 4589 1177 4654 ita
1192 4584 1337 4673 publicos
1353 4587 1443 4650 actus
1459 4581 1659 4668 impudentia
1670 4601 1721 4647 οο-

166 4710 231 4790 γεῖς
252 4698 308 4775 τὰς
326 4693 451 4788 πράξεις
470 4700 578 4764 καὶτὸ
596 4701 817 4788 ἀναίσχυντον·
837 4697 919 4763 αὐτὰ
972 4700 1123 4765 mitutur:
1140 4697 1367 4781 cujuscumque
1384 4689 1568 4758 testimonio
1583 4692 1659 4754 sunt
1672 4686 1720 4752 fa-

168 4811 228 4899 γόιρ
240 4807 377 4872 ἑκάστου
394 4818 549 4897 μαρτυρεῖ
563 4805 605 4872 τοὶ
617 4807 793 4899 πράγματα
808 4809 841 4870 οὺ
859 4829 922 4896 pu·
972 4808 1090 4888 oinors,
1104 4805 1182 4892 quin
1193 4825 1303 4870 rocem
1316 4803 1476 4881 emittunt,
1489 4799 1544 4864 sed
1559 4797 1638 4864 tulis
1655 4819 1720 4862 ms·

167 4915 223 4987 νην
248 4915 390 5005 ἀφιέντα,
408 4915 491 4981 ἀλλὰ
515 4927 648 4982 τοιαῦτα
665 4915 850 5005 φαινόμενα,
868 4912 918 4980 οἷα
972 4917 1138 4997 nifsstont,
1162 4913 1270 4999 qualia
1297 4935 1355 4999 por
1382 4933 1439 4978 nos
1462 4913 1645 4996 patrantur.
1673 4907 1720 4974 Ut

167 5028 217 5112 ὑφ’
242 5029 333 5114 ὴμῶν
364 5023 635 5089 κατεσκεύασται·
661 5023 745 5090 κατὰ
776 5023 837 5115 γὰρ
862 5023 918 5089 τὸν
972 5025 1057 5090 enim
1080 5022 1161 5088 dixit
1184 5020 1282 5088 Osse:
1309 5016 1576 5086 “circumcludet
1603 5034 1720 5080 unum·

169 5133 277 5208 Ὠσηέ·
295 5133 458 5200 Κοκλώσει
473 5133 606 5200 ἕκαστον
624 5133 663 5200 τὰ
681 5125 846 5200 tutiora
863 5137 919 5200 αὐ·
972 5154 1131 5220 quemquo
1154 5153 1213 5198 sus
1227 5129 1398 5210 soousstio,
1414 5137 1447 5195 st
1460 5126 1636 5193 videbimus
1651 5145 1720 5190 orn·

207 5366 227 5439 ¹)
245 5365 305 5423 Job
324 5381 406 5438 rxxr,
425 5365 468 5422 25.
