4022 6072
151 541 238 686 s*
760 561 924 634 adversus
942 557 1197 632 Μακίοάιιοοε.’
1706 570 1740 625 u

114 687 153 717 f

240 734 314 818 Κεφ.
338 728 371 798 1'.
396 728 457 794 Καί
481 734 501 803 ἡ
528 728 583 818 μὲν
608 719 660 794 διὰ
683 739 741 805 τῆς
765 725 866 818 ψυχῆς
890 729 943 820 γε’-
1043 735 1115 819 Κεφ.
1139 730 1199 794 ΛΖ’
1225 731 1277 814 [εί.
1300 729 1380 817 Mil.
1405 730 1450 796 Τὸ
1474 722 1507 796 δὲ
1529 742 1585 797 τοῦ
1607 737 1695 798 Θεοῦ.

197 857 309 909 νεσις...
334 826 558 900 ἀποδείκνυται
580 837 619 900 τὸ
643 837 851 926 προκείμενον.
1042 843 1114 924 Κεφ.
1138 836 1200 901 ΑΠ’
1224 838 1277 922 [ul.
1300 839 1380 924 AV}
1401 836 1528 927 Ἔτερόν
1560 841 1627 904 ἐστι
1657 841 1742 932 παρά

241 949 315 1034 Κεφ.
338 943 399 1008 ἰδ’.
425 944 486 1008 Καί
503 949 529 1008 εί
546 943 681 1035 ἄναρχος
699 935 941 1009 ἀντιδιέσταλτο
997 943 1033 1008 τὸ
1059 941 1197 1034 θάτερον.

197 1053 255 1118 bis.
1042 1057 1116 1139 Κεφ.
1140 1051 1205 1116 ΛΘ’
1229 1053 1281 1138 [al.
1305 1053 1389 1139 uu‘J.
1416 1053 1458 1118 Τό
1483 1077 1518 1120 τε
1542 1052 1654 1145 θερμόν
1675 1059 1742 1120 ἐστι

242 1165 317 1248 Κεφ.
341 1160 400 1228 lu'.
424 1165 569 1235 Γενητοῒς
585 1159 640 1224 καί
655 1161 714 1251 πρὸ
732 1171 787 1224 τοῦ
811 1157 942 1248 ἐνάρχου
997 1157 1112 1222 καὶτὸ
1136 1155 1262 1248 ψυχρόν.

198 1263 276 1333 εἶναι
300 1267 355 1358 μὲν
380 1269 531 1358 ἄναρχον,
556 1267 599 1357 μὴ
632 1260 943 1334 ἀντιδιαστέλλεσθαι
1043 1269 1116 1354 Κεφ.
1141 1268 1179 1330 Μ’
1207 1269 1257 1351 [al.
1282 1268 1364 1355 AE'J.
1388 1271 1449 1335 Τὸν
1475 1264 1507 1336 δὲ
1531 1270 1742 1361 μοιχεύσαντα
1772 1259 1775 1266 ’

198 1367 232 1444 δὲ
254 1387 319 1453 τοῖς
342 1377 492 1467 ἑνοίρχοις.
997 1369 1106 1465 ψόγου.

243 1489 316 1574 Κεφ.
340 1487 396 1550 liv.
422 1493 473 1568 Τῷ
491 1476 579 1568 ἀϊδίῳ
596 1495 713 1570 κακῷ...
730 1495 796 1561 τοῖς
820 1488 871 1548 ὑπ’
894 1484 945 1546 αὐ·
1042 1487 1116 1571 Κεφ.
1141 1485 1202 1547 MB'
1229 1486 1282 1569 [al.
1305 1484 1388 1572 ΛΖΊ.
1407 1491 1441 1550 Εἰ
1457 1487 1541 1574 νόμῳ
1566 1487 1742 1579 ἀπηγορεύ-

198 1601 272 1656 τοῦ.
287 1641 315 1655 ..
998 1615 1109 1680 μενα...
1133 1593 1187 1656 καί
1211 1597 1237 1657 εὶ
1260 1603 1365 1658 κακῶν
1389 1601 1408 1668 ἀ
1435 1591 1551 1685 ψυχή...

242 1917 315 2000 Κεφ.
340 1915 397 1980 1z'.
421 1914 499 2003 Πρὸς
527 1913 681 1997 ἀλλήλας,
706 1912 777 1989 τοὺς
803 1914 941 1988 οἰκείους.
1042 1919 1116 2002 Κεφ.
1141 1918 1204 1978 ME‘
1230 1916 1280 2001 [ιΙ.
1298 1917 1360 2002 M'l.
1378 1916 1438 1980 Καὶ
1454 1917 1648 2010 παραγαγὼν
1666 1917 1738 1996 τοὺς

243 2025 316 2110 Κεφ.
341 2023 407 2085 ΚΑ’
432 2022 483 2107 [σί.
508 2020 574 2106 ΙςἹ.
599 2021 713 2086 Λευκὸν
737 2021 791 2084 καί
816 2022 942 2109 μέλαν...
996 2022 1200 2098 ποιήσαντας.

242 2135 317 2218 Κεφ.
342 2129 399 2192 ΚΚ
428 2132 480 2215 [al.
504 2131 574 2216 122¹..
600 2134 944 2195 Ἀντικεῖταιὺπεναν-
986 2129 988 2134 ’
1043 2132 1117 2215 Κεφ.
1141 2131 1201 2203 Μς·’
1228 2130 1278 2214 [al.
1304 2121 1393 2216 ΜΑ’].
1418 2123 1589 2198 Ἀδύνατον
1606 2135 1697 2224 ἔχειν.

199 2239 300 2312 τίως...
325 2240 516 2326 πολεμίως...
1043 2241 1119 2325 Κεφ.
1143 2237 1208 2300 MZ'
1232 2238 1285 2322 [ul.
1310 2231 1399 2324 ΜΑ’].
1425 2233 1588 2318 Εὑσείίείας
1615 2233 1743 2306 παιδευ-

238 2351 318 2435 »Κεφ.
342 2347 400 2410 ΚΔ’
428 2347 480 2431 [ul.
505 2349 578 2432 10¹1.
599 2344 719 2440 Ὠσπερ
737 2336 775 2419 δὴ
801 2343 941 2422 ἀληθές...
997 2344 1091 2434 τήρια
1111 2345 1164 2408 καί
1181 2354 1285 2409 κακῶν
1303 2336 1337 2408 δε
1355 2337 1498 2436 διττῶς...
1517 2348 1609 2436 μέχρι
1624 2371 1744 2437 προση-

198 2464 252 2520 τοῦ
276 2465 334 2520 ποῦ
358 2449 445 2531 εἶναι,
462 2455 586 2520 καὶτοῦ
603 2453 704 2544 ἀρχὴν
729 2448 815 2536 εἶναι,
841 2455 942 2544 ὥσπερ
997 2454 1134 2544 γορίοις...
1160 2451 1213 2515 καί
1235 2451 1365 2540 πρόνοια
1388 2462 1450 2517 τῶν
1474 2453 1572 2517 ὄντων
1596 2457 1742 2546 τροφίμοι

197 2563 234 2628 τὸ
258 2571 347 2652 πῦρ...
371 2569 411 2639 ὡς
435 2563 488 2628 καί
511 2563 548 2627 τὸ
572 2573 640 2652 πῦρ.
997 2569 1055 2632 τῆς
1080 2555 1237 2633 ἀληθείας.

242 2675 316 2760 Κεφ.
333 2671 365 2736 Λ’
385 2673 436 2758 [al.
455 2672 540 2757 ΚΕΊ.
558 2679 630 2747 Τοῖς
646 2680 800 2761 γενητοῖς,
817 2663 869 2733 ἶσα
887 2667 941 2758 μὲν
1043 2669 1116 2753 Κεφ.
1143 2666 1210 2728 Mu'
1237 2668 1289 2749 [ul.
1314 2664 1400 2751 ΜΒΊ.
1418 2659 1634 2756 συριῧείηκῶςε
1652 2659 1707 2731 είδ*
1725 2672 1740 2731 ὁ

196 2789 241 2862 τῷ
265 2779 375 2869 χρόνῳ,
402 2783 457 2844 οὐκ
479 2773 532 2843 ἶσα
556 2769 618 2844 δι’...
997 2771 1112 2865 ἀγαθὸς
1130 2775 1229 2850 οὐσία,
1246 2771 1396 2863 ὁάγαθάς
1409 2775 1498 2839 ἔσται
1512 2768 1741 2864 συμῧείηκός...

242 2891 315 2975 Κεφ.
340 2887 400 2950 Au‘
428 2887 480 2972 [ul.
505 2886 577 2970 ΚΖ]
612 2883 704 2949 Κατά
724 2894 846 2960 κτῆσιν,
872 2883 943 2948 τοὺ·
997 2878 1080 2944 ἀλλά
1098 2880 1134 2942 τὸ
1152 2877 1339 2969 αὐθαιρέτως
1354 2875 1524 2969 συμίαίνον
1542 2884 1573 2947 ἐν
1591 2892 1660 2959 ταῖς
1678 2892 1740 2947 τῶν

199 3017 260 3058 των
285 2993 425 3084 τάγαθὸν
450 2997 484 3060 οὐ
510 2993 715 3083 κατὰφύσιν.
996 2991 1026 3052 λ.
1051 3010 1081 3052 κ.
1105 2979 1261 3074 πράξεσιν.

241 3105 314 3190 Κιφ.
338 3103 397 3166 ΛΓ’
423 3103 476 3186 [σί.
502 3101 588 3187 ΚΚῚ.
612 3099 732 3189 Πάσχει
756 3096 803 3162 ἀεί
825 3089 881 3162 τίδ’
907 3100 941 3161 οὐ
1041 3101 1115 3187 Κεφ.
1139 3097 1206 3159 ΜΘ’
1225 3096 1277 3181 [al.
1293 3096 1380 3182 ΜΠ.
1396 3101 1464 3172 Πῶς
1482 3099 1516 3161 οὐ
1533 3106 1590 3173 τῆς
1615 3099 1757 3187 ἀγνοίας

198 3209 326 3298 πάσχει.
996 3206 1049 3270 καί
1073 3197 1215 3280 ἀσείείας
1239 3209 1267 3268 oi
1282 3203 1341 3275 τὴν
1359 3215 1414 3269 τοῦ
1431 3202 1588 3281 Μάνεντος
1606 3200 1743 3283 ἀσπαζό-

242 3323 315 3406 Κεφ.
340 3309 394 3382 ΛΔ’
425 3319 478 3404 [al.
512 3317 600 3402 KO'1.
629 3315 709 3405 Ἀρα
740 3312 782 3379 τά
810 3313 942 3404 γίνηται,
997 3337 1082 3402 μενοι
1105 3306 1303 3392 κακοδοξίαν.

199 3426 270 3488 ἀλλ’
296 3429 323 3489 ti
346 3425 515 3514 ἀγέννητα.
1085 3461 1089 3466 =

782 3588 1153 3599 Ἥ

303 3861 908 3999 SEVERIANUS
958 3861 1634 3996 GABALITANUS

797 4125 1144 4200 EPISOOPUS.

705 4535 773 4617 [Ἐκ
790 4543 846 4598 τοῦ
863 4531 947 4598 κατὰ
964 4542 1027 4597 τῶν
1045 4534 1230 4621 αἱρετικῶν.]

653 4642 709 4708 Ειι
740 4663 883 4710 sermone
912 4647 1023 4710 contra
1053 4641 1226 4708 haereticos
1251 4636 1288 4723 ¹).

238 4827 304 4887 Πᾶν
321 4822 358 4888 τὸ
371 4819 660 4912 ὁρώμενονῆρέρει
676 4821 801 4897 πάντως
818 4813 938 4911 ὁρᾶται,
1040 4815 1273 4900 Quodcumque
1306 4813 1465 4892 cernitur,
1491 4811 1544 4877 vel
1575 4833 1614 4876 ex
1645 4814 1739 4896 parte
1800 4831 1813 4842 ‘

193 4937 233 5007 ὼς
257 4929 416 5018 ἄνθρωπος
439 4931 493 4995 καί
516 4940 557 5019 γῆ
584 4929 637 4994 καί
661 4930 743 5004 ὅσοις
768 4933 801 4992 οὺ
825 4951 941 5018 παρεκ-
996 4948 1127 5012 prorsus
1151 4923 1316 5011 aspicitur,
1335 4925 1372 4988 ui
1395 4921 1494 4987 homo
1515 4925 1548 4986 ei
1571 4923 1658 4985 terra
1682 4923 1740 4984 aut

193 5038 328 5104 τείνεται
352 5046 424 5119 τῆςε
435 5040 567 5112 ὀπτικῆς
585 5027 742 5123 δυνάμεως
767 5040 786 5108 ἡ
812 5037 943 5106 ἀντίλη-
997 5035 1139 5119 quaevis,
1155 5033 1184 5099 si
1200 5032 1309 5098 nullus
1326 5031 1409 5098 obex
1422 5029 1489 5095 vim
1506 5028 1674 5094 oculorum
1689 5025 1741 5093 iu-

231 5197 253 5267 ¹)
271 5195 318 5252 Ex
336 5194 399 5252 σοᾶ.
420 5195 539 5252 coislin.
565 5195 620 5250 276
647 5194 696 5250 fol.
715 5193 759 5265 41,
778 5194 822 5248 42.
841 5191 940 5250 Dubio
995 5191 1163 5266 etquidem
1183 5190 1314 5263 insignia
1325 5189 1500 5245 inseruntur
1511 5185 1543 5242 in
1560 5181 1741 5241 Damascuni

194 5286 297 5359 procul
305 5286 436 5359 pertinet
446 5285 648 5358 fragmentum
658 5283 697 5340 ad
705 5281 856 5341 severiani
865 5301 939 5355 opus
994 5283 1149 5338 Parallela
1161 5277 1428 5354 Rupefuuuldiuna,
1440 5275 1499 5334 vid.
1514 5276 1626 5331 Patrul.
1637 5277 1657 5327 ί.
1669 5285 1740 5330 xuv1

194 5373 385 5448 inscriptum:
405 5376 559 5433 Aduersus
570 5375 742 5440 haereticos,
757 5388 795 5430 ox
807 5389 866 5446 quo
880 5372 940 5428 alia
993 5371 1047 5429 ool.
1067 5370 1195 5427 buu-536.
