3944 6074
844 415 927 493 soa.
947 415 1079 494 Medis.
1098 419 1290 495 uarietates.

1037 803 1097 871 VI.

337 1016 378 1093 ς’.
402 1019 456 1093 Τίς
479 1020 563 1083 ἐστιν
587 1021 607 1088 ἡ
633 1019 664 1082 ἐν
689 1027 728 1102 τῇ
754 1017 878 1090 ποιήσει
901 1027 956 1083 τοῦ
981 1019 1049 1095 Διὸς
1073 1028 1135 1084 τῶν
1160 1017 1236 1085 θεῶν
1260 1025 1300 1098 εὶς
1324 1024 1385 1113 ἔριν
1406 1019 1600 1098 κατάστασις
1618 1014 1671 1088 διὰ
1694 1014 1819 1113 Θέμιθος,

294 1117 464 1203 ἁνάττυξις
487 1134 545 1201 τῆς
571 1127 647 1203 dume
670 1135 727 1190 τοῦ
752 1125 849 1216 μύθου
875 1125 1013 1218 θεωρίας.

339 1233 568 1316 interpretatio
591 1236 690 1303 tatius
717 1235 858 1319 fabulae,
881 1257 945 1318 qua
967 1236 1102 1317 Jupiter
1124 1236 1198 1304 deos
1220 1259 1241 1304 a
1266 1237 1415 1305 Themide
1436 1247 1618 1307 aamvaaatos
1641 1241 1678 1306 iu
1700 1240 1820 1307 iitemet

288 1362 434 1425 uuquam
456 1343 610 1410 instituit.

337 1557 470 1641 Jupiter
491 1579 604 1626 mamas
627 1565 674 1626 est
696 1561 762 1628 sive
784 1561 896 1628 unitas
918 1561 1133 1643 uniuersalis,
1156 1583 1236 1644 quae
1254 1567 1434 1645 potensest
1457 1564 1522 1629 siae
1545 1563 1620 1630 deas
1642 1565 1679 1630 iu
1701 1564 1821 1646 seipsam

292 1672 480 1747 conuertere,
503 1668 570 1733 sire
592 1668 738 1751 sinuatos
760 1669 804 1734 ad
826 1669 1019 1753 inferiarum
1037 1670 1274 1751 prouidentiam
1305 1670 1489 1736 amandare.
1515 1668 1618 1736 Prius
1638 1672 1687 1751 fit,
1711 1671 1837 1752 quauta

285 1795 349 1855 per
366 1773 547 1842 Themidem
563 1778 630 1842 siae
644 1797 801 1843 summurn
809 1779 869 1861 jus
891 1797 1035 1845 summus
1056 1776 1157 1843 Pater
1172 1777 1246 1842 deos
1261 1783 1416 1858 conuocat,
1429 1779 1592 1858 posterius
1615 1799 1689 1844 aera
1712 1777 1821 1860 quauta
1890 1787 1891 1790 ’

292 1902 331 1948 aa
353 1903 414 1950 sua
436 1886 596 1951 sententia
611 1887 703 1968 jubet
725 1886 799 1953 deos
823 1887 889 1954 siae
912 1907 933 1952 a
957 1885 1036 1953 betta
1060 1884 1222 1965 desistere,
1246 1887 1312 1951 siae
1333 1884 1390 1952 taos
1412 1891 1470 1951 aut
1492 1885 1567 1952 ritas
1589 1885 1753 1968 adjurare.

879 2137 1251 2146 -—-—--—-a-——-—--

336 2313 382 2381 M.
405 2314 463 2382 fol.
488 2317 541 2382 63.
561 2351 604 2364 -
626 2315 650 2382 l.
674 2317 715 2382 41
740 2314 857 2391 παντὸς
881 2315 936 2378 καὶ
958 2314 1041 2388 πλή-
1094 2313 1178 2379 ἀλλὰ
1198 2313 1295 2398 κατὰ)
1314 2313 1397 2379 ἀλλὰ
1412 2315 1466 2379 καθ
1483 2313 1577 2382 κατά.
1594 2353 1638 2364 -
1655 2313 1822 2404 ἀμφοτέροις

293 2419 375 2506 θους)
400 2423 519 2498 παντὸς
542 2433 598 2487 τοῦ
621 2427 676 2490 πλ.
693 2424 776 2489 -1,
800 2427 842 2490 45
867 2421 938 2498 τοὺς
957 2423 1039 2504 Διὸς)
1095 2421 1244 2513 ἀρηγηθ)
1263 2425 1467 2512 ἀμφοτεροισί
1487 2413 1513 2487 θ’
1533 2422 1578 2512 αρ’
1596 2419 1687 2514 ἧγεθ.
1705 2467 1740 2476 -
1755 2424 1774 2489 l.
1788 2425 1821 2487 53

291 2538 347 2593 τοῦ
365 2528 444 2604 Διός.
469 2567 513 2576 -·
535 2531 558 2596 Ι.
583 2532 625 2596 46
650 2519 868 2619 δημιουργίας)
893 2520 1041 2617 θημηγο-
1094 2538 1134 2608 εἰς
1151 2535 1279 2616 ἐκεῖνον)
1296 2537 1336 2608 εἰς
1353 2534 1483 2605 ἐκείνην.
1501 2575 1539 2586 -
1555 2535 1616 2600 Ed.
1638 2559 1671 2620 p.
1689 2533 1819 2613 379,1.1

293 2639 368 2728 ρίας.
385 2673 429 2686 -
445 2639 467 2704 l.
486 2640 528 2704 48
545 2636 668 2712 ἁπάσας
683 2639 755 2723 τῆς)
771 2635 895 2713 ἀπάσης
910 2647 980 2712 τῆς.
998 2675 1038 2686 -
1095 2631 1218 2726 Θεμίθα
1241 2639 1382 2725 κέλευσε)
1407 2638 1540 2728 θέμιστα
1564 2640 1631 2706 κέλ.

291 2747 313 2812 l.
338 2748 379 2812 51
398 2744 597 2836 συνέχονται)
623 2747 825 2834 συνέχονται.
841 2783 885 2794 -
901 2747 923 2813 l.
941 2749 983 2812 52
1000 2745 1040 2820 ὥς
1139 2747 1183 2812 Μ.
1208 2748 1267 2814 fol.
1291 2750 1333 2812 63
1357 2771 1387 2814 v.
1411 2783 1456 2794 -
1477 2746 1500 2812 l.
1525 2751 1544 2812 2
1568 2737 1756 2836 παρέδωκεν)
1772 2766 1821 2806 τι·

291 2876 383 2943 φησιν
408 2857 424 2918 ὁ
447 2853 597 2940 ποιητὴς)
621 2854 660 2928 ὥς
684 2876 777 2942 φησιν
798 2859 817 2927 ἠ
843 2855 978 2928 ποίησις.
1002 2896 1041 2908 -
1097 2843 1281 2941 ροιθέθωκεν,
1304 2891 1349 2901 -
1371 2855 1393 2944 l..
1418 2856 1440 2920 4
1464 2854 1614 2943 εἰγείριιν)
1641 2855 1778 2944 ἀγείρειν.

1028 3175 1104 3242 VII.

337 3393 391 3469 Τίς
414 3396 433 3467 ἡ
460 3401 522 3457 τῶν
548 3391 623 3458 θεῶν
648 3393 755 3483 κρίσις,
779 3398 798 3466 ἠ
817 3394 848 3457 ὲν
865 3401 931 3468 τοῖς
949 3389 1055 3480 μύθοις
1071 3401 1137 3468 τοῖς
1154 3401 1210 3456 τοῦ
1225 3399 1370 3474 ποιητοῦ,
1387 3389 1441 3455 καὶ
1457 3387 1543 3466 τινὰς
1568 3390 1740 3455 αἰνίσσεται
1762 3385 1820 3468 βίον

292 3493 450 3592 διαφοράς.

339 3612 425 3694 Quid
447 3611 511 3680 sibi
532 3612 608 3680 vetit
627 3619 738 3696 poetae
758 3611 873 3697 sabula
897 3611 936 3678 de
960 3611 1087 3694 judicio
1118 3611 1263 3692 deorum,
1288 3617 1318 3678 et
1339 3609 1519 3692 eujusmodi
1546 3611 1629 3675 uitae
1654 3604 1821 3674 discrimina

292 3719 460 3808 sianifiaet.

336 3933 379 3998 In
402 3934 501 4000 trium
518 3934 660 4012 dearum,
677 3931 830 4013 tenonis,
848 3932 1019 3999 Mineruae
1034 3939 1064 3999 et
1086 3932 1217 3999 Veneris
1240 3935 1445 4014 contemtione,
1464 3933 1575 4015 judice
1597 3930 1732 4018 Paride,
1753 3921 1821 3992 mitt

290 4040 383 4106 atiud
406 4047 452 4107 est
468 4062 563 4124 quarn
579 4041 686 4107 eleatia
701 4040 851 4120 vitarum,
869 4042 1040 4106 animabus
1055 4047 1129 4106 aute
1153 4047 1256 4106 ortum
1272 4042 1451 4123 proposita,
1476 4061 1514 4104 en
1536 4037 1691 4106 Platonis
1713 4041 1820 4102 seuten-

291 4149 350 4228 tia,
367 4150 424 4231 qui
446 4149 483 4214 iu
506 4147 653 4214 Phaedra
674 4147 761 4214 docet
783 4149 881 4230 uitam
905 4149 1026 4231 reniam
1049 4168 1116 4214 esse
1138 4147 1292 4228 daunais,
1316 4147 1409 4214 Joais
1428 4147 1690 4230 philosophicam,
1710 4138 1819 4210 Veneris

291 4258 492 4324 natatoriam.
509 4253 612 4322 Paris
620 4255 725 4340 judeae
740 4258 933 4322 constitutus
948 4263 1004 4338 est,
1021 4277 1081 4339 qua
1098 4256 1200 4322 libera
1214 4257 1399 4322 animarum
1413 4255 1520 4321 electio
1535 4255 1745 4338 sianifiaatur.

880 4508 1253 4518 Ἥ

337 4683 383 4752 Μ.
400 4683 457 4752 fol.
476 4684 519 4749 63
532 4706 562 4750 v.
575 4719 619 4731 -
630 4685 652 4752 l.
666 4687 686 4752 9
698 4685 733 4751 in
746 4685 845 4752 titulo
859 4688 930 4753 edd.
944 4687 1040 4775 κρίσις
1097 4683 1281 4770 ἀλληθινθν)
1299 4680 1380 4772 μετὰ
1392 4681 1505 4748 τοθτον
1523 4681 1560 4747 τθ
1577 4707 1612 4748 τε
1630 4676 1778 4756 ἀληθινόν.
1788 4703 1820 4719 -·

292 4796 324 4857 ἓν
340 4845 347 4860 ·
362 4845 391 4860 ··
417 4791 522 4880 μῦθθῑς
553 4801 608 4856 τοῦ
623 4845 630 4860 .
646 4845 676 4861 ..
699 4832 744 4844 -
765 4795 788 4861 l.
815 4797 855 4862 16
880 4819 1041 4884 προτεινο-
1094 4793 1116 4860 l.
1142 4797 1185 4860 24
1208 4796 1313 4857 καλῶν
1330 4793 1403 4874 ὑπὸ)
1420 4795 1525 4856 καλῶν
1545 4791 1599 4854 καὶ
1624 4789 1745 4880 ἀγαθῶν
1765 4777 1818 4845 isi·

293 4899 392 4990 μένων
418 4901 500 4984 βίου)
523 4922 613 4988 προσ,
639 4901 724 4985 βίων,
1093 4938 1138 4950 ··-
1153 4904 1175 4968 l.
1192 4904 1234 4968 27
1260 4892 1311 4966 θιά
1334 4909 1429 4965 τοῦτο
1453 4900 1519 4983 καὶ)
1545 4890 1598 4964 διὰ
1622 4891 1660 4972 δὴ
1679 4907 1763 4962 τοῦτο
1777 4885 1817 4954 καὶ

336 5008 380 5076 Μ.
405 5007 535 5076 f01.64.
559 5047 601 5057 -
624 5009 648 5077 l.
672 5012 714 5076 22
738 5009 822 5100 μετὰ
846 5019 941 5077 τοῦτο
965 5001 1039 5075 τόθι
1093 5013 1109 5072 ὁ
1133 5011 1179 5073 τό.
