3940 6072
344 533 398 594 612
1033 519 1212 596 Romanus

339 695 420 762 πολὺ
436 696 583 785 πλαγίων.
602 683 768 782 Εὺδσκιμεῑ
783 684 818 759 δέ
832 696 864 760 ἐν
878 697 964 777 αὐτῷ
980 693 1056 760 τότε
1072 686 1273 786 παράδειγμα
1289 697 1520 788 παραπλήσιον,
1534 696 1567 763 θν
1579 701 1619 774 ὡς
1635 703 1712 788 παρ’
1730 690 1865 788 Ἡροδότῳ.

341 803 430 896 χώρα
453 803 559 895 χώραν
584 795 775 886 ἐξεικονίζει,
799 800 896 876 καίή
929 805 1029 868 οίκεία
1052 827 1097 868 τα
1101 796 1238 893 ρ,αόολή
1263 809 1303 880 ώς
1326 804 1468 897 παρά-ι
1443 809 1483 858 ⁹
1470 815 1634 897 ε,νσφῶντι
1660 807 1867 898 &emp-166

342 914 489 989 ἀτάκτως
512 911 583 1002 φέρε
570 936 649 988 .,ται
674 911 756 976 οὕτω
780 909 874 974 καὶὸ
899 909 1004 1000 Κύρος.

386 1021 458 1112 (’ρΤ’
445 1045 518 1086 οπο
507 1027 541 1103 ,.)
567 1020 628 1085 Καὶ
651 1016 725 1096 ήθος
749 1019 891 1108 μαλιστα
907 1019 1180 1111 καιήγνωμη
1163 1015 1296 1110 οθμίζει,
1313 957 1571 1090 οίονὸΠλάτων·
1596 1017 1795 1115 Εὑλογεῒς,
1778 1049 1800 1090 ω
1821 1023 1869 1090 Σό·

342 1154 461 1221 κρατης
448 1181 473 1212 ,,
495 1126 636 1194 πέπονθα
659 1117 693 1192 δὲ
716 1128 754 1192 τθ
778 1135 841 1191 τῶν
864 1115 992 1192 πολλῶν
1015 1127 1123 1211 πάθος,
1148 1134 1183 1194 66
1206 1128 1288 1195 τάνυ
1312 1155 1361 1198 σοι
1384 1135 1542 1223 πείσομαι.
1566 1124 1659 1198 Ἡδὲ
1683 1132 1791 1223 γνώμη
1813 1139 1866 1222 ττρ

279 1291 284 1296 .
344 1231 508 1331 Ἡροδότῳ·
535 1243 574 1303 A!
596 1239 669 1312 λίην
695 1236 819 1326 ἰσχυραί
842 1237 978 1325 τιχορίαι
1002 1236 1087 1327 παρά
1111 1181 1186 1304 θεῶν
1210 1237 1362 1328 ίτίφθινοι
1385 1240 1540 1330 γίνονται.

387 1348 543 1440 (Τρότος.)
567 1346 663 1436 ”Εχει
687 1337 720 1410 δέ
743 1370 776 1410 τι
800 1345 893 1436 σσφδν
918 1344 972 1410 καί
994 1346 1032 1410 τθ
1048 1349 1177 1437 αίνιγμιι
1193 1347 1329 1437 κρόττσν
1345 1347 1406 1422 τήν
1422 1353 1546 1440 πικρίαν
1564 1354 1710 1442 ἀνειμένη
1732 1350 1822 1440 φωνή,
1840 1357 1866 1424 63

342 1465 359 1524 6
383 1457 517 1524 Πλάτων
541 1460 572 1521 ἐν
596 1464 642 1538 τῷ
666 1455 790 1544 Γοργίᾳ·
815 1453 952 1544 Κρόττει
975 1455 1029 1519 τὀν
1054 1465 1123 1518 νοῶν
1147 1453 1304 1546 πόρρωθεν
1329 1448 1447 1524 ὠδίνων
1471 1456 1556 1524 κατά
1572 1468 1629 1534 τῆς
1647 1461 1819 1549 ῥητορικῆς,
1838 1465 1866 1534 ὡς

342 1568 434 1659 φησίν
461 1557 665 1655 Ἀριστείδης.

385 1676 542 1767 (Τρότος.)
568 1679 760 1738 Ἐταινεῒται
784 1661 818 1737 δὲ
842 1673 895 1737 καί
918 1677 937 1746 η
964 1671 1159 1762 μεταφορικὴ
1184 1667 1265 1751 λέξις
1281 1676 1312 1739 έν
1331 1679 1427 1758 αὐτῷ,
1445 1671 1518 1740 σίον·
1535 1674 1698 1764 Μετέωρον
1722 1681 1742 1748 ή
1766 1673 1866 1756 Ἑλλάς,

341 1789 460 1862 κίνησις
484 1783 545 1876 γάρ
570 1775 621 1865 δή,
645 1783 696 1848 ἐτί
720 1793 782 1848 τῶν
808 1780 895 1848 θείων
920 1779 979 1872 γάρ
1004 1780 1245 1872 ἑτικρεμασθείῃ
1271 1783 1308 1848 τό
1332 1775 1485 1866 κινδύνου,
1509 1784 1563 1848 καί
1586 1783 1628 1849 τά
1652 1793 1793 1848 τοιαῦτα.

385 1892 544 1984 (Τρότος.)
568 1884 787 1980 Στσχάζεσθοιι
811 1880 845 1956 δὲ
868 1881 916 1955 δεῖ
937 1889 1098 1981 Ὁμηρικῷ
1121 1891 1207 1980 λόγῳ
1231 1891 1285 1956 καί
1308 1901 1427 1981 φυσικῷ
1450 1892 1535 1980 νόμῳ
1556 1901 1614 1968 τῆς
1631 1901 1698 1958 τῶν
1722 1889 1865 1981 προσώπων

339 2003 521 2077 ποιότητος·
546 2002 595 2064 ὰεί
610 1999 678 2089 μέν,
700 1997 768 2064 όθεν
788 1989 935 2088 Εὐριπίδη
955 1998 1132 2086 μέμφονται
1149 1999 1316 2090 φιλόσοφον
1334 1993 1482 2077 Ἑκάθην,
1505 2000 1560 2065 καί
1583 1999 1720 2089 μέθυσον
1744 2001 1865 2090 Ἠρακλέα

340 2110 563 2200 πλαττομένῳ·
585 2109 679 2174 πλέον
698 2098 731 2173 δέ
754 2111 785 2172 ἑν
811 2107 969 2196 ἀνειμένῳ,
994 2097 1047 2172 διά
1064 2107 1123 2181 τὴν
1139 2107 1256 2197 τέχνην
1274 2109 1327 2172 καί
1341 2107 1402 2180 τήν
1419 2108 1510 2199 χάριν
1533 2117 1590 2174 τοῦ
1612 2107 1722 2185 ἤθους·
1745 2109 1804 2174 νέον
1823 2105 1864 2195 γάρ

342 2220 396 2286 καί
419 2213 611 2310 τρεσόίιτην,
635 2217 689 2283 καί
714 2215 836 2290 Σκόθην
861 2216 914 2280 καί
939 2217 1059 2306 Πέρσην
1083 2217 1241 2306 εὐστόχως
1265 2215 1483 2308 ὑποκρίνεσθαι
1507 2207 1563 2282 δεῖ·
1587 2218 1644 2283 τθν
1670 2217 1727 2307 μὲν
1749 2211 1820 2300 όξθν,
1838 2219 1864 2286 63

340 2331 396 2395 τόν
420 2317 636 2400 ’λλκιθιάδην
659 2327 715 2390 τόν
739 2317 774 2391 δὲ
797 2324 1002 2415 τεταγμένον,
1019 2329 1059 2400 ὡς
1074 2325 1130 2389 τόν
1147 2316 1349 2415 ’.λρχίδοιμον
1365 2326 1421 2390 τόν
1438 2317 1471 2390 δὲ
1489 2325 1668 2414 σἰκτήμσνα,
1685 2331 1726 2401 ὡς
1750 2325 1864 2388 Εὔπολιν·

341 2440 396 2504 τδν
421 2428 455 2502 δέ
479 2433 771 2607 μεγαλσρρήμονα,δ
777 2439 817 2508 ώς
842 2433 897 2498 τόν
921 2426 1053 2521 Ξέρξην.
1078 2439 1129 2497 Ἐν
1153 2432 1213 2523 γάρ
1237 2444 1278 2520 τῇ
1304 2435 1460 2524 ὑποκρίσει
1484 2433 1560 2523 φησί
1582 2433 1643 2506 τήν
1669 2435 1793 2524 ἀρετήν.

388 2545 459 2635 (Τρ’
447 2568 520 2620 οπσς
524 2536 624 2630 .)Δε’ς
626 2533 713 2608 εσιδ
754 2533 803 2607 δεῖ
823 2541 959 2632 χρῆσθαι
983 2545 1018 2606 66
1041 2541 1164 2618 πάσαις
1189 2543 1254 2632 ἔχει
1278 2541 1338 2632 γάρ
1364 2543 1496 2607 ῐλλάτων
1519 2534 1629 2617 ίδικάς,
1653 2539 1729 2608 οἷον·
1755 2543 1863 2610 ’6266-

342 2648 526 2748 χάζεσθαι
516 2652 587 2716 αντὶ
609 2661 665 2714 τοῦ
690 2651 749 2714 Τκ
737 2673 811 2715 ττ
812 2649 895 2718 σθαι
921 2652 981 2714 Καὶ
1005 2641 1198 2727 Θουκυδίδης
1203 2653 1386 2741 ,Κωλόμη
1409 2653 1480 2716 άντί
1503 2663 1558 2717 τοῦ
1582 2651 1736 2784 Κώλυμρι·
1760 2650 1864 2714 καίΞε-
1904 2725 1905 2730 ¹

344 2773 444 2854 νσφων
460 2785 550 2851 τερσ
543 2785 618 2836 κα
636 2757 709 2824 οἷον·
728 2757 876 2850 Σάγαριν,
894 2784 966 2823 αντι
982 2771 1036 2825 τοι
1050 2762 1199 2828 Πελεκον
1216 2751 1296 2826 Οοδε
1311 2771 1388 2826 τασι
1405 2771 1499 2838 ται
1489 2766 1738 2844 τοιητικαῖς,ῶς
1727 2762 1863 2824 τλτνῶν

345 2872 399 2934 ταί
413 2893 493 2944 τινε
497 2859 611 2950 δια
581 2890 619 2932 το
635 2867 790 2956 Γεραιρειν
807 2867 882 2930 καί
890 2865 1011 2956 Ερὺκειν
1029 2867 1082 2930 καὶ
1098 2865 1191 2932 Ἀλόε
1195 2892 1232 2950 ιν,
1250 2865 1356 2933 καί
1319 2891 1361 2933 τα
1377 2877 1519 2933 τοιαυτα
1536 2861 1658 2932 ουδε
1620 2891 1682 2959 γαρ
1701 2865 1863 2952 Οόλσμένην,

343 2969 414 3043 οὐδὲ
439 2977 549 3058 Χόλον,
575 2965 645 3040 οὐδὲ
669 2974 710 3040 τά
734 2975 941 3065 ταρατλήσια
964 2976 1105 3061 λεκτέον,
1122 2966 1193 3041 6666
1216 2975 1273 3052 τάς
1290 2967 1457 3067 Ἡροδότου
1475 2970 1599 3062 (ίωνίζει
1622 2975 1709 3067 γάρ),
1731 2971 1807 3038 ἀλλά
1826 2969 1863 3038 τίς

344 3084 482 3176 καθαράς
505 3084 560 3149 καί
584 3087 706 3173 ἀφελεῖς
731 3075 890 3151 διωκτέον.

390 3192 528 3270 Πιθανῶς
552 3183 585 3258 δέ
571 3215 776 3283 εωςφασιν,
737 3184 901 3258 ὡ·“δεῑ
871 3216 926 3257 τον
941 3191 1074 3324 ρἰριθμθν
1090 3192 1262 3283 φυλάττειν
1279 3187 1497 3273 ἐκθειάζονττις
1514 3193 1555 3258 τοὶ
1578 3187 1861 3282 τμήματα,κοιίτιι

343 3301 399 3392 μέν
423 3302 573 3384 ”Ενατον,
597 3307 637 3378 ῶς
662 3302 731 3391 Ἡρο
715 3291 824 3377 όδστςο
848 3305 888 3377 είς
913 3300 968 3376 τάς
993 3302 1080 3366 ἐννία
1104 3301 1225 3376 Μοόσας
1250 3299 1388 3392 ἀνάγειν·
1405 3301 1460 3366 τόν
1478 3293 1536 3367 δὲ’
1539 3293 1683 3391 ’,Ογδοον
1707 3307 1746 3376 ὡς
1767 3302 1859 3361 ὀθον

343 3401 473 3486 κυδίδης
498 3415 540 3487 είς
564 3409 635 3485 τοὺς
659 3409 746 3474 ὄκτω
770 3409 870 3474 τάλαι
894 3408 989 3485 θεοίις·
1006 3411 1061 3474 τὀν
1079 3399 1113 3474 δὲ
1131 3401 1299 3497 Ἕόδομον.
1324 3414 1364 3486 ὡς
1388 3413 1421 3475 ὲν
1445 3421 1514 3486 ταῖς
1536 3402 1726 3475 ’λναθάσεσι
1748 3409 1858 3490 Ξενοφῶν

345 3525 387 3595 είς
407 3517 464 3596 τάς
487 3519 569 3584 έττοι
592 3508 707 3608 χορδάς
732 3521 866 3609 ἀρχαίαν
889 3517 996 3609 λίιραν,
1012 3529 1053 3604 τῇ
1072 3519 1204 3607 μιμήσει
1219 3527 1282 3582 τῶν
1299 3518 1381 3584 ἕττα
1396 3519 1578 3593 πλανήτων·
1594 3519 1650 3583 τόν
1670 3511 1704 3584 δὲ
1720 3517 1856 3602 Τέταρτον.

347 3633 387 3704 ὡς
411 3627 555 3719 νεώτεροί
578 3651 660 3703 τινες
683 3631 725 3703 είς
749 3625 791 3692 τά
813 3627 952 3717 τέσσαρα
977 3638 1120 3717 στοιχεῖα
1143 3637 1201 3703 τῆς
1226 3625 1355 3716 φόσεως.

388 3736 548 3826 (Τρίτος.)
571 3736 682 3800 ”Εστω
707 3725 741 3800 δέ
763 3735 801 3799 τδ
825 3736 919 3823 μέλος
942 3745 1006 3800 τῶν
1031 3736 1087 3824 μὲν
1103 3740 1281 3824 πολεμικῶν
1299 3739 1423 3802 έντονον
1440 3735 1494 3799 καί
1511 3724 1644 3823 ἀμειδές·
1664 3743 1726 3798 τῶν
1749 3723 1779 3796 δὲ
1800 3733 1858 3789 ίστν·

345 3855 446 3937 ρικῶν,
470 3847 632 3935 ὑφείμενον
656 3843 711 3910 καί
732 3843 882 3933 χαλαρόν·
907 3853 969 3908 τῶν
994 3837 1028 3908 δὲ
1051 3849 1216 3934 ἐρωτικῶν,
1233 3843 1333 3938 γλυκὺ
1350 3845 1405 3910 καί
1420 3843 1558 3910 ἐλεεινόν·
1575 3842 1629 3907 καί
1653 3845 1756 3916 ἁπλῶς
1779 3841 1857 3908 είτεῖη

344 3965 384 4040 τῇ
410 3963 472 4018 τῶν
497 3954 694 4047 πραγμάτων
719 3952 807 4043 φύσει
831 3945 1152 4043 σομμεταθάλλεσθτι
1176 3945 1224 4018 δεῖ
1244 3951 1285 4018 τά
1310 3953 1402 4042 μέλη·
1427 3963 1521 4017 τοῦτο
1538 3949 1598 4042 γάρ
1614 3961 1744 4016 ποιοῦσα
1765 3946 1796 4010 τό
1814 3963 1857 4004 σε·

342 4065 431 4130 λαιὸν
455 4069 474 4138 ή
502 4062 636 4154 μουσική
662 4060 785 4153 νεκροὺς
808 4063 935 4154 ἐγείρειν
944 4119 953 4151 ,
979 4061 1033 4126 καί
1056 4059 1149 4152 θηρία
1171 4060 1304 4140 τειθεῖν,
1329 4061 1383 4126 καί
1407 4058 1606 4136 ἀναισθήτοις
1638 4062 1755 4148 θμιλειν
1776 4057 1856 4140 ἴσχυσε
1903 4053 1904 4110 ι

344 4163 399 4238 διά
420 4172 563 4264 Ὀρφέως.
1903 4129 1904 4204 ί

1007 4384 1230 4477 Σχήματα.

391 4591 702 4694 ΣχηριατίζετοιιδὲΙ
669 4599 842 4686 )εοῦτως·
862 4605 902 4666 At
918 4599 1150 4680 Αττικαίνήες
1168 4607 1223 4668 οὐκ
1240 4598 1472 4694 ἦρχονμάχης,
1493 4589 1630 4676 δεδιότςε
1654 4603 1684 4664 σί
1707 4605 1853 4685 στρατη]οι

344 4723 402 4789 τῆς
426 4710 486 4802 γάρ
510 4714 658 4802 ἑμπσρίςα
682 4718 738 4778 οὐκ
761 4715 864 4790 οὔσης,
888 4704 959 4778 οὐδὲ
982 4723 1043 4805 γῆν
1068 4711 1253 4801 φυτεύοντες
1276 4716 1312 4776 ἑκ
1340 4722 1396 4778 τοῦ
1420 4711 1471 4776 ἐπί
1501 4714 1649 4775 τλειστσν
1679 4703 1851 4772 ότι-τοισίοιττιν

344 4817 448 4897 οὖσαν,
473 4845 511 4886 το
535 4820 654 4899 πλῆθος
680 4824 831 4907 βοῶσιν
816 4820 1021 4911 ανεχώρησαν
1045 4825 1083 4887 6·
1073 4823 1186 4896 οίκσυς
1203 4820 1369 4904 οίτολλοι,
1387 4813 1429 4884 σί
1439 4817 1494 4908 μὲν
1517 4816 1683 4898 ἀπέθανον,
1705 4821 1731 4880 σί
1751 4796 1850 4880 δέὲἶώ

344 4929 517 5022 γρήθησαν.
543 4969 585 4980 -
609 4931 716 5006 Οὕτως
747 4931 798 4994 ἑτί
820 4953 857 4994 τε
880 4929 940 5000 την
960 4931 1111 4994 Ἱστιαίου
1136 4928 1291 5019 αίρέοντος
1319 4925 1449 5017 γνώμην
1479 4916 1565 5004 ἔδοξέ
1595 4947 1648 5014 σφι
1677 4923 1733 5015 τρδ
1758 4911 1848 4992 τιότη
1902 4925 1903 4932 ’

299 5105 304 5115 ,
343 5037 526 5129 προσχόντι,
551 5030 584 5103 δὲ
608 5041 672 5104 εἴτε
696 5030 764 5110 δσιή
782 5036 870 5129 χώρη
896 5037 1016 5128 ήρεσεν,
1031 5039 1095 5103 εἴτε
1119 5037 1172 5102 καί
1195 5035 1299 5112 ἄλλως
1321 5033 1459 5109 ήθέλησε
1480 5044 1620 5115 ποιῆσαι,
1644 5033 1699 5097 καί
1719 5027 1755 5095 τά
1774 5025 1847 5110 ὅμθῶ

382 5289 405 5362 ¹)
417 5287 534 5345 Indoin
547 5290 636 5346 finem
649 5295 807 5346 σσσοττιιοε
821 5291 999 5360 σχηδιάοματα
1012 5305 1090 5361 (ροσε
1143 5285 1277 5360 obscuro,
1297 5292 1333 5344 οι
1349 5301 1429 5360 vago.
1446 5281 1653 5342 tantummodo
1670 5281 1727 5340 sint
1742 5259 1845 5343 ³¹66di

345 5377 485 5437 videntur
503 5397 542 5437 σι
558 5379 708 5438 industria
733 5385 763 5439 ει
788 5379 909 5437 oonsilio
932 5379 1040 5438 mutila
1058 5385 1089 5436 ot
1144 5375 1291 5436 sermonis
1308 5375 1497 5434 lineamento.
1835 5380 1840 5400 ²
1902 5351 1903 5427 ί
