<?xml version="1.0" encoding="UTF-8"?>
<!DOCTYPE html PUBLIC "-//W3C//DTD XHTML 1.0 Transitional//EN"
    "http://www.w3.org/TR/xhtml1/DTD/xhtml1-transitional.dtd">
<html xmlns="http://www.w3.org/1999/xhtml" xml:lang="en" lang="en">
 <head>
  <title>
</title>
<meta http-equiv="Content-Type" content="text/html;charset=utf-8" />
  <meta name='ocr-system' content='tesseract 3.04.00' />
  <meta name='ocr-capabilities' content='ocr_page ocr_carea ocr_par ocr_line ocrx_word'/>
</head>
<body>
  <div class='ocr_page' id='page_1' title='image "./analectasacrasp02pitrgoog_0094.png"; bbox 0 0 4008 6068; ppageno 0'>
   <div class='ocr_carea' id='block_1_1' title="bbox 399 830 1476 967">
    <p class='ocr_par' dir='ltr' id='par_1_1' title="bbox 399 830 1476 967">
     <span class='ocr_line' id='line_1_1' title="bbox 399 830 1476 967; baseline -0.004 -3"><span class='ocrx_word' id='word_1_1' title='bbox 399 830 877 967; x_wconf 77' lang='lat' dir='ltr'>SANCTUS</span> <span class='ocrx_word' id='word_1_2' title='bbox 942 831 1476 965; x_wconf 78' lang='lat' dir='ltr'><strong>SERAPION</strong></span> 
     </span>
    </p>
   </div>
   <div class='ocr_carea' id='block_1_2' title="bbox 620 1093 1255 1170">
    <p class='ocr_par' dir='ltr' id='par_1_2' title="bbox 620 1093 1255 1170">
     <span class='ocr_line' id='line_1_2' title="bbox 620 1093 1255 1170; baseline 0 0"><span class='ocrx_word' id='word_1_3' title='bbox 620 1093 949 1170; x_wconf 82' lang='lat' dir='ltr'><strong>THMUITANUS</strong></span> <span class='ocrx_word' id='word_1_4' title='bbox 978 1093 1255 1170; x_wconf 84' lang='lat' dir='ltr'><strong>EPISOOPUS.</strong></span> 
     </span>
    </p>
   </div>
   <div class='ocr_carea' id='block_1_3' title="bbox 167 1572 1804 3606">
    <p class='ocr_par' dir='ltr' id='par_1_3' title="bbox 167 1572 1804 3606">
     <span class='ocr_line' id='line_1_3' title="bbox 213 1572 1715 1662; baseline -0.001 -19"><span class='ocrx_word' id='word_1_5' title='bbox 213 1573 367 1661; x_wconf 86' lang='lat' dir='ltr'><strong>Serapion</strong></span> <span class='ocrx_word' id='word_1_6' title='bbox 386 1573 552 1640; x_wconf 78' lang='lat' dir='ltr'><strong>“Thmous</strong></span> <span class='ocrx_word' id='word_1_7' title='bbox 564 1572 730 1658; x_wconf 88' lang='lat' dir='ltr'><strong>episcopus</strong></span> <span class='ocrx_word' id='word_1_8' title='bbox 742 1573 783 1640; x_wconf 91' lang='lat' dir='ltr'><strong>ob</strong></span> <span class='ocrx_word' id='word_1_9' title='bbox 795 1572 989 1660; x_wconf 71' lang='lat' dir='ltr'><strong>elegantiam</strong></span> <span class='ocrx_word' id='word_1_10' title='bbox 1002 1573 1123 1659; x_wconf 89' lang='lat' dir='ltr'><strong>ingenii</strong></span> <span class='ocrx_word' id='word_1_11' title='bbox 1132 1594 1309 1660; x_wconf 77' lang='lat' dir='ltr'>cognomen</span> <span class='ocrx_word' id='word_1_12' title='bbox 1321 1575 1502 1644; x_wconf 75' lang='lat' dir='ltr'><strong>scholastici</strong></span> <span class='ocrx_word' id='word_1_13' title='bbox 1516 1575 1633 1641; x_wconf 90' lang='lat' dir='ltr'><strong>meruit</strong></span> <span class='ocrx_word' id='word_1_14' title='bbox 1649 1572 1673 1662; x_wconf 87' lang='lat'><strong>¹)</strong></span> <span class='ocrx_word' id='word_1_15' title='bbox 1688 1625 1715 1657; x_wconf 93' lang='lat'><em>„</em></span> 
     </span>
     <span class='ocr_line' id='line_1_4' title="bbox 167 1681 1804 1769; baseline -0.005 -17"><span class='ocrx_word' id='word_1_16' title='bbox 167 1686 200 1753; x_wconf 93' lang='lat' dir='ltr'><strong>id</strong></span> <span class='ocrx_word' id='word_1_17' title='bbox 225 1689 273 1751; x_wconf 89' lang='lat' dir='ltr'><strong>est</strong></span> <span class='ocrx_word' id='word_1_18' title='bbox 302 1684 364 1750; x_wconf 87' lang='lat' dir='ltr'><strong>viri</strong></span> <span class='ocrx_word' id='word_1_19' title='bbox 394 1683 512 1750; x_wconf 91' lang='lat' dir='ltr'><strong>litteris</strong></span> <span class='ocrx_word' id='word_1_20' title='bbox 536 1686 570 1747; x_wconf 92' lang='lat' dir='ltr'><strong>et</strong></span> <span class='ocrx_word' id='word_1_21' title='bbox 592 1682 737 1749; x_wconf 90' lang='lat' dir='ltr'><strong>doctriua</strong></span> <span class='ocrx_word' id='word_1_22' title='bbox 760 1681 932 1767; x_wconf 80' lang='lat' dir='ltr'><strong>conspicui,</strong></span> <span class='ocrx_word' id='word_1_23' title='bbox 955 1686 1029 1768; x_wconf 91' lang='lat' dir='ltr'><strong>post</strong></span> <span class='ocrx_word' id='word_1_24' title='bbox 1052 1681 1294 1769; x_wconf 69' lang='lat' dir='ltr'><strong>(theognostum</strong></span> <span class='ocrx_word' id='word_1_25' title='bbox 1316 1683 1443 1750; x_wconf 89' lang='lat' dir='ltr'><strong>scholae</strong></span> <span class='ocrx_word' id='word_1_26' title='bbox 1475 1681 1711 1749; x_wconf 80' lang='lat' dir='ltr'><strong>Alexandrinae</strong></span> <span class='ocrx_word' id='word_1_27' title='bbox 1801 1735 1804 1742; x_wconf 87' lang='lat'><strong>.</strong></span> 
     </span>
     <span class='ocr_line' id='line_1_5' title="bbox 167 1787 1717 1879; baseline -0.001 -20"><span class='ocrx_word' id='word_1_28' title='bbox 167 1813 296 1878; x_wconf 78' lang='lat' dir='ltr'><strong>praeses</strong></span> <span class='ocrx_word' id='word_1_29' title='bbox 312 1787 350 1874; x_wconf 81' lang='lat'><strong>²),</strong></span> <span class='ocrx_word' id='word_1_30' title='bbox 374 1791 546 1877; x_wconf 77' lang='lat' dir='ltr'><strong>scripserat</strong></span> <span class='ocrx_word' id='word_1_31' title='bbox 570 1789 720 1856; x_wconf 86' lang='lat' dir='ltr'><strong>adversus</strong></span> <span class='ocrx_word' id='word_1_32' title='bbox 743 1789 948 1856; x_wconf 79' lang='lat' dir='ltr'><strong>Manichacus</strong></span> <span class='ocrx_word' id='word_1_33' title='bbox 974 1793 1085 1876; x_wconf 85' lang='lat' dir='ltr'><strong>&#39;opus</strong></span> <span class='ocrx_word' id='word_1_34' title='bbox 1108 1790 1222 1877; x_wconf 91' lang='lat' dir='ltr'><strong>ingens</strong></span> <span class='ocrx_word' id='word_1_35' title='bbox 1244 1814 1281 1858; x_wconf 91' lang='lat' dir='ltr'><strong>ac</strong></span> <span class='ocrx_word' id='word_1_36' title='bbox 1304 1791 1537 1859; x_wconf 91' lang='lat' dir='ltr'><strong>nobilissimum</strong></span> <span class='ocrx_word' id='word_1_37' title='bbox 1552 1787 1607 1879; x_wconf 84' lang='lat'><strong>³),</strong></span> <span class='ocrx_word' id='word_1_38' title='bbox 1632 1791 1717 1876; x_wconf 90' lang='lat' dir='ltr'><strong>qnod</strong></span> 
     </span>
     <span class='ocr_line' id='line_1_6' title="bbox 167 1897 1715 1986; baseline -0.001 -20"><span class='ocrx_word' id='word_1_39' title='bbox 167 1901 210 1966; x_wconf 93' lang='lat' dir='ltr'><strong>ad</strong></span> <span class='ocrx_word' id='word_1_40' title='bbox 232 1921 291 1966; x_wconf 90' lang='lat' dir='ltr'><strong>nos</strong></span> <span class='ocrx_word' id='word_1_41' title='bbox 314 1898 461 1986; x_wconf 80' lang='lat' dir='ltr'><strong>pervenit</strong></span> <span class='ocrx_word' id='word_1_42' title='bbox 484 1898 606 1964; x_wconf 89' lang='lat' dir='ltr'><strong>lacunis</strong></span> <span class='ocrx_word' id='word_1_43' title='bbox 629 1898 820 1980; x_wconf 85' lang='lat' dir='ltr'><strong>sauciatum,</strong></span> <span class='ocrx_word' id='word_1_44' title='bbox 843 1897 927 1964; x_wconf 91' lang='lat' dir='ltr'><strong>mole</strong></span> <span class='ocrx_word' id='word_1_45' title='bbox 951 1903 1151 1966; x_wconf 88' lang='lat' dir='ltr'><strong>contractum</strong></span> <span class='ocrx_word' id='word_1_46' title='bbox 1174 1899 1301 1986; x_wconf 83' lang='lat' dir='ltr'><strong>exigua,</strong></span> <span class='ocrx_word' id='word_1_47' title='bbox 1324 1900 1431 1982; x_wconf 90' lang='lat' dir='ltr'><strong>immo,</strong></span> <span class='ocrx_word' id='word_1_48' title='bbox 1462 1905 1500 1967; x_wconf 91' lang='lat' dir='ltr'><strong>ut</strong></span> <span class='ocrx_word' id='word_1_49' title='bbox 1531 1900 1657 1966; x_wconf 83' lang='lat' dir='ltr'><strong>videtur</strong></span> <span class='ocrx_word' id='word_1_50' title='bbox 1680 1899 1715 1965; x_wconf 90' lang='lat' dir='ltr'><strong>in</strong></span> 
     </span>
     <span class='ocr_line' id='line_1_7' title="bbox 168 2004 1717 2091; baseline -0.001 -17"><span class='ocrx_word' id='word_1_51' title='bbox 168 2009 233 2074; x_wconf 90' lang='lat' dir='ltr'><strong>fine</strong></span> <span class='ocrx_word' id='word_1_52' title='bbox 255 2007 416 2074; x_wconf 90' lang='lat' dir='ltr'><strong>mutilum.</strong></span> <span class='ocrx_word' id='word_1_53' title='bbox 441 2005 620 2072; x_wconf 90' lang='lat' dir='ltr'><strong>Dolendum</strong></span> <span class='ocrx_word' id='word_1_54' title='bbox 644 2005 816 2087; x_wconf 86' lang='lat' dir='ltr'><strong>enimvero,</strong></span> <span class='ocrx_word' id='word_1_55' title='bbox 840 2027 903 2072; x_wconf 92' lang='lat' dir='ltr'><strong>non</strong></span> <span class='ocrx_word' id='word_1_56' title='bbox 927 2026 963 2070; x_wconf 90' lang='lat' dir='ltr'><strong>eo</strong></span> <span class='ocrx_word' id='word_1_57' title='bbox 992 2004 1097 2071; x_wconf 90' lang='lat' dir='ltr'><strong>solnm</strong></span> <span class='ocrx_word' id='word_1_58' title='bbox 1118 2007 1246 2073; x_wconf 90' lang='lat' dir='ltr'><strong>nomine</strong></span> <span class='ocrx_word' id='word_1_59' title='bbox 1273 2007 1358 2091; x_wconf 91' lang='lat' dir='ltr'><strong>quod</strong></span> <span class='ocrx_word' id='word_1_60' title='bbox 1384 2010 1494 2074; x_wconf 89' lang='lat' dir='ltr'><strong>tantus</strong></span> <span class='ocrx_word' id='word_1_61' title='bbox 1521 2007 1572 2073; x_wconf 83' lang='lat' dir='ltr'><strong>vir</strong></span> <span class='ocrx_word' id='word_1_62' title='bbox 1598 2007 1717 2074; x_wconf 88' lang='lat' dir='ltr'><strong>amicus</strong></span> 
     </span>
     <span class='ocr_line' id='line_1_8' title="bbox 170 2113 1714 2200; baseline -0.003 -16"><span class='ocrx_word' id='word_1_63' title='bbox 170 2117 235 2184; x_wconf 81' lang='lat' dir='ltr'><strong>fuit</strong></span> <span class='ocrx_word' id='word_1_64' title='bbox 257 2119 440 2184; x_wconf 86' lang='lat' dir='ltr'><strong>sanctorum</strong></span> <span class='ocrx_word' id='word_1_65' title='bbox 462 2114 632 2182; x_wconf 80' lang='lat' dir='ltr'><strong>Athanasii</strong></span> <span class='ocrx_word' id='word_1_66' title='bbox 655 2119 688 2182; x_wconf 90' lang='lat' dir='ltr'><strong>et</strong></span> <span class='ocrx_word' id='word_1_67' title='bbox 710 2113 855 2197; x_wconf 79' lang='lat' dir='ltr'><strong>Antonii,</strong></span> <span class='ocrx_word' id='word_1_68' title='bbox 879 2113 930 2180; x_wconf 84' lang='lat' dir='ltr'><strong>fax</strong></span> <span class='ocrx_word' id='word_1_69' title='bbox 953 2113 1087 2200; x_wconf 88' lang='lat' dir='ltr'><strong>insignis</strong></span> <span class='ocrx_word' id='word_1_70' title='bbox 1109 2113 1194 2180; x_wconf 89' lang='lat' dir='ltr'><strong>inter</strong></span> <span class='ocrx_word' id='word_1_71' title='bbox 1216 2114 1321 2199; x_wconf 88' lang='lat' dir='ltr'><strong>prima</strong></span> <span class='ocrx_word' id='word_1_72' title='bbox 1336 2115 1564 2182; x_wconf 88' lang='lat' dir='ltr'><strong>monachorum</strong></span> <span class='ocrx_word' id='word_1_73' title='bbox 1581 2113 1714 2194; x_wconf 91' lang='lat' dir='ltr'><strong>lumina,</strong></span> 
     </span>
     <span class='ocr_line' id='line_1_9' title="bbox 170 2215 1718 2308; baseline -0.003 -17"><span class='ocrx_word' id='word_1_74' title='bbox 170 2225 271 2291; x_wconf 91' lang='lat' dir='ltr'><strong>immo</strong></span> <span class='ocrx_word' id='word_1_75' title='bbox 293 2224 354 2291; x_wconf 89' lang='lat' dir='ltr'><strong>sub</strong></span> <span class='ocrx_word' id='word_1_76' title='bbox 372 2223 559 2290; x_wconf 81' lang='lat' dir='ltr'><strong>Constantio</strong></span> <span class='ocrx_word' id='word_1_77' title='bbox 586 2223 649 2288; x_wconf 83' lang='lat' dir='ltr'><strong>“in</strong></span> <span class='ocrx_word' id='word_1_78' title='bbox 672 2223 868 2289; x_wconf 86' lang='lat' dir='ltr'><strong>confessione</strong></span> <span class='ocrx_word' id='word_1_79' title='bbox 890 2220 1030 2306; x_wconf 87' lang='lat' dir='ltr'><strong>inclytus</strong></span> <span class='ocrx_word' id='word_1_80' title='bbox 1041 2215 1067 2303; x_wconf 69' lang='grc'><strong>4)</strong></span> <span class='ocrx_word' id='word_1_81' title='bbox 1086 2247 1119 2302; x_wconf 80' lang='lat'><strong>,3</strong></span> <span class='ocrx_word' id='word_1_82' title='bbox 1143 2222 1197 2289; x_wconf 90' lang='lat' dir='ltr'><strong>sed</strong></span> <span class='ocrx_word' id='word_1_83' title='bbox 1220 2223 1300 2289; x_wconf 88' lang='lat' dir='ltr'><strong>adde</strong></span> <span class='ocrx_word' id='word_1_84' title='bbox 1315 2245 1387 2290; x_wconf 90' lang='lat' dir='ltr'><strong>cum</strong></span> <span class='ocrx_word' id='word_1_85' title='bbox 1404 2221 1601 2308; x_wconf 84' lang='lat' dir='ltr'><strong>Hieronymo</strong></span> <span class='ocrx_word' id='word_1_86' title='bbox 1617 2221 1718 2287; x_wconf 86' lang='lat' dir='ltr'><strong>fuisse</strong></span> 
     </span>
     <span class='ocr_line' id='line_1_10' title="bbox 170 2328 1719 2418; baseline -0.003 -20"><span class='ocrx_word' id='word_1_87' title='bbox 170 2334 258 2400; x_wconf 88' lang='lat' dir='ltr'><strong>inter</strong></span> <span class='ocrx_word' id='word_1_88' title='bbox 280 2355 333 2400; x_wconf 89' lang='lat' dir='ltr'><strong>eos</strong></span> <span class='ocrx_word' id='word_1_89' title='bbox 359 2333 443 2418; x_wconf 85' lang='lat' dir='ltr'><strong>“qui</strong></span> <span class='ocrx_word' id='word_1_90' title='bbox 467 2330 731 2417; x_wconf 88' lang='lat' dir='ltr'><strong>philosophorum</strong></span> <span class='ocrx_word' id='word_1_91' title='bbox 753 2330 906 2399; x_wconf 86' lang='lat' dir='ltr'><strong>doctrinis</strong></span> <span class='ocrx_word' id='word_1_92' title='bbox 928 2334 1024 2416; x_wconf 86' lang='lat' dir='ltr'><strong>atque</strong></span> <span class='ocrx_word' id='word_1_93' title='bbox 1047 2329 1214 2396; x_wconf 88' lang='lat' dir='ltr'><strong>sententiis</strong></span> <span class='ocrx_word' id='word_1_94' title='bbox 1236 2330 1270 2395; x_wconf 92' lang='lat' dir='ltr'><strong>in</strong></span> <span class='ocrx_word' id='word_1_95' title='bbox 1292 2334 1420 2396; x_wconf 88' lang='lat' dir='ltr'><strong>tautum</strong></span> <span class='ocrx_word' id='word_1_96' title='bbox 1442 2351 1516 2396; x_wconf 91' lang='lat' dir='ltr'><strong>suos</strong></span> <span class='ocrx_word' id='word_1_97' title='bbox 1539 2328 1719 2394; x_wconf 86' lang='lat' dir='ltr'><strong>resarciunt</strong></span> 
     </span>
     <span class='ocr_line' id='line_1_11' title="bbox 171 2436 1717 2527; baseline -0.005 -19"><span class='ocrx_word' id='word_1_98' title='bbox 171 2443 212 2527; x_wconf 81' lang='lat' dir='ltr'><strong>(s.</strong></span> <span class='ocrx_word' id='word_1_99' title='bbox 229 2441 294 2526; x_wconf 78' lang='lat' dir='ltr'><strong>depe</strong></span> <span class='ocrx_word' id='word_1_100' title='bbox 309 2439 496 2524; x_wconf 81' lang='lat' dir='ltr'><strong>resarciunt)</strong></span> <span class='ocrx_word' id='word_1_101' title='bbox 513 2438 622 2522; x_wconf 89' lang='lat' dir='ltr'><strong>libros,</strong></span> <span class='ocrx_word' id='word_1_102' title='bbox 639 2443 676 2505; x_wconf 88' lang='lat' dir='ltr'><strong>ut</strong></span> <span class='ocrx_word' id='word_1_103' title='bbox 689 2439 811 2506; x_wconf 88' lang='lat' dir='ltr'><strong>nescias</strong></span> <span class='ocrx_word' id='word_1_104' title='bbox 826 2439 902 2524; x_wconf 90' lang='lat' dir='ltr'><strong>quid</strong></span> <span class='ocrx_word' id='word_1_105' title='bbox 918 2438 951 2504; x_wconf 91' lang='lat' dir='ltr'><strong>in</strong></span> <span class='ocrx_word' id='word_1_106' title='bbox 965 2437 1030 2504; x_wconf 92' lang='lat' dir='ltr'><strong>illis</strong></span> <span class='ocrx_word' id='word_1_107' title='bbox 1046 2438 1197 2505; x_wconf 91' lang='lat' dir='ltr'><strong>admirari</strong></span> <span class='ocrx_word' id='word_1_108' title='bbox 1212 2437 1335 2520; x_wconf 91' lang='lat' dir='ltr'><strong>debeas,</strong></span> <span class='ocrx_word' id='word_1_109' title='bbox 1352 2437 1562 2505; x_wconf 89' lang='lat' dir='ltr'><strong>eruditionem</strong></span> <span class='ocrx_word' id='word_1_110' title='bbox 1586 2436 1717 2517; x_wconf 89' lang='lat' dir='ltr'><strong>saeculi,</strong></span> 
     </span>
     <span class='ocr_line' id='line_1_12' title="bbox 170 2543 1717 2632; baseline -0.003 -18"><span class='ocrx_word' id='word_1_111' title='bbox 170 2571 214 2614; x_wconf 89' lang='lat' dir='ltr'><strong>an</strong></span> <span class='ocrx_word' id='word_1_112' title='bbox 230 2547 396 2615; x_wconf 87' lang='lat' dir='ltr'><strong>seientiam</strong></span> <span class='ocrx_word' id='word_1_113' title='bbox 419 2546 658 2632; x_wconf 68' lang='lat' dir='ltr'><strong>scripturarum</strong></span> <span class='ocrx_word' id='word_1_114' title='bbox 673 2545 696 2629; x_wconf 72' lang='grc' dir='ltr'><strong>ὓ)</strong></span> <span class='ocrx_word' id='word_1_115' title='bbox 715 2597 742 2628; x_wconf 89' lang='lat'><strong>,.</strong></span> <span class='ocrx_word' id='word_1_116' title='bbox 766 2545 848 2613; x_wconf 79' lang='lat' dir='ltr'><strong>Sane</strong></span> <span class='ocrx_word' id='word_1_117' title='bbox 872 2547 957 2631; x_wconf 91' lang='lat' dir='ltr'><strong>quod</strong></span> <span class='ocrx_word' id='word_1_118' title='bbox 978 2551 1124 2632; x_wconf 88' lang='lat' dir='ltr'><strong>superest</strong></span> <span class='ocrx_word' id='word_1_119' title='bbox 1146 2546 1287 2632; x_wconf 80' lang='lat' dir='ltr'><strong>ejusdem</strong></span> <span class='ocrx_word' id='word_1_120' title='bbox 1307 2545 1496 2631; x_wconf 89' lang='lat' dir='ltr'><strong>opusculum</strong></span> <span class='ocrx_word' id='word_1_121' title='bbox 1516 2544 1607 2632; x_wconf 85' lang='lat' dir='ltr'><strong>gravi</strong></span> <span class='ocrx_word' id='word_1_122' title='bbox 1622 2543 1717 2610; x_wconf 90' lang='lat' dir='ltr'><strong>floret</strong></span> 
     </span>
     <span class='ocr_line' id='line_1_13' title="bbox 171 2652 1719 2742; baseline -0.003 -20"><span class='ocrx_word' id='word_1_123' title='bbox 171 2653 346 2742; x_wconf 76' lang='lat' dir='ltr'><strong>elegantia,</strong></span> <span class='ocrx_word' id='word_1_124' title='bbox 371 2655 531 2742; x_wconf 82' lang='lat' dir='ltr'><strong>exquisita</strong></span> <span class='ocrx_word' id='word_1_125' title='bbox 553 2654 651 2721; x_wconf 83' lang='lat' dir='ltr'><strong>rerba</strong></span> <span class='ocrx_word' id='word_1_126' title='bbox 674 2654 869 2740; x_wconf 86' lang='lat' dir='ltr'><strong>frequentat,</strong></span> <span class='ocrx_word' id='word_1_127' title='bbox 891 2655 1036 2739; x_wconf 82' lang='lat' dir='ltr'><strong>passivae</strong></span> <span class='ocrx_word' id='word_1_128' title='bbox 1058 2655 1093 2720; x_wconf 93' lang='lat' dir='ltr'><strong>in</strong></span> <span class='ocrx_word' id='word_1_129' title='bbox 1108 2654 1220 2740; x_wconf 91' lang='lat' dir='ltr'><strong>primis</strong></span> <span class='ocrx_word' id='word_1_130' title='bbox 1237 2658 1269 2721; x_wconf 89' lang='lat' dir='ltr'><strong>et</strong></span> <span class='ocrx_word' id='word_1_131' title='bbox 1283 2655 1475 2739; x_wconf 89' lang='lat' dir='ltr'><strong>praeteritae</strong></span> <span class='ocrx_word' id='word_1_132' title='bbox 1491 2653 1623 2734; x_wconf 85' lang='lat' dir='ltr'><strong>formae,</strong></span> <span class='ocrx_word' id='word_1_133' title='bbox 1640 2652 1719 2718; x_wconf 91' lang='lat' dir='ltr'><strong>dex·</strong></span> 
     </span>
     <span class='ocr_line' id='line_1_14' title="bbox 172 2759 1720 2850; baseline -0.003 -21"><span class='ocrx_word' id='word_1_134' title='bbox 172 2768 263 2846; x_wconf 88' lang='lat' dir='ltr'><strong>tere,</strong></span> <span class='ocrx_word' id='word_1_135' title='bbox 287 2767 422 2850; x_wconf 86' lang='lat' dir='ltr'><strong>argnto,</strong></span> <span class='ocrx_word' id='word_1_136' title='bbox 446 2785 553 2848; x_wconf 91' lang='lat' dir='ltr'><strong>presse</strong></span> <span class='ocrx_word' id='word_1_137' title='bbox 583 2762 769 2847; x_wconf 88' lang='lat' dir='ltr'><strong>composita.</strong></span> <span class='ocrx_word' id='word_1_138' title='bbox 792 2761 925 2828; x_wconf 88' lang='lat' dir='ltr'><strong>Utinam</strong></span> <span class='ocrx_word' id='word_1_139' title='bbox 952 2763 1131 2848; x_wconf 87' lang='lat' dir='ltr'><strong>reperiatur</strong></span> <span class='ocrx_word' id='word_1_140' title='bbox 1158 2764 1252 2830; x_wconf 82' lang='lat' dir='ltr'><strong>codex</strong></span> <span class='ocrx_word' id='word_1_141' title='bbox 1280 2763 1334 2848; x_wconf 91' lang='lat' dir='ltr'><strong>qui</strong></span> <span class='ocrx_word' id='word_1_142' title='bbox 1365 2761 1523 2829; x_wconf 80' lang='lat' dir='ltr'><strong>Turriano</strong></span> <span class='ocrx_word' id='word_1_143' title='bbox 1550 2759 1720 2846; x_wconf 86' lang='lat' dir='ltr'><strong>interpreti</strong></span> 
     </span>
     <span class='ocr_line' id='line_1_15' title="bbox 172 2869 1723 2958; baseline -0.003 -20"><span class='ocrx_word' id='word_1_144' title='bbox 172 2870 347 2956; x_wconf 85' lang='lat' dir='ltr'><strong>praeluxit,</strong></span> <span class='ocrx_word' id='word_1_145' title='bbox 372 2871 475 2937; x_wconf 91' lang='lat' dir='ltr'><strong>multo</strong></span> <span class='ocrx_word' id='word_1_146' title='bbox 490 2871 648 2956; x_wconf 75' lang='lat' dir='ltr'><strong>integrior</strong></span> <span class='ocrx_word' id='word_1_147' title='bbox 663 2892 760 2956; x_wconf 88' lang='lat' dir='ltr'><strong>quam</strong></span> <span class='ocrx_word' id='word_1_148' title='bbox 776 2869 937 2936; x_wconf 91' lang='lat' dir='ltr'><strong>Holstenii</strong></span> <span class='ocrx_word' id='word_1_149' title='bbox 952 2871 1175 2957; x_wconf 82' lang='lat' dir='ltr'><strong>apographum</strong></span> <span class='ocrx_word' id='word_1_150' title='bbox 1191 2871 1447 2958; x_wconf 85' lang='lat' dir='ltr'><strong>Hamburgense,</strong></span> <span class='ocrx_word' id='word_1_151' title='bbox 1469 2892 1588 2956; x_wconf 86' lang='lat' dir='ltr'><strong>exque</strong></span> <span class='ocrx_word' id='word_1_152' title='bbox 1606 2889 1723 2955; x_wconf 87' lang='lat' dir='ltr'><strong>graeca</strong></span> 
     </span>
     <span class='ocr_line' id='line_1_16' title="bbox 174 2975 1721 3072; baseline -0.003 -26"><span class='ocrx_word' id='word_1_153' title='bbox 174 2975 416 3064; x_wconf 74' lang='lat' dir='ltr'><strong>prodierunt).</strong></span> <span class='ocrx_word' id='word_1_154' title='bbox 440 2979 522 3046; x_wconf 83' lang='lat' dir='ltr'><strong>Sane</strong></span> <span class='ocrx_word' id='word_1_155' title='bbox 545 2978 733 3045; x_wconf 89' lang='lat' dir='ltr'><strong>Holstenius</strong></span> <span class='ocrx_word' id='word_1_156' title='bbox 749 2978 913 3072; x_wconf 89' lang='lat' dir='ltr'><strong>exemplar</strong></span> <span class='ocrx_word' id='word_1_157' title='bbox 929 2979 1043 3046; x_wconf 91' lang='lat' dir='ltr'><strong>habuit</strong></span> <span class='ocrx_word' id='word_1_158' title='bbox 1058 2980 1157 3048; x_wconf 90' lang='lat' dir='ltr'><strong>codici</strong></span> <span class='ocrx_word' id='word_1_159' title='bbox 1172 2979 1327 3046; x_wconf 87' lang='lat' dir='ltr'><strong>Januensi</strong></span> <span class='ocrx_word' id='word_1_160' title='bbox 1341 2980 1456 3060; x_wconf 87' lang='lat' dir='ltr'><strong>simile,</strong></span> <span class='ocrx_word' id='word_1_161' title='bbox 1472 2979 1583 3047; x_wconf 89' lang='lat' dir='ltr'><strong>iisdem</strong></span> <span class='ocrx_word' id='word_1_162' title='bbox 1599 2977 1721 3044; x_wconf 89' lang='lat' dir='ltr'><strong>lacunis</strong></span> 
     </span>
     <span class='ocr_line' id='line_1_17' title="bbox 175 3086 1724 3174; baseline -0.001 -22"><span class='ocrx_word' id='word_1_163' title='bbox 175 3087 394 3173; x_wconf 87' lang='lat' dir='ltr'><strong>deturpatum,</strong></span> <span class='ocrx_word' id='word_1_164' title='bbox 418 3087 472 3154; x_wconf 88' lang='lat' dir='ltr'><strong>sed</strong></span> <span class='ocrx_word' id='word_1_165' title='bbox 496 3092 529 3154; x_wconf 89' lang='lat' dir='ltr'><strong>et</strong></span> <span class='ocrx_word' id='word_1_166' title='bbox 551 3087 662 3154; x_wconf 89' lang='lat' dir='ltr'><strong>multis</strong></span> <span class='ocrx_word' id='word_1_167' title='bbox 685 3087 893 3154; x_wconf 84' lang='lat' dir='ltr'><strong>varietatibus</strong></span> <span class='ocrx_word' id='word_1_168' title='bbox 922 3110 1003 3174; x_wconf 86' lang='lat' dir='ltr'><strong>quae</strong></span> <span class='ocrx_word' id='word_1_169' title='bbox 1030 3089 1182 3156; x_wconf 89' lang='lat' dir='ltr'><strong>continuo</strong></span> <span class='ocrx_word' id='word_1_170' title='bbox 1212 3088 1393 3174; x_wconf 79' lang='lat' dir='ltr'><strong>Serapionis</strong></span> <span class='ocrx_word' id='word_1_171' title='bbox 1423 3088 1562 3154; x_wconf 91' lang='lat' dir='ltr'><strong>nitorem</strong></span> <span class='ocrx_word' id='word_1_172' title='bbox 1591 3086 1724 3152; x_wconf 86' lang='lat' dir='ltr'><strong>laedunt</strong></span> 
     </span>
     <span class='ocr_line' id='line_1_18' title="bbox 176 3192 1725 3280; baseline 0 -20"><span class='ocrx_word' id='word_1_173' title='bbox 176 3199 209 3260; x_wconf 91' lang='lat' dir='ltr'><strong>et</strong></span> <span class='ocrx_word' id='word_1_174' title='bbox 233 3193 385 3279; x_wconf 90' lang='lat' dir='ltr'><strong>leporem.</strong></span> <span class='ocrx_word' id='word_1_175' title='bbox 408 3193 500 3261; x_wconf 89' lang='lat' dir='ltr'><strong>Unde</strong></span> <span class='ocrx_word' id='word_1_176' title='bbox 523 3215 639 3280; x_wconf 87' lang='lat' dir='ltr'><strong>operae</strong></span> <span class='ocrx_word' id='word_1_177' title='bbox 662 3194 802 3278; x_wconf 87' lang='lat' dir='ltr'><strong>pretium</strong></span> <span class='ocrx_word' id='word_1_178' title='bbox 825 3195 901 3261; x_wconf 88' lang='lat' dir='ltr'><strong>duxi</strong></span> <span class='ocrx_word' id='word_1_179' title='bbox 918 3201 988 3263; x_wconf 87' lang='lat' dir='ltr'><strong>tum</strong></span> <span class='ocrx_word' id='word_1_180' title='bbox 1005 3196 1119 3264; x_wconf 86' lang='lat' dir='ltr'><strong>addere</strong></span> <span class='ocrx_word' id='word_1_181' title='bbox 1135 3195 1277 3264; x_wconf 88' lang='lat' dir='ltr'><strong>loculum</strong></span> <span class='ocrx_word' id='word_1_182' title='bbox 1292 3195 1348 3280; x_wconf 89' lang='lat' dir='ltr'><strong>qui</strong></span> <span class='ocrx_word' id='word_1_183' title='bbox 1363 3195 1456 3261; x_wconf 91' lang='lat' dir='ltr'><strong>editis</strong></span> <span class='ocrx_word' id='word_1_184' title='bbox 1471 3195 1559 3260; x_wconf 90' lang='lat' dir='ltr'><strong>deest</strong></span> <span class='ocrx_word' id='word_1_185' title='bbox 1579 3198 1611 3259; x_wconf 89' lang='lat' dir='ltr'><strong>et</strong></span> <span class='ocrx_word' id='word_1_186' title='bbox 1634 3192 1725 3279; x_wconf 81' lang='lat' dir='ltr'><strong>frag·</strong></span> 
     </span>
     <span class='ocr_line' id='line_1_19' title="bbox 177 3295 1725 3388; baseline -0.003 -20"><span class='ocrx_word' id='word_1_187' title='bbox 177 3307 322 3369; x_wconf 89' lang='lat' dir='ltr'><strong>mentum</strong></span> <span class='ocrx_word' id='word_1_188' title='bbox 344 3325 384 3370; x_wconf 90' lang='lat' dir='ltr'><strong>ex</strong></span> <span class='ocrx_word' id='word_1_189' title='bbox 406 3303 560 3388; x_wconf 88' lang='lat' dir='ltr'><strong>epistolis,</strong></span> <span class='ocrx_word' id='word_1_190' title='bbox 584 3324 721 3388; x_wconf 90' lang='lat' dir='ltr'><strong>quarum</strong></span> <span class='ocrx_word' id='word_1_191' title='bbox 736 3303 798 3369; x_wconf 92' lang='lat' dir='ltr'><strong>duo</strong></span> <span class='ocrx_word' id='word_1_192' title='bbox 815 3325 917 3388; x_wconf 88' lang='lat' dir='ltr'><strong>nuper</strong></span> <span class='ocrx_word' id='word_1_193' title='bbox 933 3307 966 3368; x_wconf 90' lang='lat' dir='ltr'><strong>et</strong></span> <span class='ocrx_word' id='word_1_194' title='bbox 982 3302 1121 3388; x_wconf 89' lang='lat' dir='ltr'><strong>primum</strong></span> <span class='ocrx_word' id='word_1_195' title='bbox 1142 3295 1402 3384; x_wconf 74' lang='lat' dir='ltr'><strong>innotuerunt),</strong></span> <span class='ocrx_word' id='word_1_196' title='bbox 1426 3321 1509 3367; x_wconf 90' lang='lat' dir='ltr'><strong>nunc</strong></span> <span class='ocrx_word' id='word_1_197' title='bbox 1537 3320 1613 3366; x_wconf 89' lang='lat' dir='ltr'><strong>vero</strong></span> <span class='ocrx_word' id='word_1_198' title='bbox 1633 3298 1725 3384; x_wconf 83' lang='lat' dir='ltr'><strong>vige·</strong></span> 
     </span>
     <span class='ocr_line' id='line_1_20' title="bbox 177 3407 1725 3498; baseline -0.003 -21"><span class='ocrx_word' id='word_1_199' title='bbox 177 3411 258 3477; x_wconf 90' lang='lat' dir='ltr'><strong>sima</strong></span> <span class='ocrx_word' id='word_1_200' title='bbox 280 3412 378 3477; x_wconf 86' lang='lat' dir='ltr'><strong>tertia</strong></span> <span class='ocrx_word' id='word_1_201' title='bbox 400 3410 583 3497; x_wconf 87' lang='lat' dir='ltr'><strong>profertnr;</strong></span> <span class='ocrx_word' id='word_1_202' title='bbox 607 3416 677 3477; x_wconf 90' lang='lat' dir='ltr'><strong>tum</strong></span> <span class='ocrx_word' id='word_1_203' title='bbox 700 3411 849 3497; x_wconf 89' lang='lat' dir='ltr'><strong>religiose</strong></span> <span class='ocrx_word' id='word_1_204' title='bbox 872 3433 981 3480; x_wconf 89' lang='lat' dir='ltr'><strong>omnes</strong></span> <span class='ocrx_word' id='word_1_205' title='bbox 1003 3411 1155 3498; x_wconf 87' lang='lat' dir='ltr'><strong>colligere</strong></span> <span class='ocrx_word' id='word_1_206' title='bbox 1187 3410 1339 3477; x_wconf 88' lang='lat' dir='ltr'><strong>lectiones</strong></span> <span class='ocrx_word' id='word_1_207' title='bbox 1361 3431 1469 3492; x_wconf 82' lang='lat' dir='ltr'><strong>novas,</strong></span> <span class='ocrx_word' id='word_1_208' title='bbox 1493 3430 1575 3496; x_wconf 88' lang='lat' dir='ltr'><strong>quae</strong></span> <span class='ocrx_word' id='word_1_209' title='bbox 1606 3407 1725 3494; x_wconf 88' lang='lat' dir='ltr'><strong>passim</strong></span> 
     </span>
     <span class='ocr_line' id='line_1_21' title="bbox 175 3519 923 3606; baseline 0.001 -20"><span class='ocrx_word' id='word_1_210' title='bbox 175 3523 320 3605; x_wconf 88' lang='lat' dir='ltr'><strong>praestat</strong></span> <span class='ocrx_word' id='word_1_211' title='bbox 342 3519 493 3587; x_wconf 85' lang='lat' dir='ltr'><strong>eximium</strong></span> <span class='ocrx_word' id='word_1_212' title='bbox 515 3519 676 3587; x_wconf 85' lang='lat' dir='ltr'><strong>Januensc</strong></span> <span class='ocrx_word' id='word_1_213' title='bbox 701 3519 923 3606; x_wconf 85' lang='lat' dir='ltr'><strong>archetypum.</strong></span> 
     </span>
    </p>
   </div>
   <div class='ocr_carea' id='block_1_4' title="bbox 940 3791 966 3858">
    <p class='ocr_par' dir='ltr' id='par_1_4' title="bbox 940 3791 966 3858">
     <span class='ocr_line' id='line_1_22' title="bbox 940 3791 966 3858; baseline 0 0"><span class='ocrx_word' id='word_1_214' title='bbox 940 3791 966 3858; x_wconf 94' lang='grc' dir='ltr'><strong>Ι.</strong></span> 
     </span>
    </p>
   </div>
   <div class='ocr_carea' id='block_1_5' title="bbox 532 3977 1381 4079">
    <p class='ocr_par' dir='ltr' id='par_1_5' title="bbox 532 3977 1381 4079">
     <span class='ocr_line' id='line_1_23' title="bbox 532 3977 1381 4079; baseline 0.005 -27"><span class='ocrx_word' id='word_1_215' title='bbox 532 3993 594 4052; x_wconf 73' lang='lat' dir='ltr'><strong>Tot</strong></span> <span class='ocrx_word' id='word_1_216' title='bbox 619 3988 708 4079; x_wconf 81' lang='grc' dir='ltr'>ἁγίου</span> <span class='ocrx_word' id='word_1_217' title='bbox 733 3987 926 4078; x_wconf 82' lang='grc' dir='ltr'>Σεραπίωνος</span> <span class='ocrx_word' id='word_1_218' title='bbox 950 3990 985 4052; x_wconf 86' lang='grc' dir='ltr'><strong>ἑκ</strong></span> <span class='ocrx_word' id='word_1_219' title='bbox 1007 3997 1066 4064; x_wconf 80' lang='grc' dir='ltr'><strong>τῆς</strong></span> <span class='ocrx_word' id='word_1_220' title='bbox 1090 3977 1138 4079; x_wconf 82' lang='grc' dir='ltr'><strong>κγ’</strong></span> <span class='ocrx_word' id='word_1_221' title='bbox 1163 3987 1331 4063; x_wconf 63' lang='lat' dir='ltr'><strong>satureiae</strong></span> <span class='ocrx_word' id='word_1_222' title='bbox 1346 3980 1381 4071; x_wconf 81' lang='lat'><strong>⁸).</strong></span> 
     </span>
    </p>
   </div>
   <div class='ocr_carea' id='block_1_6' title="bbox 767 4097 1152 4184">
    <p class='ocr_par' dir='ltr' id='par_1_6' title="bbox 767 4097 1152 4184">
     <span class='ocr_line' id='line_1_24' title="bbox 767 4097 1152 4184; baseline 0.003 -19"><span class='ocrx_word' id='word_1_223' title='bbox 767 4098 823 4166; x_wconf 77' lang='lat' dir='ltr'><strong>Es</strong></span> <span class='ocrx_word' id='word_1_224' title='bbox 845 4099 982 4184; x_wconf 77' lang='lat' dir='ltr'><strong>epistola</strong></span> <span class='ocrx_word' id='word_1_225' title='bbox 1007 4097 1152 4166; x_wconf 85' lang='lat' dir='ltr'><strong><em>XXIII.</em></strong></span> 
     </span>
    </p>
   </div>
   <div class='ocr_carea' id='block_1_7' title="bbox 184 4267 1731 4584">
    <p class='ocr_par' dir='ltr' id='par_1_7' title="bbox 184 4267 1731 4584">
     <span class='ocr_line' id='line_1_25' title="bbox 229 4267 1731 4366; baseline -0.006 -17"><span class='ocrx_word' id='word_1_226' title='bbox 229 4267 387 4343; x_wconf 70' lang='grc' dir='ltr'>Οὐδέποτε</span> <span class='ocrx_word' id='word_1_227' title='bbox 410 4277 531 4366; x_wconf 63' lang='lat' dir='ltr'><strong>«lpum</strong></span> <span class='ocrx_word' id='word_1_228' title='bbox 561 4274 622 4347; x_wconf 74' lang='lat' dir='ltr'><strong>cto</strong></span> <span class='ocrx_word' id='word_1_229' title='bbox 648 4277 840 4349; x_wconf 80' lang='grc' dir='ltr'>Ἐκκλησίαν</span> <span class='ocrx_word' id='word_1_230' title='bbox 871 4277 931 4340; x_wconf 76' lang='grc' dir='ltr'>ἑνί·</span> <span class='ocrx_word' id='word_1_231' title='bbox 1029 4277 1178 4345; x_wconf 88' lang='lat' dir='ltr'><strong>Haeresis</strong></span> <span class='ocrx_word' id='word_1_232' title='bbox 1193 4276 1284 4346; x_wconf 90' lang='lat' dir='ltr'><strong>nullo</strong></span> <span class='ocrx_word' id='word_1_233' title='bbox 1299 4300 1440 4363; x_wconf 91' lang='lat' dir='ltr'><strong>unquam</strong></span> <span class='ocrx_word' id='word_1_234' title='bbox 1456 4280 1599 4362; x_wconf 88' lang='lat' dir='ltr'><strong>tempore</strong></span> <span class='ocrx_word' id='word_1_235' title='bbox 1620 4273 1731 4342; x_wconf 74' lang='lat' dir='ltr'><strong>Eccle-</strong></span> 
     </span>
     <span class='ocr_line' id='line_1_26' title="bbox 184 4381 1730 4477; baseline -0.003 -26"><span class='ocrx_word' id='word_1_236' title='bbox 184 4409 291 4465; x_wconf 82' lang='grc' dir='ltr'><strong>κησεν,</strong></span> <span class='ocrx_word' id='word_1_237' title='bbox 315 4383 388 4450; x_wconf 83' lang='grc' dir='ltr'>ἀλλ’</span> <span class='ocrx_word' id='word_1_238' title='bbox 412 4385 462 4449; x_wconf 81' lang='grc' dir='ltr'><strong>ἀεὶ</strong></span> <span class='ocrx_word' id='word_1_239' title='bbox 479 4385 635 4473; x_wconf 79' lang='grc' dir='ltr'>μαίνεται,</span> <span class='ocrx_word' id='word_1_240' title='bbox 652 4384 706 4448; x_wconf 80' lang='grc' dir='ltr'><strong>καὶ</strong></span> <span class='ocrx_word' id='word_1_241' title='bbox 729 4390 801 4450; x_wconf 79' lang='grc' dir='ltr'>κατ’</span> <span class='ocrx_word' id='word_1_242' title='bbox 825 4386 930 4477; x_wconf 76' lang='grc' dir='ltr'>ὀλίγον</span> <span class='ocrx_word' id='word_1_243' title='bbox 986 4384 1066 4451; x_wconf 86' lang='lat' dir='ltr'><strong>siam</strong></span> <span class='ocrx_word' id='word_1_244' title='bbox 1078 4385 1165 4468; x_wconf 86' lang='lat' dir='ltr'><strong>vicit,</strong></span> <span class='ocrx_word' id='word_1_245' title='bbox 1177 4385 1233 4452; x_wconf 89' lang='lat' dir='ltr'><strong>sed</strong></span> <span class='ocrx_word' id='word_1_246' title='bbox 1248 4406 1375 4470; x_wconf 86' lang='lat' dir='ltr'><strong>semper</strong></span> <span class='ocrx_word' id='word_1_247' title='bbox 1390 4383 1481 4466; x_wconf 87' lang='lat' dir='ltr'><strong>furit,</strong></span> <span class='ocrx_word' id='word_1_248' title='bbox 1497 4388 1531 4450; x_wconf 89' lang='lat' dir='ltr'><strong>et</strong></span> <span class='ocrx_word' id='word_1_249' title='bbox 1546 4381 1730 4469; x_wconf 87' lang='lat' dir='ltr'><strong>aliquandiu</strong></span> 
     </span>
     <span class='ocr_line' id='line_1_27' title="bbox 185 4489 1582 4584; baseline -0.002 -24"><span class='ocrx_word' id='word_1_250' title='bbox 185 4491 389 4584; x_wconf 80' lang='grc' dir='ltr'>προελθοῦσα,</span> <span class='ocrx_word' id='word_1_251' title='bbox 415 4489 523 4568; x_wconf 82' lang='grc' dir='ltr'><strong>εὐθέως</strong></span> <span class='ocrx_word' id='word_1_252' title='bbox 546 4490 663 4557; x_wconf 73' lang='grc' dir='ltr'><strong>λύεται.</strong></span> <span class='ocrx_word' id='word_1_253' title='bbox 986 4515 1060 4560; x_wconf 90' lang='lat' dir='ltr'><strong>cum</strong></span> <span class='ocrx_word' id='word_1_254' title='bbox 1083 4494 1247 4580; x_wconf 88' lang='lat' dir='ltr'><strong>prooessit,</strong></span> <span class='ocrx_word' id='word_1_255' title='bbox 1271 4492 1377 4560; x_wconf 89' lang='lat' dir='ltr'><strong>subito</strong></span> <span class='ocrx_word' id='word_1_256' title='bbox 1400 4492 1582 4579; x_wconf 89' lang='lat' dir='ltr'><strong>dissipatur.</strong></span> 
     </span>
    </p>
   </div>
   <div class='ocr_carea' id='block_1_8' title="bbox 187 4646 1738 5448">
    <p class='ocr_par' dir='ltr' id='par_1_8' title="bbox 187 4646 1738 5448">
     <span class='ocr_line' id='line_1_28' title="bbox 222 4646 1736 4730; baseline -0.007 -17"><span class='ocrx_word' id='word_1_257' title='bbox 222 4657 245 4730; x_wconf 91' lang='lat'><strong>¹)</strong></span> <span class='ocrx_word' id='word_1_258' title='bbox 263 4655 437 4730; x_wconf 86' lang='lat' dir='ltr'><strong>Hieronym.</strong></span> <span class='ocrx_word' id='word_1_259' title='bbox 453 4655 499 4713; x_wconf 88' lang='lat' dir='ltr'><strong>De</strong></span> <span class='ocrx_word' id='word_1_260' title='bbox 523 4654 601 4711; x_wconf 79' lang='lat' dir='ltr'><strong>Viris</strong></span> <span class='ocrx_word' id='word_1_261' title='bbox 620 4654 728 4711; x_wconf 78' lang='lat' dir='ltr'><strong>illustr.</strong></span> <span class='ocrx_word' id='word_1_262' title='bbox 749 4671 812 4726; x_wconf 86' lang='lat' dir='ltr'><strong>cap.</strong></span> <span class='ocrx_word' id='word_1_263' title='bbox 831 4653 874 4709; x_wconf 86' lang='lat'><strong>99.</strong></span> <span class='ocrx_word' id='word_1_264' title='bbox 1021 4655 1044 4727; x_wconf 76' lang='lat'><strong>⁸)</strong></span> <span class='ocrx_word' id='word_1_265' title='bbox 1062 4651 1159 4709; x_wconf 84' lang='lat' dir='ltr'><strong>Oanis.</strong></span> <span class='ocrx_word' id='word_1_266' title='bbox 1178 4652 1246 4707; x_wconf 72' lang='lat' dir='ltr'><strong>Aac.</strong></span> <span class='ocrx_word' id='word_1_267' title='bbox 1265 4652 1329 4707; x_wconf 80' lang='lat' dir='ltr'><strong>leot.</strong></span> <span class='ocrx_word' id='word_1_268' title='bbox 1342 4655 1363 4706; x_wconf 91' lang='lat' dir='ltr'><strong>t.</strong></span> <span class='ocrx_word' id='word_1_269' title='bbox 1375 4665 1396 4720; x_wconf 89' lang='lat'><strong>1,</strong></span> <span class='ocrx_word' id='word_1_270' title='bbox 1409 4649 1538 4722; x_wconf 86' lang='lat' dir='ltr'><strong>Basuag.</strong></span> <span class='ocrx_word' id='word_1_271' title='bbox 1557 4666 1586 4722; x_wconf 89' lang='lat' dir='ltr'><strong>p.</strong></span> <span class='ocrx_word' id='word_1_272' title='bbox 1597 4647 1642 4704; x_wconf 75' lang='lat'><strong>43.</strong></span> <span class='ocrx_word' id='word_1_273' title='bbox 1663 4646 1736 4705; x_wconf 83' lang='lat' dir='ltr'><strong>Gal·</strong></span> 
     </span>
     <span class='ocr_line' id='line_1_29' title="bbox 222 4739 1734 4820; baseline -0.008 -17"><span class='ocrx_word' id='word_1_274' title='bbox 222 4748 245 4820; x_wconf 66' lang='grc'><strong>2)</strong></span> <span class='ocrx_word' id='word_1_275' title='bbox 264 4745 391 4818; x_wconf 89' lang='lat' dir='ltr'><strong>Philipp.</strong></span> <span class='ocrx_word' id='word_1_276' title='bbox 411 4743 536 4815; x_wconf 83' lang='lat' dir='ltr'><strong>Sidetas,</strong></span> <span class='ocrx_word' id='word_1_277' title='bbox 548 4744 652 4801; x_wconf 79' lang='lat' dir='ltr'><strong>Semne</strong></span> <span class='ocrx_word' id='word_1_278' title='bbox 663 4758 738 4801; x_wconf 82' lang='lat' dir='ltr'><strong>mv</strong></span> <span class='ocrx_word' id='word_1_279' title='bbox 756 4741 836 4816; x_wconf 85' lang='lat' dir='ltr'><strong>apud</strong></span> <span class='ocrx_word' id='word_1_280' title='bbox 854 4741 935 4800; x_wconf 90' lang='lat' dir='ltr'><strong>Dod-</strong></span> <span class='ocrx_word' id='word_1_281' title='bbox 985 4743 1067 4800; x_wconf 85' lang='lat' dir='ltr'><strong>land.</strong></span> <span class='ocrx_word' id='word_1_282' title='bbox 1085 4744 1162 4800; x_wconf 78' lang='lat' dir='ltr'><strong>Bibl.</strong></span> <span class='ocrx_word' id='word_1_283' title='bbox 1182 4747 1203 4798; x_wconf 86' lang='lat' dir='ltr'><strong>t</strong></span> <span class='ocrx_word' id='word_1_284' title='bbox 1222 4755 1250 4812; x_wconf 90' lang='lat' dir='ltr'><strong>v,</strong></span> <span class='ocrx_word' id='word_1_285' title='bbox 1269 4740 1492 4812; x_wconf 87' lang='lat' dir='ltr'><strong>Prolegom.1x.</strong></span> <span class='ocrx_word' id='word_1_286' title='bbox 1511 4739 1623 4799; x_wconf 79' lang='lat' dir='ltr'><strong>Patrot</strong></span> <span class='ocrx_word' id='word_1_287' title='bbox 1644 4741 1665 4793; x_wconf 91' lang='lat' dir='ltr'><strong>t.</strong></span> <span class='ocrx_word' id='word_1_288' title='bbox 1684 4751 1734 4809; x_wconf 79' lang='lat' dir='ltr'><strong>xa,</strong></span> 
     </span>
     <span class='ocr_line' id='line_1_30' title="bbox 187 4830 1121 4907; baseline -0.004 -15"><span class='ocrx_word' id='word_1_289' title='bbox 187 4835 264 4907; x_wconf 83' lang='lat' dir='ltr'><strong>well,</strong></span> <span class='ocrx_word' id='word_1_290' title='bbox 282 4835 406 4893; x_wconf 78' lang='lat' dir='ltr'><strong>Dissert.</strong></span> <span class='ocrx_word' id='word_1_291' title='bbox 426 4830 505 4888; x_wconf 76' lang='lat' dir='ltr'><strong>iren.</strong></span> <span class='ocrx_word' id='word_1_292' title='bbox 523 4849 551 4904; x_wconf 89' lang='lat' dir='ltr'><strong>p.</strong></span> <span class='ocrx_word' id='word_1_293' title='bbox 569 4831 632 4888; x_wconf 80' lang='lat'><strong>488.</strong></span> <span class='ocrx_word' id='word_1_294' title='bbox 985 4835 1039 4892; x_wconf 90' lang='lat' dir='ltr'><strong>col.</strong></span> <span class='ocrx_word' id='word_1_295' title='bbox 1058 4834 1121 4890; x_wconf 80' lang='lat'><strong>805.</strong></span> 
     </span>
     <span class='ocr_line' id='line_1_31' title="bbox 224 4917 1732 4998; baseline -0.003 -18"><span class='ocrx_word' id='word_1_296' title='bbox 224 4926 246 4998; x_wconf 80' lang='lat'><strong>³)</strong></span> <span class='ocrx_word' id='word_1_297' title='bbox 265 4925 345 4980; x_wconf 87' lang='lat' dir='ltr'><strong>Sext.</strong></span> <span class='ocrx_word' id='word_1_298' title='bbox 365 4923 486 4980; x_wconf 84' lang='lat' dir='ltr'><strong>Sensus.</strong></span> <span class='ocrx_word' id='word_1_299' title='bbox 504 4923 583 4979; x_wconf 77' lang='lat' dir='ltr'><strong>etot.</strong></span> <span class='ocrx_word' id='word_1_300' title='bbox 602 4925 696 4979; x_wconf 81' lang='lat' dir='ltr'><strong>sanct.</strong></span> <span class='ocrx_word' id='word_1_301' title='bbox 714 4939 743 4995; x_wconf 87' lang='lat' dir='ltr'><strong>p.</strong></span> <span class='ocrx_word' id='word_1_302' title='bbox 761 4922 823 4992; x_wconf 79' lang='lat'><strong>299,</strong></span> <span class='ocrx_word' id='word_1_303' title='bbox 838 4920 932 4992; x_wconf 84' lang='lat' dir='ltr'><strong>Paris,</strong></span> <span class='ocrx_word' id='word_1_304' title='bbox 1021 4924 1044 4997; x_wconf 85' lang='lat'><strong>⁷)</strong></span> <span class='ocrx_word' id='word_1_305' title='bbox 1061 4923 1097 4978; x_wconf 89' lang='lat' dir='ltr'><strong>A.</strong></span> <span class='ocrx_word' id='word_1_306' title='bbox 1116 4920 1197 4990; x_wconf 87' lang='lat' dir='ltr'><strong>Maii,</strong></span> <span class='ocrx_word' id='word_1_307' title='bbox 1219 4919 1312 4978; x_wconf 79' lang='lat' dir='ltr'><strong>Otuss.</strong></span> <span class='ocrx_word' id='word_1_308' title='bbox 1332 4923 1409 4978; x_wconf 83' lang='lat' dir='ltr'><strong>auct.</strong></span> <span class='ocrx_word' id='word_1_309' title='bbox 1424 4924 1446 4976; x_wconf 92' lang='lat' dir='ltr'><strong>t.</strong></span> <span class='ocrx_word' id='word_1_310' title='bbox 1465 4934 1493 4991; x_wconf 78' lang='lat' dir='ltr'><strong>v,</strong></span> <span class='ocrx_word' id='word_1_311' title='bbox 1506 4936 1533 4993; x_wconf 86' lang='lat' dir='ltr'><strong>p.</strong></span> <span class='ocrx_word' id='word_1_312' title='bbox 1546 4917 1609 4976; x_wconf 84' lang='grc'><strong>364.</strong></span> <span class='ocrx_word' id='word_1_313' title='bbox 1629 4917 1732 4992; x_wconf 71' lang='lat' dir='ltr'><strong>spicit</strong></span> 
     </span>
     <span class='ocr_line' id='line_1_32' title="bbox 189 5011 1375 5086; baseline -0.004 -16"><span class='ocrx_word' id='word_1_314' title='bbox 189 5014 268 5085; x_wconf 89' lang='grc'>1610,</span> <span class='ocrx_word' id='word_1_315' title='bbox 281 5013 334 5071; x_wconf 91' lang='lat' dir='ltr'><strong>ubi</strong></span> <span class='ocrx_word' id='word_1_316' title='bbox 346 5013 433 5086; x_wconf 82' lang='lat' dir='ltr'><strong>plura</strong></span> <span class='ocrx_word' id='word_1_317' title='bbox 447 5011 617 5085; x_wconf 87' lang='lat' dir='ltr'><strong>Serapionis</strong></span> <span class='ocrx_word' id='word_1_318' title='bbox 627 5011 765 5084; x_wconf 85' lang='lat' dir='ltr'><strong>citantur,</strong></span> <span class='ocrx_word' id='word_1_319' title='bbox 779 5029 855 5085; x_wconf 87' lang='lat' dir='ltr'><strong>quae</strong></span> <span class='ocrx_word' id='word_1_320' title='bbox 865 5029 934 5068; x_wconf 88' lang='lat' dir='ltr'><strong>nus·</strong></span> <span class='ocrx_word' id='word_1_321' title='bbox 988 5016 1072 5073; x_wconf 83' lang='lat' dir='ltr'><strong>Rom.</strong></span> <span class='ocrx_word' id='word_1_322' title='bbox 1091 5027 1131 5083; x_wconf 73' lang='grc' dir='ltr'><strong>ιν,</strong></span> <span class='ocrx_word' id='word_1_323' title='bbox 1150 5029 1178 5085; x_wconf 87' lang='lat' dir='ltr'><strong>p.</strong></span> <span class='ocrx_word' id='word_1_324' title='bbox 1197 5025 1375 5067; x_wconf 70' lang='lat' dir='ltr'><strong>xus-nrm.</strong></span> 
     </span>
     <span class='ocr_line' id='line_1_33' title="bbox 189 5100 1738 5179; baseline -0.004 -17"><span class='ocrx_word' id='word_1_325' title='bbox 189 5123 279 5179; x_wconf 89' lang='lat' dir='ltr'><strong>quem</strong></span> <span class='ocrx_word' id='word_1_326' title='bbox 297 5103 329 5160; x_wconf 87' lang='lat' dir='ltr'><strong>in</strong></span> <span class='ocrx_word' id='word_1_327' title='bbox 347 5102 411 5160; x_wconf 85' lang='lat' dir='ltr'><strong>edd.</strong></span> <span class='ocrx_word' id='word_1_328' title='bbox 432 5107 611 5176; x_wconf 83' lang='lat' dir='ltr'><strong>comparent.</strong></span> <span class='ocrx_word' id='word_1_329' title='bbox 1024 5105 1047 5178; x_wconf 81' lang='lat'><strong>⁸)</strong></span> <span class='ocrx_word' id='word_1_330' title='bbox 1064 5105 1111 5159; x_wconf 83' lang='lat' dir='ltr'><strong>Ex</strong></span> <span class='ocrx_word' id='word_1_331' title='bbox 1129 5100 1230 5159; x_wconf 86' lang='lat' dir='ltr'><strong>codice</strong></span> <span class='ocrx_word' id='word_1_332' title='bbox 1249 5101 1429 5159; x_wconf 75' lang='lat' dir='ltr'><strong>coisliniano</strong></span> <span class='ocrx_word' id='word_1_333' title='bbox 1447 5103 1509 5158; x_wconf 78' lang='grc'><strong>279.</strong></span> <span class='ocrx_word' id='word_1_334' title='bbox 1535 5100 1637 5174; x_wconf 83' lang='lat' dir='ltr'><strong>Digne</strong></span> <span class='ocrx_word' id='word_1_335' title='bbox 1662 5117 1738 5157; x_wconf 89' lang='lat' dir='ltr'><strong>sane</strong></span> 
     </span>
     <span class='ocr_line' id='line_1_34' title="bbox 226 5186 1738 5268; baseline -0.003 -18"><span class='ocrx_word' id='word_1_336' title='bbox 226 5195 251 5268; x_wconf 92' lang='lat'><strong>⁴)</strong></span> <span class='ocrx_word' id='word_1_337' title='bbox 269 5192 353 5251; x_wconf 87' lang='lat' dir='ltr'><strong>Hier.</strong></span> <span class='ocrx_word' id='word_1_338' title='bbox 371 5191 391 5247; x_wconf 90' lang='lat'><strong>1.</strong></span> <span class='ocrx_word' id='word_1_339' title='bbox 410 5192 430 5248; x_wconf 87' lang='grc'><strong>1.</strong></span> <span class='ocrx_word' id='word_1_340' title='bbox 988 5191 1139 5251; x_wconf 84' lang='lat' dir='ltr'><strong>sententie</strong></span> <span class='ocrx_word' id='word_1_341' title='bbox 1150 5195 1255 5247; x_wconf 89' lang='lat' dir='ltr'><strong>sancto</strong></span> <span class='ocrx_word' id='word_1_342' title='bbox 1268 5189 1340 5260; x_wconf 82' lang='lat' dir='ltr'><strong>viro,</strong></span> <span class='ocrx_word' id='word_1_343' title='bbox 1352 5188 1401 5245; x_wconf 90' lang='lat' dir='ltr'><strong>cui</strong></span> <span class='ocrx_word' id='word_1_344' title='bbox 1410 5207 1539 5262; x_wconf 87' lang='lat' dir='ltr'><strong>maguus</strong></span> <span class='ocrx_word' id='word_1_345' title='bbox 1549 5186 1738 5245; x_wconf 83' lang='lat' dir='ltr'><strong>Athanasius</strong></span> 
     </span>
     <span class='ocr_line' id='line_1_35' title="bbox 226 5275 1722 5360; baseline -0.005 -18"><span class='ocrx_word' id='word_1_346' title='bbox 226 5286 251 5360; x_wconf 74' lang='lat'><strong>⁶)</strong></span> <span class='ocrx_word' id='word_1_347' title='bbox 269 5285 351 5342; x_wconf 86' lang='lat' dir='ltr'><strong>Hier.</strong></span> <span class='ocrx_word' id='word_1_348' title='bbox 371 5282 457 5356; x_wconf 84' lang='lat' dir='ltr'><strong>epist.</strong></span> <span class='ocrx_word' id='word_1_349' title='bbox 470 5282 506 5340; x_wconf 79' lang='lat'><strong>70</strong></span> <span class='ocrx_word' id='word_1_350' title='bbox 517 5281 554 5339; x_wconf 91' lang='lat' dir='ltr'><strong>al.</strong></span> <span class='ocrx_word' id='word_1_351' title='bbox 566 5282 611 5355; x_wconf 81' lang='lat'><strong>84,</strong></span> <span class='ocrx_word' id='word_1_352' title='bbox 625 5282 674 5340; x_wconf 78' lang='lat' dir='ltr'><strong>Aa</strong></span> <span class='ocrx_word' id='word_1_353' title='bbox 686 5283 839 5356; x_wconf 75' lang='lat' dir='ltr'><strong>Mopsum.</strong></span> <span class='ocrx_word' id='word_1_354' title='bbox 861 5284 935 5356; x_wconf 83' lang='lat' dir='ltr'><strong>Opp.</strong></span> <span class='ocrx_word' id='word_1_355' title='bbox 989 5282 1120 5357; x_wconf 87' lang='lat' dir='ltr'><strong>quinque</strong></span> <span class='ocrx_word' id='word_1_356' title='bbox 1139 5278 1320 5354; x_wconf 86' lang='lat' dir='ltr'><strong>superstites</strong></span> <span class='ocrx_word' id='word_1_357' title='bbox 1339 5277 1482 5352; x_wconf 86' lang='lat' dir='ltr'><strong>epistolas</strong></span> <span class='ocrx_word' id='word_1_358' title='bbox 1495 5298 1531 5336; x_wconf 86' lang='lat' dir='ltr'><strong>ac</strong></span> <span class='ocrx_word' id='word_1_359' title='bbox 1549 5279 1652 5353; x_wconf 87' lang='lat' dir='ltr'><strong>plures</strong></span> <span class='ocrx_word' id='word_1_360' title='bbox 1664 5275 1722 5334; x_wconf 81' lang='lat' dir='ltr'><strong>ior·</strong></span> 
     </span>
     <span class='ocr_line' id='line_1_36' title="bbox 192 5367 1484 5448; baseline -0.002 -17"><span class='ocrx_word' id='word_1_361' title='bbox 192 5392 219 5448; x_wconf 90' lang='lat' dir='ltr'><strong>p.</strong></span> <span class='ocrx_word' id='word_1_362' title='bbox 236 5375 299 5432; x_wconf 76' lang='grc'><strong>427.</strong></span> <span class='ocrx_word' id='word_1_363' title='bbox 990 5378 1072 5429; x_wconf 86' lang='lat' dir='ltr'><strong>tasse</strong></span> <span class='ocrx_word' id='word_1_364' title='bbox 1091 5368 1246 5442; x_wconf 84' lang='lat' dir='ltr'><strong>inscripsit</strong></span> <span class='ocrx_word' id='word_1_365' title='bbox 1264 5383 1340 5424; x_wconf 82' lang='lat' dir='ltr'><strong>aevo</strong></span> <span class='ocrx_word' id='word_1_366' title='bbox 1360 5367 1484 5429; x_wconf 87' lang='lat' dir='ltr'><strong>deletas.</strong></span> 
     </span>
    </p>
   </div>
   <div class='ocr_carea' id='block_1_9' title="bbox 0 0 2045 6068">
    <p class='ocr_par' dir='ltr' id='par_1_9' title="bbox 0 0 2045 6068">
     <span class='ocr_line' id='line_1_37' title="bbox 0 0 2045 6068; baseline 0 0"><span class='ocrx_word' id='word_1_367' title='bbox 0 0 2045 6068; x_wconf 95' lang='lat' dir='ltr'><strong> </strong></span> 
     </span>
    </p>
   </div>
  </div>
 </body>
</html>
