4006 6074
696 512 849 587 donares
877 508 924 584 E.
955 509 1002 583 R.
1036 501 1211 584 Diaconns
1311 603 1313 606 .
1682 517 1734 574 171

181 689 285 760 Causa
308 691 428 777 quippe
444 691 568 758 reddita
584 693 633 758 est
649 710 749 776 quare
765 686 890 755 catulus
906 686 1066 754 laudetur.
1084 684 1172 752 Alibi
1187 685 1342 772 scriptum
1359 691 1425 754 est:
1454 692 1467 722 “
1484 688 1610 755 catulus
1628 688 1732 756 leonis

180 800 296 868 fortior
314 800 500 886 jumentis,
527 797 857 887 (exspectavere),
881 795 941 862 hoo
964 798 1013 860 est
1037 794 1189 879 parvulus
1212 794 1327 861 fortior
1354 795 1560 881 majoribus];
1593 797 1620 861 si
1652 819 1729 862 nam

181 908 324 976 ascendit
346 909 380 974 in
402 931 539 990 crucem,
562 908 759 987 recumbens,
785 927 858 973 cnm
883 904 1067 970 “inclinato
1095 904 1199 988 capite
1223 903 1359 969 reddidit
1389 904 1568 989 spiritum,
1597 903 1728 984 (Matth.

179 1019 365 1100 xru1,50);
388 1017 415 1082 ai
438 1037 502 1082 non
525 1016 676 1082 dormivit
700 1020 738 1081 ut
761 1015 824 1094 leo,
848 1013 924 1099 quia
946 1016 979 1078 et
1002 1011 1036 1077 in
1059 1012 1129 1095 ipsa
1144 1015 1248 1076 morte
1267 1033 1331 1077 non
1354 1015 1403 1078 est
1425 1012 1540 1094 victus,
1564 1013 1620 1079 sed
1643 1013 1730 1094 vicit,

186 1129 218 1192 et
241 1129 278 1190 ut
302 1125 428 1192 catulus
450 1125 562 1191 leonis.
590 1124 679 1206 (Inde
704 1125 789 1190 enim
812 1125 969 1202 mortuus,
994 1118 1077 1185 unde
1100 1120 1225 1199 natus);
1249 1119 1275 1185 si
1298 1141 1363 1186 non
1385 1119 1441 1186 ille
1471 1143 1544 1188 eum
1567 1121 1733 1188 suscitavit

182 1231 361 1313 amortuis,
379 1253 474 1316 quem
490 1252 583 1297 nemo
606 1231 772 1298 hominum
795 1231 885 1310 vidit,
902 1251 961 1297 nec
978 1229 1084 1296 videre
1100 1233 1217 1313 potest.
1237 1227 1298 1312 (Eo
1316 1229 1401 1296 enim
1424 1252 1498 1296 mox
1521 1230 1642 1297 dictum
1665 1235 1730 1298 eat:

187 1340 289 1425 “quis
312 1339 479 1408 suscitavit
501 1343 629 1419 euml,
656 1338 743 1406 Satis
765 1361 915 1424 expressa
938 1343 997 1420 est,
1022 1342 1186 1422 tamquam
1209 1338 1313 1424 ignoti
1333 1337 1555 1423 significatio);
1579 1339 1606 1404 si
1629 1338 1733 1406 defuit

181 1449 329 1535 princeps
344 1471 393 1518 ,ex
415 1447 500 1514 Juda
523 1453 555 1514 et
577 1447 642 1514 dux
665 1448 704 1514 de
727 1448 904 1514 femoribus
920 1448 998 1533 ejus,
1015 1447 1114 1514 donee
1131 1447 1252 1513 veniret
1269 1452 1453 1532 opportuno
1469 1453 1623 1534 tempore,
1647 1471 1729 1535 quae

183 1556 340 1641 promissa
363 1560 528 1640 tamquam
552 1555 691 1641 reposita
714 1556 856 1622 luerunt.
881 1554 964 1622 Sunt
988 1552 1073 1621 euim
1096 1555 1225 1622 litterae
1240 1556 1436 1622 certissimae
1457 1557 1620 1639 historiae,
1644 1558 1730 1643 ipso·

184 1686 257 1730 rum
280 1683 407 1748 qnoque
429 1662 637 1746 iudaeorum,
654 1685 718 1748 quo
734 1668 879 1748 tempore
896 1661 1043 1730 Christus
1061 1666 1157 1729 natus
1180 1668 1240 1745 est,
1256 1664 1304 1730 ita
1326 1686 1390 1729 non
1414 1664 1525 1730 definit
1547 1687 1597 1732 res
1620 1666 1658 1732 de
1681 1689 1729 1733 se·

184 1772 269 1842 mine
291 1771 386 1853 Juda,
411 1771 511 1838 donec
535 1771 681 1838 venirent
697 1792 778 1856 quae
794 1771 955 1856 repositae
972 1775 1065 1838 erant
1080 1771 1155 1854 illis,
1172 1772 1227 1838 sed
1242 1772 1393 1857 quianon
1410 1771 1487 1842 solis
1501 1772 1631 1841 Judaeis
1654 1774 1734 1840 fide·

182 1880 278 1962 libus,
301 1879 423 1965 profuit
446 1879 531 1965 qnod
554 1879 746 1966 promissum
770 1883 828 1946 est.

230 1988 313 2055 Vide
336 1989 413 2074 quid
435 1992 606 2074 sequatur:
634 1992 647 2023 ⁸
665 1993 699 2055 et
713 1989 783 2074 ipse
798 1989 978 2074 expectatio
995 1989 1151 2075 gentium,
1168 1989 1236 2075 ipse
1259 1988 1374 2074 alligat
1393 1989 1433 2056 ad
1456 1991 1581 2058 vineam
1605 1991 1730 2076 pullum

184 2119 278 2165 suum
295 2147 322 2178 „
345 2097 379 2163 id
402 2101 451 2164 est
473 2097 629 2183 populum
652 2120 755 2180 suum,
779 2096 813 2163 in
836 2097 941 2164 cilicio
965 2097 1150 2183 praedicans
1175 2102 1208 2164 et
1231 2099 1387 2166 olamans:
1417 2105 1429 2134 ⁸
1448 2101 1535 2185 agite
1558 2100 1597 2166 ad
1620 2101 1729 2187 poeni·

181 2206 335 2273 tentiam:
359 2205 628 2291 adpropinquavit
651 2206 736 2272 enim
759 2227 899 2293 regnum
928 2205 1089 2273 coelorum
1104 2257 1134 2289 ,.
1157 2206 1319 2292 Populum
1350 2215 1457 2274 autem
1487 2208 1536 2274 illi
1567 2208 1731 2276 subditum

181 2335 391 2400 agnoscamus
413 2313 504 2399 pullo
527 2313 634 2380 asinae
658 2319 889 2400 comparatum,
913 2315 948 2380 in
971 2337 1035 2400 quo
1059 2316 1157 2382 etiam
1180 2315 1262 2383 sedit
1281 2316 1399 2382 ducens
1422 2338 1495 2384 cum
1518 2316 1552 2382 in
1574 2316 1728 2385 Hierusa-

181 2423 255 2504 lem,
279 2423 311 2488 id
336 2426 395 2505 est,
418 2423 452 2489 in
475 2422 631 2489 visionem
653 2423 752 2508 pacis,
769 2424 883 2491 docens
900 2429 1102 2492 mansuetum
1118 2425 1185 2490 vias
1201 2409 1292 2504 snas3
1317 2424 1343 2490 si
1367 2447 1432 2490 non
1458 2425 1576 2492 'lavat
1599 2426 1632 2492 in
1655 2426 1729 2492 vino

180 2530 297 2596 stolam
314 2581 340 2612 „
364 2531 435 2615 ipsa
458 2535 506 2597 est
529 2530 614 2597 enim
645 2530 786 2616 gloriosa
815 2553 912 2616 quam
944 2531 1006 2597 sibi
1028 2531 1177 2613 exhibet,
1200 2553 1265 2597 non
1297 2532 1471 2598 habentem
1495 2533 1653 2600 maculam
1676 2537 1734 2601 aut

185 2659 312 2724 rugam.
335 2638 374 2704 ln
397 2661 461 2724 quo
484 2659 561 2725 ergo
584 2638 669 2720 vino,
692 2639 754 2704 nisi
777 2639 811 2705 in
834 2639 893 2706 illo
916 2639 955 2705 de
979 2661 1043 2724 quo
1066 2639 1200 2720 dicitur,
1224 2639 1310 2724 quod
1333 2657 1392 2724 pro
1415 2639 1526 2706 multis
1549 2641 1731 2708 effundetur

184 2746 218 2812 in
241 2747 458 2814 remissionem
481 2749 709 2832 peccatorum?
733 2747 806 2831 lpse
831 2751 878 2813 est
901 2747 987 2815 enim
1009 2748 1122 2814 botrus
1145 2747 1201 2812 ille
1224 2747 1280 2832 qui
1304 2747 1456 2832 pependit
1477 2747 1511 2812 in
1535 2746 1635 2833 ligno.
1659 2748 1736 2816 Pro·

138 2937 147 2952 ι
183 2859 295 2940 pterea
318 2858 351 2921 et
373 2854 426 2922 hic
440 2855 511 2921 vide
527 2855 602 2939 qnid
620 2855 793 2941 adjungat:
814 2859 827 2889 '¹
845 2855 887 2921 Et
902 2856 937 2922 in
952 2856 1107 2942 sanguina
1128 2877 1208 2922 uvae
1232 2855 1385 2922 amictum
1408 2877 1501 2922 suum
1520 2907 1546 2938 „
1567 2857 1635 2942 jam
1659 2878 1733 2923 vero

180 2961 307 3049 fulgere
330 2964 441 3032 oculus
464 2964 532 3050 ejus
555 2987 574 3030 a
597 2963 670 3030 vino
686 2962 744 3030 illa
760 2965 795 3030 in
812 2985 946 3050 corpore
961 2964 1029 3049 ejus
1045 2964 1192 3030 membra
1207 2966 1416 3049 cognoscunt,
1440 2963 1556 3048 quibus
1580 2963 1733 3030 donatum

182 3074 231 3135 est
254 3076 365 3138 sancta
387 3072 522 3157 quadarn
547 3071 701 3138 ebrietate
718 3072 876 3140 alienatae
893 3073 1020 3152 mentis,
1037 3072 1078 3138 ab
1097 3071 1183 3138 infra
1205 3071 1388 3138 labentibus
1410 3071 1653 3157 temporalibus,
1676 3095 1731 3140 ae-

184 3180 311 3243 ternam
332 3177 438 3245 luoem
460 3178 636 3262 sapientiae
653 3179 808 3245 contueri.
825 3179 913 3247 Dicit
930 3181 1014 3246 enim
1030 3179 1166 3247 Paulus:
1186 3183 1199 3213 '¹
1215 3178 1288 3246 Sive
1305 3180 1390 3246 enim
1405 3184 1511 3246 mente
1531 3181 1731 3262 excessimus,

184 3284 285 3353 Deo...
309 3286 344 3353 bi
367 3291 443 3354 sunt
466 3286 631 3374 fulgentes
654 3287 738 3355 oculi
762 3289 870 3354 avino
888 3339 913 3370 „
938 3289 993 3356 sed
1008 3294 1118 3356 tamen
1134 3289 1210 3374 quia
1226 3288 1380 3373 sequitur,
1400 3293 1414 3324 “
1431 3289 1497 3354 sive
1514 3292 1730 3374 temperantes

182 3415 292 3460 sumus
314 3394 418 3477 nobis,
441 3417 499 3462 nec
514 3395 641 3481 parvuli
655 3395 883 3481 relinquuntur
897 3396 1001 3464 adhuc
1017 3396 1101 3464 lacte
1116 3396 1279 3462 nutriendi
1296 3445 1323 3478 „
1343 3383 1418 3480 quia
1434 3400 1466 3463 et
1481 3396 1543 3464 hoo
1564 3396 1727 3481 sequitur:

185 3501 339 3570 “Dentes
363 3505 431 3589 ejus
454 3503 650 3571 candidiores
673 3503 767 3571 lacte.
798 3503 1011 3589 Requiescens
1042 3504 1192 3572 accubuit
1213 3507 1251 3570 nt
1281 3503 1334 3570 leo
1357 3503 1447 3588 quasi
1472 3492 1630 3585 leoena„
1655 3504 1726 3588 quis

178 3611 344 3678 suscitavit
366 3634 440 3678 eum
454 3603 490 3693 ¹).

936 3827 978 3894 V.

223 4045 294 4112 Fol.
314 4048 366 4112 74.
381 4045 451 4129 Epo
464 4067 535 4114 sum
547 4047 604 4131 qni
615 4067 697 4114 sum.
710 4081 752 4094 -
767 4043 886 4111 Beatus
899 4045 1100 4131 Augustinus
1112 4045 1148 4111 in
1160 4046 1355 4128 expositione
1363 4045 1487 4129 psalmi
1501 4045 1678 4116 XXXIV.
1694 4083 1736 4094 —

181 4154 283 4222 Sicuti
306 4159 365 4236 est,
388 4155 503 4239 inquit,
527 4155 668 4240 proprie,
692 4155 775 4222 sicut
799 4154 900 4220 bonus
923 4157 973 4220 est
995 4153 1136 4239 propria,
1156 4174 1260 4237 neque
1282 4152 1366 4218 enim
1389 4174 1531 4237 eaquae
1554 4153 1642 4236 fecit,
1666 4175 1729 4220 non

179 4268 266 4344 sunt,
289 4266 347 4330 aut
369 4285 433 4329 non
456 4262 573 4348 injuria
595 4261 645 4328 illi
667 4263 715 4344 fit,
733 4283 806 4328 cum
822 4261 956 4328 dicimus
971 4283 1035 4328 non
1053 4283 1120 4327 esse
1141 4283 1222 4346 quae
1245 4261 1332 4328 fecit.
1356 4260 1461 4338 Quare
1484 4262 1569 4327 enim
1592 4261 1678 4343 lecit,
1703 4263 1729 4328 si

177 4392 241 4436 non
264 4375 340 4437 sunt
363 4393 444 4456 quae
467 4371 568 4438 lecit?
591 4375 649 4437 aut
670 4370 748 4455 quid
770 4368 857 4451 fecit,
881 4369 995 4435 sinon
1019 4374 1067 4435 est
1090 4369 1175 4454 quod
1198 4368 1297 4436 lecit?
1320 4368 1401 4436 Cum
1423 4389 1501 4454 ergo
1523 4369 1588 4435 sint
1610 4373 1643 4436 ct
1666 4369 1723 4435 illa

178 4500 259 4563 qnae
282 4483 369 4561 sunt,
395 4479 523 4546 venitur
545 4483 654 4545 tamen
677 4476 717 4544 ad
740 4475 827 4543 illius
850 4477 1135 4562 comparationem,
1159 4479 1197 4542 nt
1223 4481 1391 4561 tamquam
1407 4475 1495 4542 solus
1519 4476 1679 4557 omnibus,
1704 4499 1721 4543 e

177 4591 342 4672 tamquam
364 4587 426 4654 hoc
450 4587 479 4653 ei
502 4591 586 4653 esset
608 4607 743 4653 nomen:
770 4583 873 4650 “Hoc
896 4584 991 4666 dices,
1010 4584 1127 4669 inquit,
1143 4586 1198 4670 qui
1215 4590 1263 4652 est
1279 4584 1366 4651 misit
1381 4606 1433 4650 me
1451 4634 1477 4664 ,.
1500 4584 1553 4650 Ita
1575 4584 1660 4651 enim
1678 4585 1734 4651 ille

177 4698 235 4777 est,
260 4695 353 4760 utin
376 4695 445 4780 ejus
468 4695 704 4779 comparatione
727 4716 765 4760 ea
788 4713 870 4778 quas
886 4691 1081 4774 factasunt,
1097 4715 1161 4758 non
1177 4693 1261 4772 sint;
1279 4690 1328 4757 illi
1350 4714 1415 4758 non
1439 4695 1624 4777 comparata
1647 4696 1733 4772 sunt,

178 4803 329 4888 qnoniam
352 4803 394 4868 ab
416 4803 474 4870 illo
498 4807 590 4882 sunt3
614 4802 662 4868 illi
686 4805 794 4869 autem
810 4804 999 4888 comparata
1020 4805 1107 4884 sunt,
1125 4801 1201 4887 qnia
1216 4823 1327 4868 verum
1350 4819 1418 4866 esse
1440 4800 1738 4866 incommutabilem

178 4931 245 4976 esse
270 4915 319 4976 est
342 4910 419 4995 quid
441 4909 502 4977 ille
521 4910 608 4977 solus
632 4914 693 4976 est.

213 5173 234 5248 ¹)
244 5173 287 5232 cf.
298 5173 328 5230 in
339 5191 474 5232 sermone
485 5174 522 5232 de
531 5173 670 5248 passione
681 5173 808 5232 Domini.
817 5174 926 5232 Ascen·
985 5175 1058 5250 pitis
1073 5173 1304 5246 inclinationem,
1317 5191 1371 5249 per
1384 5173 1592 5233 dormitionem
1603 5179 1738 5249 mortem,

178 5263 233 5336 dis,
247 5263 352 5338 inquit,
366 5264 558 5336 recumbens;
571 5264 707 5322 dormisti
721 5264 799 5322 sicut
811 5265 858 5321 leo
870 5282 925 5339 per
987 5281 1041 5338 per
1059 5265 1176 5322 leonem
1195 5263 1368 5337 significans
1386 5269 1576 5338 potestatem.

175 5354 380 5414 ascensionem
392 5353 423 5413 in
437 5372 566 5429 crucem,
577 5371 630 5428 per
641 5353 860 5413 accubitionem
873 5373 924 5412 ca·
