4008 6068
638 813 820 880 Maenas
846 813 964 879 APUD
987 813 1262 881 TURRIANUM.
1369 821 1374 830 '

218 1033 368 1120 Triginta
383 1034 510 1100 circiter
527 1056 634 1120 opera,
652 1035 737 1102 haud
753 1033 931 1100 levissimae
954 1033 1057 1113 molis,
1074 1033 1230 1099 indefesso
1247 1031 1407 1097 Francisci
1424 1031 1463 1096 de
1478 1031 1511 1097 la
1527 1031 1628 1098 Terre
1645 1031 1677 1098 S.
1693 1031 1725 1098 J.

173 1141 279 1208 studio
296 1142 486 1227 conscripta,
501 1142 594 1208 nobis
610 1147 815 1208 occurrerant
831 1142 865 1206 in
880 1141 1033 1207 Romanis
1049 1139 1263 1221 bibliothecis,
1280 1161 1363 1225 quae
1380 1137 1489 1206 sedulo
1509 1138 1726 1221 lustravimus,

174 1252 211 1315 ut
227 1248 383 1333 quidquid
405 1249 439 1314 in
462 1249 507 1315 eis
529 1249 665 1316 fortasse
689 1249 807 1316 lateret
830 1273 865 1316 ex
888 1248 1049 1335 Magnetis
1072 1249 1265 1332 apocriticis,
1289 1249 1356 1314 sive
1379 1269 1503 1334 graece,
1527 1247 1593 1312 sive
1616 1245 1727 1329 latine,
1800 1267 1804 1284 ·

173 1360 349 1423 notaretur.
375 1355 568 1424 Notavimus
591 1350 669 1442 ergo
693 1379 730 1424 ea
753 1380 835 1444 quae
857 1362 1046 1443 sequuntur,
1069 1357 1196 1423 silentio
1219 1379 1283 1423 non
1306 1355 1496 1442 sepelienda,
1520 1354 1595 1423 licet
1616 1355 1728 1422 exinde

174 1485 237 1530 non
250 1464 461 1549 suppleantur
474 1488 511 1532 ea
523 1487 605 1551 quae
619 1487 655 1532 ex
667 1469 738 1532 toto
754 1465 837 1532 libro
853 1467 957 1550 primo
968 1465 1169 1546 'exciderunt
1182 1487 1284 1550 neque
1300 1465 1419 1531 librum
1435 1465 1584 1550 quintum
1600 1463 1727 1546 addant,

174 1594 269 1657 quem
293 1573 479 1656 Turrianus,
503 1595 562 1660 pro
585 1578 702 1660 quarto
725 1577 909 1640 constanter
931 1575 1058 1640 videtur
1080 1574 1255 1640 adduxisse.

219 1678 246 1745 I.
261 1679 425 1768 Διαταγαὶ
438 1690 500 1744 τῶν
516 1682 612 1772 ἁγίων
626 1679 811 1746 ἀποστόλων
829 1683 840 1761 ΙΙ
858 1670 909 1745 brr'.
923 1680 1105 1768 Κλήμεντος
1122 1683 1134 1762 {l
1152 1689 1206 1743 τοῦ
1220 1678 1382 1767 Ῥωμαίων
1395 1677 1565 1743 ἐπισκόπου
1577 1677 1631 1741 καὶ
1643 1676 1730 1741 noll·
1863 1677 1866 1680 ’

173 1808 231 1850 του
248 1789 260 1870 ΙΙ
278 1785 431 1859 καθολικὴ
458 1778 646 1854 διδασκαλία
664 1792 675 1872 ΙΙ
693 1779 745 1853 bric
763 1781 892 1872 biblion
909 1787 941 1861 n‘
958 1793 969 1872 [1
987 1789 1180 1880 φραγκίσκου
1197 1779 1314 1878 πρῧρῑυ
1332 1791 1344 1872 ss
1362 1793 1549 1877 Toupptuuob
1571 1784 1728 1876 προλεγό-

173 1917 252 1982 pean
275 1893 329 1958 arci
352 1896 468 1986 σχόλια
487 1897 666 1990 ἁπολόγητι
684 1901 695 1983 l
713 1896 765 1962 an'
780 1921 817 1962 τε
835 1897 889 1962 καὶ
906 1890 1083 1989 ἑξηγητικαὶ
1099 1901 1140 1972 εἰς
1157 1894 1213 1972 τὰς
1231 1893 1327 1970 αὐτὰς
1348 1885 1502 1984 διαταγὰς
1520 1897 1532 1977 ss
1549 1903 1652 1958 ταῦτα
1664 1901 1726 1956 subu

174 2013 299 2092 reparer
313 2003 459 2078 trouble
479 2010 491 2091 ll
509 2007 663 2090 Venetiis,
678 2030 716 2074 ex
729 2008 853 2074 officina
864 2008 886 2074 J
887 2008 997 2074 ordani
1010 2006 1113 2086 Zileti,
1126 2023 1291 2072 unoexrrr.
1304 2004 1420 2071 Omnia
1432 2024 1547 2091 graece
1560 2001 1725 2088 leguntur.

220 2113 256 2179 P.
284 2116 357 2180 174.
382 2115 554 2201 Magnetis,
576 2117 642 2181 ota
667 2115 735 2180 ἔστι
757 2113 920 2190 τύπος...
945 2113 1048 2190 οὐσίας
1071 2112 1168 2202 λόγῳ.

223 2221 257 2287 Ρ.
285 2223 358 2288 182.
381 2222 543 2308 Magnetis
567 2247 606 2289 ex
627 2223 684 2290 lib.
707 2244 747 2290 111
770 2223 820 2290 De
843 2222 1044 2310 Idolollrptis,
1068 2221 1129 2286 Καὶ
1152 2219 1212 2311 γὰρ
1237 2217 1307 2284 κατ’
1333 2221 1449 2284 ἐκεῖνον
1464 2227 1521 2283 τοῦ
1545 2217 1727 2308 χρόνον...

177 2325 394 2405 subsericam
418 2331 472 2412 (ef.
495 2330 594 2399 Juris
616 2331 737 2400 Eccles.
762 2331 874 2400 Graec.
898 2333 974 2397 bist.
996 2335 1021 2395 t.
1044 2350 1067 2410 1,
1093 2353 1125 2415 p.
1146 2330 1236 2411 347).

221 2437 265 2502 11.
287 2437 546 2522 Apostolicorum
570 2439 843 2508 Constitutionurn
865 2445 895 2504 ct
925 2439 1095 2506 catholicae
1117 2437 1282 2504 doctrinae
1314 2435 1488 2502 Clementia
1519 2433 1661 2502 Romam
1688 2435 1729 2500 li·

177 2544 229 2610 bri
258 2545 356 2627 VIII,
387 2545 565 2615 Francisco
590 2546 744 2613 Turriurn
769 2545 804 2613 8.
827 2545 861 2612 J.
887 2547 1060 2628 interprete
1090 2567 1106 2611 e
1132 2564 1245 2628 praeco
1274 2563 1345 2608 curn
1375 2543 1516 2626 ejusdem
1546 2542 1676 2610 scholiis
1699 2547 1729 2608 et

179 2649 451 2719 damnationibus
473 2655 579 2737 ipsius
595 2655 759 2722 doctmnce
775 2653 944 2722 catholicae
959 2654 1004 2720 acl
1018 2639 1239 2736 conftrnranda
1255 2651 1402 2734 dopmate
1428 2649 1603 2717 orthodoxa
1618 2654 1730 2715 contre

178 2759 351 2827 6000011000
371 2767 401 2826 01
424 2781 493 2828 cum
509 2763 790 2846 explanationibus
806 2763 944 2829 locorum
961 2762 1178 2828 obscuriorum
1194 2759 1234 2825 ad
1249 2757 1302 2824 Ill.
1319 2761 1351 2824 et
1366 2758 1446 2824 Rev.
1470 2758 1564 2824 Dom.
1582 2756 1614 2824 S.
1631 2757 1672 2824 R.
1687 2755 1728 2823 Ε.

180 2864 272 2933 card.
298 2865 462 2935 Sirletum.
485 2868 680 2954 Antverpiae
706 2871 803 2951 1578,
829 2869 909 2936 offic.
933 2867 1051 2936 Christ.
1075 2867 1228 2934 Plautini.

313 2973 349 3041 P.
397 2977 450 3041 56.
474 2975 523 3042 Ex
545 2995 568 3042 v
590 2977 684 3058 libro,
708 2977 756 3044 De
779 2977 934 3062 reliquiis.
962 2977 1072 3043 ‘Ossa
1094 2976 1325 3062 prophetarum
1349 2978 1429 3054 010,

478 3085 561 3151 Ibid.
586 3083 706 3151 Contra
729 3083 944 3152 Manichaeos.

316 3187 353 3254 Ρ.
381 3191 456 3258 189.
480 3192 529 3258 lle
551 3190 757 3258 Eucharistia
780 3197 813 3258 et
836 3191 1015 3278 Antitypis.

316 3295 353 3362 P.
377 3299 455 3365 218.
478 3298 528 3365 Ex
550 3299 635 3368 libro
657 3321 693 3387 11,
717 3299 765 3367 De
788 3301 873 3367 bono
895 3300 1037 3367 latrone:
1064 3299 1169 3366 ‘Nou
1193 3299 1395 3366 audientibus
1414 3348 1439 3378 ,.

318 3404 355 3472 P.
380 3409 455 3473 229.
480 3407 529 3474 Ex
552 3409 637 3477 libro
659 3431 709 3493 111,
734 3410 783 3478 De
805 3407 1003 3495 idololhytis.

316 3508 354 3576 P.
377 3512 453 3577 248.
477 3512 527 3579 Ex
548 3513 632 3581 libro
655 3535 687 3598 u,
710 3517 759 3583 De
781 3515 948 3585 Abrabam
972 3521 1005 3584 et
1028 3518 1096 3602 ejus
1118 3517 1191 3583 fide.

226 3615 285 3682 ΠΙ.
311 3615 375 3686 Pro
398 3621 574 3689 cannabus
596 3625 812 3705 apostolorum
834 3627 990 3693 aduersus
1014 3625 1315 3710 Mapdeburpenscs.
1339 3621 1535 3702 Florentiae,
1563 3621 1659 3702 1572,
1685 3623 1730 3688 4⁰.

316 3723 352 3791 P.
401 3728 453 3792 19.
477 3727 527 3793 Ex
549 3728 634 3796 libro
656 3749 706 3812 111,
730 3730 778 3798 De
801 3732 1000 3818 idololhytis.

317 3831 354 3899 P.
381 3835 456 3901 145.
479 3835 530 3901 Ex
551 3836 642 3904 libris
665 3857 691 3902 11
715 3843 747 3906 01
769 3857 801 3921 ν,
825 3840 873 3907 De
897 3840 1110 3926 discrepantia
1133 3837 1413 3924 evangelistarum.

228 3939 285 4007 IV.
309 3941 360 4008 De
384 3943 445 4010 88.
469 3945 681 4016 Eueluristie
703 3955 813 4017 contra
837 3949 1002 4016 Andrcam
1025 3949 1182 4016 Volennm
1203 3947 1359 4014 Polonnm
1384 3943 1516 4013 Caluini
1539 3944 1734 4029 discipulum

186 4053 354 4131 tractatus,
378 4050 509 4134 Romae,
535 4055 859 4138 numerosioria,
885 4056 988 4134 1575;
1013 4055 1115 4137 Paris,
1141 4056 1238 4121 1577.

321 4157 358 4224 Ρ.
385 4160 435 4224 75.
460 4160 510 4227 Ex
533 4161 617 4228 libro
640 4183 690 4244 111,
714 4164 762 4231 De
785 4164 945 4231 creatione
967 4163 1089 4230 bomini
1112 4187 1132 4230 a
1153 4162 1275 4230 Verbo.

320 4264 358 4331 P.
383 4267 437 4332 98.
460 4267 511 4335 Elx
533 4268 617 4337 libro
639 4291 689 4353 111,
713 4270 762 4338 De
784 4271 987 4338 Eucharistia
1012 4275 1045 4337 et
1068 4271 1234 4358 antitypis.

321 4372 358 4439 P.
384 4377 437 4441 99.
462 4376 510 4442 De
533 4378 653 4445 eadem.

233 4477 275 4543 V.
299 4479 350 4547 De
372 4485 455 4550 cotis
477 4485 666 4554 monasticis
688 4493 718 4554 ct
742 4487 923 4556 inviolabili
945 4488 1099 4573 relipioue
1120 4495 1274 4569 erutorum,
1298 4487 1430 4568 Romae,
1457 4487 1553 4552 1566.

322 4587 358 4654 Ρ.
383 4591 414 4671 2,
442 4593 493 4658 12.
518 4593 567 4659 Ex
591 4594 682 4661 libris
706 4615 733 4660 11
755 4600 789 4661 et
811 4615 861 4677 rrr,
883 4595 933 4662 De
956 4595 1158 4662 Eucharistia
1181 4599 1214 4660 et
1236 4592 1432 4680 idololhytis.

232 4692 291 4762 VI.
317 4695 406 4779 Opus
428 4700 640 4784 dopmaticum
663 4703 702 4770 rie
723 4703 973 4786 Jusrificariere,
997 4703 1128 4784 Romae,
1154 4703 1251 4769 1557.

329 4802 365 4870 P.
390 4807 528 4875 98-100.
553 4807 600 4874 Ex
622 4810 706 4877 libro
728 4829 760 4892 v,
784 4810 832 4878 De
855 4809 1069 4893 Eucharistiae,
1091 4809 1181 4877 locus
1204 4808 1419 4897 amplissimus
1440 4829 1555 4896 graece
1572 4811 1605 4874 01
1627 4806 1736 4875 latine.

189 4907 360 4986 1110τεὺ0αο
383 4911 505 5004 γὰρ...
531 4926 594 4980 τῶν
618 4921 724 4982 καλῶν
748 4915 1014 5008 κατορθωμάτων.

233 5017 307 5085 VH.
330 5021 515 5106 Dopnratici
538 5026 735 5094 characteres
764 5028 860 5096 Verbi
881 5029 947 5096 Dei
965 5029 1010 5096 acl
1025 5027 1194 5096 catholicos
1208 5028 1245 5094 in
1262 5025 1442 5114 Germania
1466 5024 1621 5094 aduersus
1642 5043 1740 5092 nouos

189 5127 411 5212 ecanpelistas,
434 5131 628 5216 Florentiae,
654 5136 750 5201 1561.

323 5236 359 5304 Ρ.
386 5240 437 5320 17,
464 5241 516 5307 18.
539 5241 588 5308 De
610 5242 918 5329 parabolasinapis,
945 5243 1035 5309 “Est
1056 5242 1283 5309 calidissimum
1301 5291 1326 5321 ,.

325 5343 363 5411 P.
389 5347 441 5412 18.
465 5347 514 5414 De
537 5349 705 5415 fermento.
733 5348 809 5416 ‘Ut
831 5351 915 5416 enim
939 5351 1097 5417 modicum
1115 5399 1142 5428 ,.

324 5450 374 5517 Ex
395 5453 480 5522 libro
503 5475 543 5520 111
565 5454 614 5522 De
638 5455 699 5523 fide
722 5460 755 5522 et
777 5458 849 5543 lege
875 5457 986 5525 “Cum
1009 5481 1072 5525 non
1097 5461 1165 5524 erat
1188 5456 1237 5523 lev
1256 5507 1282 5536 ,.
