3978 6070
673 481 728 554 De
746 488 815 556 octo
832 479 1071 554 υενιίσίίἰοκαιη
1091 481 1254 574 οοιιφονίο.
1708 489 1743 548 67

192 665 336 746 σφαιρῶν·
354 657 416 720 εἴτε
433 653 507 744 ὑπὲρ
524 655 659 728 σελήνην
677 652 836 735 ἐλάσσους,
861 651 897 717 ἄν
922 651 1022 742 ἑώρων
1039 659 1088 717 ΛΖ
1106 663 1168 718 τῶν
1186 652 1269 718 ὀκτώ
1281 653 1304 737 ¹)
1322 656 1501 739 ἀποτομῶν·
1519 656 1600 721 ὥστε
1616 655 1740 748 ἀνάγκη

190 768 239 830 ἐπ’
265 763 360 852 ἄκρας
386 763 498 838 αὑτούς
522 763 615 839 ὄντας
639 767 711 851 ὁρᾶν
735 771 793 836 τῆς
819 758 953 849 αἰθερίας
977 752 1095 848 ἁψῖδος,
1121 762 1216 850 μόνας
1241 760 1297 837 τάς
1322 772 1429 826 πασῶν
1450 773 1513 827 τῶν
1537 774 1593 828 τοῦ
1617 767 1744 855 ούρανοῦ

191 884 326 964 σφαιρῶν
344 872 518 963 ὰποτομάς,
535 872 588 936 καί
606 871 648 962 μή
668 872 721 935 καί
737 870 775 937 τό
799 871 931 935 ἕκαστον
956 862 1128 958 σφόνδυλον
1153 870 1407 961 ἐκγεγλυμμένον
1429 865 1519 953 εἶναι,
1536 862 1632 945 δηλοῖ
1644 873 1682 936 τό
1700 873 1743 962 μή

190 984 304 1047 ναστὸν
328 983 460 1047 ἕκαστον
485 981 644 1070 ὑπάρχειν,
670 981 772 1069 ὥσπερ
796 990 859 1044 τῶν
884 980 1006 1070 ἄστρων
1030 980 1162 1044 ἕκαστον
1187 981 1241 1044 καί
1265 981 1359 1044 αὑτὸν
1383 981 1438 1045 τόν
1463 981 1563 1062 ήλιον,
1589 979 1657 1046 ἄλλ’
1683 977 1745 1046 οἷον

150 1121 162 1159 ι
190 1082 286 1178 άήῖδα
310 1092 440 1179 σφαίρας
464 1088 623 1178 ὑπάρχειν·
648 1089 752 1153 καίτοι
768 1111 806 1177 γε
828 1096 923 1152 τοῦτο
948 1088 1151 1177 άτελέστερον
1176 1081 1254 1153 εἶναι
1272 1080 1367 1153 δοκεῖ·
1388 1099 1452 1166 πῶς
1470 1083 1521 1153 οὑν
1539 1087 1555 1153 ὑ
1571 1100 1641 1166 ταῖς
1659 1091 1746 1166 ὅλαις

190 1199 331 1287 σφαίραις
354 1202 412 1286 οὑχ
435 1196 585 1286 ύπᾶρχει;
610 1207 705 1261 τοῦτο
729 1207 794 1272 τοῖς
819 1194 943 1284 ἄστροις
968 1189 1084 1286 ὑπῆρξε
1106 1195 1192 1286 παρά
1216 1206 1271 1261 τοῦ
1301 1197 1433 1287 Πατρός.
1459 1198 1590 1272 Μήποτε
1623 1192 1674 1263 οὑν
1700 1189 1749 1263 δεῖ

189 1307 372 1398 λέγειν,’ὅτι
388 1315 443 1371 τοῦ
460 1305 580 1392 κόσμου
597 1303 786 1380 παντός’καὶ
802 1293 1013 1393 σφαιροειδοῦς
1030 1305 1129 1388 ὄντος,
1151 1297 1261 1393 μηδενί
1277 1306 1429 1370 ἐλλείπειν
1446 1305 1500 1370 καί
1516 1305 1623 1372 πάντα
1646 1331 1746 1398 περιε-

189 1438 302 1504 χοντος
326 1419 365 1490 ὡς
388 1417 500 1479 ἑαυτοῦ
525 1412 738 1502 πληρώματα,
762 1422 827 1488 τοῖς
852 1415 882 1476 ἐν
907 1414 992 1495 αύτῷ
1018 1413 1246 1503 μεμερισμένως
1270 1413 1420 1505 ὑπάρχειν
1444 1425 1548 1479 ταῦτα
1571 1425 1637 1490 τοῖς

191 1633 215 1699 f.
234 1634 307 1712 146,
324 1632 441 1698 lacuna
456 1634 670 1717 φαείνεται
697 1629 969 1722 ...καθάπερ...
994 1631 1036 1696 τά
1059 1631 1143 1695 ἄλλα
1164 1631 1217 1696 καί
1232 1631 1270 1696 τό
1288 1631 1358 1716 περὶ
1373 1643 1442 1708 ταῖς
1460 1632 1586 1701 ἄλλ...
1612 1632 1665 1697 καί
1682 1632 1743 1722 γάρ

138 1767 164 1804 ιι
192 1743 275 1805 ἐστιν
299 1748 358 1814 τῆς
382 1738 466 1804 κατά
489 1737 550 1811 τήν
574 1735 678 1828 ψυχήν
693 1790 700 1805 .
717 1764 824 1816 ..τιος
848 1740 867 1811 ή
894 1738 979 1804 κατά
1001 1739 1061 1811 τήν
1086 1739 1235 1829 περιοχὴν
1264 1749 1326 1804 τῶν
1359 1751 1410 1805 νῦν
1428 1795 1435 1808 .
1450 1793 1479 1809 .,
1504 1741 1743 1832 εὐπρεπεστέρα,

193 1840 323 1935 δύναμιν
347 1845 408 1936 γάρ
432 1848 573 1937 ἐμφαίνει
596 1846 793 1936 κρατητικήν
813 1857 877 1911 τῶν
894 1849 1010 1912 λοιπῶν
1026 1846 1164 1911 πάντων·
1184 1837 1231 1912 διδ
1249 1847 1371 1918 ταύτην
1389 1845 1443 1935 μὲν
1468 1845 1528 1919 τήν
1552 1848 1745 1920 τελειότητα

191 1967 262 2032 ταῖς
285 1957 372 2031 ὅλαις
396 1957 538 2044 σφαίραις
562 1946 757 2020 ἀποδέδωκεν
782 1959 798 2019 ὁ
822 1957 974 2045 γεννήσας
1005 1953 1100 2031 αὑτάς
1125 1954 1254 2046 Πατήρ,
1280 1957 1400 2028 ἐκείνην
1429 1946 1463 2020 δέ
1486 1966 1551 2032 τοῖς
1582 1959 1612 2021 ἐν
1637 1959 1746 2030 αὑταῖς

190 2063 420 2153 περιεχομένοις
445 2063 569 2154 ἄστροις
592 2063 646 2127 καὶ
670 2065 720 2127 ὑπ’
747 2068 848 2130 αὐτῶν
874 2063 1071 2152 κινουμένοις.
1097 2063 1224 2138 Τούτοις
1250 2053 1284 2127 δέ
1307 2061 1461 2152 ἑπομένως
1487 2066 1609 2154 είρηται
1633 2063 1746 2129 καὶτὸ

190 2185 256 2249 τοῖς
269 2164 374 2249 κάδοις
388 2171 530 2253 ἐοικέναι,
542 2181 607 2246 τοῖς
621 2175 662 2246 εἰς
676 2170 833 2246 ἄλλήλους
846 2170 1022 2248 ἐντεθεῖσιν,
1039 2181 1104 2246 τοῖς
1117 2170 1285 2235 ἐλάττοσιν
1300 2175 1341 2244 εἰς
1358 2169 1430 2246 τούς
1444 2164 1595 2258 μείζονας·
1611 2170 1743 2244 τοιαύτη
1828 2207 1833 2230 ι

138 2321 163 2358 1⁵
190 2282 251 2372 γάρ
275 2285 360 2346 ἐστιν
384 2280 438 2345 καί
461 2286 480 2354 ή
500 2290 561 2344 τῶν
579 2271 758 2368 σφονδύλων
775 2278 901 2356 ἐνθεσις,
920 2279 974 2344 καί
990 2281 1027 2345 τό
1045 2291 1144 2344 νῶτον
1162 2278 1262 2350 αὑτήν
1280 2277 1310 2342 ἐν
1329 2278 1454 2368 συνεχὲς
1477 2289 1586 2344 ποιεῖν·
1611 2270 1744 2368 μηδενός

190 2389 250 2480 γάρ
274 2389 365 2466 ὄντος
388 2399 475 2454 κενοῦ
494 2381 612 2477 μεταξὺ
628 2396 692 2452 τῶν
709 2387 945 2475 ἐνηρμοσμένων
964 2377 1154 2476 σφονδύλων,
1173 2387 1324 2462 ἀλλήλοις
1343 2388 1373 2450 ἐν
1390 2411 1449 2450 που
1474 2388 1598 2476 γίνεται
1622 2386 1745 2476 συνεχὲς

191 2508 301 2583 νῶτον,
326 2498 387 2562 άπὸ
411 2507 469 2572 τῆς
493 2496 608 2584 κύρτης
632 2504 691 2569 τῆς
714 2485 873 2559 ἐνδοτάτω
896 2495 1023 2559 πάντων
1048 2497 1228 2584 ἐπιφανείας
1248 2495 1302 2570 ἕως
1333 2505 1389 2558 τοὺ
1418 2487 1577 2572 ἐξωτάτου
1601 2495 1744 2582 κειμένου

190 2605 328 2670 πάντων·
344 2615 439 2670 τοῦτο
458 2603 517 2696 γάρ
542 2606 613 2668 όλον
632 2604 668 2666 τὸ
689 2601 782 2686 βάύος
799 2613 897 2667 νῶτον
915 2603 1073 2681 ἐκάλεσεν,
1090 2604 1145 2668 καί
1161 2604 1232 2692 οὑχί
1248 2603 1308 2674 τήν
1326 2604 1416 2678 ἐκτός
1442 2603 1540 2692 μόνην
1564 2603 1743 2694 ἐπιφάνειαν

190 2724 245 2778 τοῦ
270 2714 422 2804 μεγίστου
442 2721 505 2775 τῶν
523 2701 711 2800 σφονδύλων·
729 2701 799 2775 ούδέ
814 2709 874 2802 γάρ
891 2711 1053 2800 ἐνάρμοσις
1069 2721 1133 2777 τῶν
1151 2703 1331 2800 σφονδύλων
1349 2713 1469 2784 ἐκείνην
1486 2713 1632 2784 ἐποίησεν
1658 2713 1743 2802 μίαν,

136 2855 162 2892 20
191 2824 261 2884 ἀλλ’
280 2827 300 2893 ή
319 2821 461 2909 συνέχεια
477 2830 536 2895 τῆς
552 2819 755 2910 ἐναρμόσεως·
770 2812 821 2884 διά
837 2820 875 2884 τό
895 2819 937 2906 μή
957 2821 1186 2909 παρεμπίπτειν
1203 2819 1302 2902 κενόν,
1320 2819 1444 2908 συνεχὲς
1460 2830 1544 2884 ποιεῖ
1559 2821 1597 2884 τό
1614 2823 1648 2884 ἐκ
1665 2817 1744 2884 πάν-

190 2955 252 2993 των
277 2928 383 2993 νώτων
407 2928 603 3016 ἐννοούμενον
624 2937 732 3000 νῶτον,
751 2929 812 2992 άπὸ
829 2938 945 3018 κυρτῆς
961 2933 1002 3004 εἰς
1020 2927 1138 3018 κυρτήν
1155 2920 1275 3010 διῆκον,
1293 2929 1354 2992 ὰπὺ
1372 2938 1430 3004 τῆς
1448 2927 1587 3017 ἐσχάτης
1611 2927 1662 2992 ἐπὶ
1682 2924 1742 2996 τήν

189 3037 380 3126 πρωτίστην.
398 3040 433 3099 Εἰ
450 3025 484 3101 δέ
500 3036 553 3100 καὶ
569 3045 663 3099 τοῦτο
680 3029 864 3124 ζητοίημεν,
880 3060 912 3098 τι
929 3025 1049 3106 δήποτε
1065 3045 1212 3100 τοσοῦτοι
1229 3037 1266 3100 τὸ
1282 3034 1403 3112 πλῆθός
1420 3042 1494 3100 εἰσιν
1512 3041 1540 3100 οἰ
1557 3027 1723 3124 σφόνδυλοι
1733 3059 1740 3111 ;

190 3143 272 3233 λέγω
297 3133 330 3208 δὲ
349 3141 434 3208 ὀκτώ
450 3144 505 3208 τδν
522 3142 661 3233 ἄριύμὺν,
681 3145 729 3208 ἵνα
747 3141 790 3232 μή
809 3143 902 3232 μόνον
919 3153 975 3208 τοῦ
993 3145 1160 3233 σχήματος
1177 3146 1280 3208 αὑτῶν
1298 3143 1357 3216 τήν
1376 3146 1479 3210 αἰτίαν
1503 3142 1743 3241 γιγνώσκωμενἱ

192 3251 275 3317 ἄλλά
299 3253 354 3318 καί

138 3499 164 3537 ιι
190 3469 214 3535 f.
234 3472 296 3536 146
313 3495 354 3552 ν.,
368 3471 403 3536 in
418 3471 535 3538 lacuna
552 3473 571 3536 5
589 3494 688 3537 νοτες
716 3469 894 3559 ...φέρεται
916 3468 989 3557 μὲν.
1003 3520 1028 3536 ..
1052 3479 1108 3533 τοῦ
1128 3467 1267 3544 πληύοῦς
1292 3469 1389 3546 αἰτία,
1413 3467 1521 3537 καί...
1545 3456 1739 3556 ἐύδομαδικδ

192 3579 279 3667 μία...
303 3580 341 3643 τό
365 3578 492 3668 φύραμα
515 3588 573 3654 τῆς
597 3579 701 3652 οὑσίας
725 3579 778 3641 καί
801 3588 859 3653 τῆς
883 3577 1083 3654 ταυτότητος
1105 3578 1158 3641 καί
1181 3587 1238 3653 τῆς
1261 3577 1458 3667 ἑτερότητος,
1483 3570 1516 3654 ἐξ
1540 3570 1582 3640 ὧν
1606 3571 1740 3663 ἐφυράθη

191 3688 245 3752 καὶ
267 3687 341 3752 όλον
359 3689 477 3759 ὑπέστη
495 3684 581 3775 παρά
597 3697 652 3750 τοῦ
669 3688 800 3775 Πατρός,
824 3677 1018 3774 ἑύδομαδική
1045 3677 1079 3750 δέ
1102 3685 1186 3750 κατά
1209 3684 1267 3760 τάς
1291 3683 1373 3750 ἑπτά
1389 3687 1509 3775 μοίρας,
1526 3688 1567 3760 εἰς
1584 3681 1618 3759 άς
1644 3679 1743 3753 αὑτήν

191 3788 313 3873 διεῖλεν,
337 3794 396 3866 τήν
422 3794 476 3884 μένΙ
502 3789 553 3858 οὑν
577 3799 593 3858 ὁ
618 3793 732 3870 ἄλυτος
756 3798 854 3870 αὑτῆς
878 3793 977 3875 εἰκών,
1003 3799 1018 3858 ό
1043 3791 1083 3870 εἰς
1109 3783 1289 3884 σφόνδυλος,
1309 3792 1461 3883 περιέχων
1485 3815 1522 3858 τε
1545 3792 1667 3866 πάντας
1691 3788 1745 3854 καὶ

190 3903 358 3994 περιάγων·
370 3913 433 3969 τῶν
448 3894 481 3968 δὲ
495 3908 559 3968 ἐκεῖ
570 3913 683 3993 μοιρῶν
701 3902 782 3968 ἑπτά
799 3898 909 3987 οὑσων,
926 3909 954 3968 οἱ
970 3902 1051 3969 ἑπτά
1068 3894 1234 3992 σφόνδυλοι
1247 3901 1387 3992 φέρουσιν
1401 3901 1530 3978 εἰκόνας,
1545 3901 1628 3965 ὥστε
1640 3899 1744 3973 πάσης

136 4040 162 4077 ει
191 4007 288 4083 οὑτως
313 4013 389 4096 ὁμοῦ
413 4017 471 4086 τῆς
495 4005 616 4100 ψυχῆς,
641 4008 704 4077 οἷον
729 4013 860 4104 ἄγαλμά
884 4016 967 4080 ἐστιν
984 4012 1133 4102 ἐμφανὲς,
1159 4018 1174 4077 ὁ
1200 4012 1324 4103 σύμπας
1349 4003 1520 4102 σφόνδυλος
1544 4011 1597 4074 καί
1620 4011 1705 4074 ἐστιν
1730 4011 1745 4070 ὁ

190 4108 314 4181 τοιόσδε
338 4128 395 4193 τῆς
420 4110 598 4196 ἀποδόσεως
621 4121 735 4211 τρόπος
759 4123 975 4202 πλατωνικός,
999 4133 1065 4198 τοῖς
1088 4124 1120 4187 ἐν
1145 4123 1268 4211 Τιμαίῳ
1292 4121 1398 4211 λόγοις
1426 4120 1576 4207 ἑπόμενος
1600 4116 1654 4182 καί
1677 4125 1746 4191 ταῖς

190 4235 253 4289 τῶν
278 4226 401 4292 κύκλων
426 4229 548 4294 ἐκείνων
572 4230 627 4293 καί
650 4239 712 4294 τῶν
738 4239 851 4321 μοιρῶν
868 4221 1060 4320 διαιρέσεσιν·
1079 4233 1114 4294 ού
1132 4228 1195 4319 μήν
1212 4228 1283 4292 ἀλλ’
1300 4229 1370 4318 ἔμοι
1387 4252 1424 4319 γε
1442 4232 1470 4292 οἰ
1490 4224 1746 4316 θεολογικώτεροι

192 4343 254 4398 τῶν
278 4335 381 4426 λόγων
397 4328 614 4426 προσᾴδουσιν,
633 4338 778 4428 λέγοντες
794 4340 849 4403 τόν
868 4330 1057 4429 δημιουργόν
1073 4337 1127 4403 καί
1143 4337 1269 4425 Πατέρα
1285 4348 1341 4403 τοῦ
1358 4342 1497 4426 ούρανοῦ,
1519 4326 1686 4426 μοναδικόν
1710 4357 1746 4400 τε

190 4427 338 4508 ὅντακαί
353 4435 562 4534 έὺδομαδικόν
580 4437 759 4534 (μοναδικόν
778 4447 843 4537 μὲν,
857 4453 896 4523 ὡς
909 4447 1012 4522 πάσης
1028 4447 1147 4522 ἑνιαίως
1169 4445 1306 4536 ήγεμόνα
1319 4455 1377 4520 τῆς
1391 4435 1616 4534 δημιουργικῆς
1632 4449 1744 4532 σειρᾶς,

137 4592 163 4629 ³⁵
191 4543 400 4640 ἐύδομαδικόν
425 4545 467 4629 δέ,
486 4560 525 4629 ὡς
543 4554 602 4627 τήν
620 4553 726 4645 νοερᾶν
743 4553 824 4628 ὅλην
842 4559 1090 4645 συμπλεροὺντα,
1107 4555 1160 4620 καί
1176 4557 1328 4645 χαίροντα
1346 4552 1429 4644 μετά
1446 4562 1509 4618 τῶν
1534 4553 1638 4616 ἄλλων
1662 4542 1745 4634 τῷδε

190 4669 236 4742 τῷ
254 4660 373 4751 ἀριθμῷ
389 4663 581 4753 προσήκοντι
597 4674 665 4738 ταῖς
682 4675 801 4754 νοεραῖς
817 4656 972 4754 προόδοις)
990 4664 1173 4752 άμφοτέρων
1190 4663 1310 4738 εἰκόνας
1327 4660 1459 4726 ἐνθεῖναι
1475 4670 1521 4743 τῷ
1539 4664 1667 4750 οὐρανῷ,
1685 4668 1745 4733 τῆς

191 4793 228 4833 τε
253 4762 386 4859 μονάδος
410 4771 545 4848 καὶτῆς
569 4764 754 4860 ἑύδομάδος,
778 4783 836 4848 τῆς
861 4769 995 4862 μέν’τόν
1019 4772 1072 4836 ἐ’να
1096 4772 1228 4848 κύκλον,
1252 4782 1311 4846 τῆς
1335 4762 1369 4836 δέ
1394 4769 1465 4846 τοὺς
1490 4769 1581 4853 ἑπτά,
1607 4769 1661 4832 τόν
1687 4767 1742 4856 μὲν

193 4878 383 4968 μιμούμενον
400 4881 438 4944 τό
454 4884 566 4945 ἐνιαῖον
585 4884 680 4945 αὑτοῦ
698 4882 823 4971 κράτος,
840 4883 894 4946 τόν
913 4873 946 4947 δέ
959 4881 1017 4953 τήν
1032 4880 1112 4947 ἑπτά
1128 4875 1384 4968 πλασιαζομένην
1402 4884 1451 4968 ὑφ’
1469 4879 1584 4952 ἕαυτῆς
1600 4865 1744 4966 πρόοδον·

193 4998 297 5051 ταῦτα
322 4979 356 5052 δὲ

227 5146 248 5220 ¹)
261 5147 297 5203 In
310 5147 444 5220 margine
457 5167 473 5204 ο
486 5149 624 5222 regione:
637 5149 652 5209 ἦ
667 5154 740 5219 ἰατά,
753 5151 832 5208 unde
851 5158 942 5225 urget
996 5151 1067 5220 lent,
1083 5147 1292 5222 subjiciuntur,
1309 5146 1362 5205 sed
1375 5147 1583 5221 praefiguntur
1596 5144 1655 5201 duo
1674 5162 1748 5219 pun-

193 5236 323 5309 suspicio
333 5238 557 5310 plurimamhuo
565 5238 722 5314 irrepsisse
733 5243 940 5315 corruptelam.
996 5247 1052 5311 οῖο,
1073 5240 1152 5296 sicut
1171 5240 1281 5296 litteris
1301 5237 1517 5313 expungendis,
1537 5255 1572 5294 ac
1590 5242 1748 5310 praeterea

193 5325 277 5398 Sigla
295 5331 335 5379 ΛΖ
355 5344 414 5384 non
434 5327 530 5386 solum
543 5327 678 5400 lineolae,
697 5330 742 5387 uti
761 5331 876 5388 numeri
896 5349 941 5388 so·
996 5335 1139 5387 accentus
1159 5329 1261 5401 gravis
1279 5329 1472 5403 praeeminet.
