3944 6074
842 572 977 637 ΠΙΝΑΞ.
1630 567 1682 624 199

180 744 222 804 -ζ-
247 730 321 818 Περί
345 739 399 793 τοῦ
424 732 494 794 τίνα
522 729 581 820 χρὴ
608 732 662 794 καί
684 731 767 796 πόσα
797 732 857 820 πρό
888 742 946 806 τῆς
978 730 1197 822 συναγνώσεως
1230 740 1288 806 της
1321 733 1483 806 Πολιτείας
1514 731 1683 808 Πλάτωνος

137 836 296 926 κεφάλαια
321 827 505 928 διαρθρῶσαι
528 841 599 914 τούς
624 838 719 928 όρθῶς
742 833 967 930 ἐξηγουμένους
992 839 1090 911 αὐτήν
1110 840 1141 924 ¹).
1166 878 1208 888 -
1232 840 1292 905 Ed.
1318 840 1428 918 Basil,
1453 863 1486 926 p.
1510 843 1586 908 349.

179 959 224 1018 -ζ-
248 945 321 1034 Περί
345 956 406 1009 τῶν
431 949 505 1036 πρός
528 949 582 1012 τόν
608 947 677 1037 ὅρον
701 958 758 1022 τῆς
784 937 980 1022 δικαιοσύνης
1003 948 1056 1010 τόν
1074 957 1128 1010 τοῦ
1147 947 1355 1036 Πολεμάρχου
1381 950 1395 1037 ρ
1422 945 1536 1012 θέντων
1552 949 1611 1012 ὑπό
1629 961 1683 1014 τοῦ

136 1053 324 1143 Σωκράτους
350 1058 569 1144 συλλογισμῶν
595 1059 746 1140 (excidit).

179 1173 223 1235 ÷
247 1161 319 1249 Περὶ
343 1170 404 1225 τῶν
429 1161 503 1250 ὑπὲρ
536 1153 733 1238 δικαιοσύνης
766 1162 928 1251 τεττάρων
959 1164 1062 1253 λόγων
1087 1167 1118 1228 ἐν
1143 1167 1292 1246 Πολιτείᾳ
1319 1163 1395 1252 πρός
1418 1161 1460 1228 τά
1483 1174 1539 1228 τοῦ
1563 1169 1686 1253 Θρασυ-

136 1266 239 1356 μάχου
264 1269 403 1357 τέτταρα
427 1261 575 1360 δόγματα
599 1271 668 1360 περί
692 1273 789 1345 αὐτῆς
814 1272 900 1357 (finis
923 1271 957 1336 in
981 1273 1031 1338 ed.
1056 1297 1087 1358 p.
1113 1275 1202 1353 353).

178 1390 222 1451 ÷
247 1377 319 1466 Περὶ
350 1387 413 1442 τῶν
438 1381 467 1442 ἐν
492 1388 538 1461 τῷ
563 1370 695 1469 δευτέρῳ
719 1389 777 1455 τῆς
802 1381 967 1456 Πολιτείας
999 1380 1167 1469 εἰρημένων
1200 1377 1386 1470 θεολογικῶν
1411 1378 1527 1446 τύπων.
1559 1419 1593 1428 —
1621 1383 1682 1452 Ed,

135 1507 167 1569 p.
191 1486 267 1550 355.

178 1602 223 1664 ÷
247 1591 321 1680 Περί
343 1603 511 1669 ποιητικῆς
536 1593 589 1657 καὶ
613 1603 675 1658 τῶν
699 1596 745 1660 ὑπ’
768 1598 866 1670 αὐτῆς
890 1587 991 1678 εἰδῶν,
1008 1597 1062 1660 καί
1085 1606 1142 1670 τῆς
1168 1597 1297 1685 ἀρίστης
1323 1597 1469 1685 ἁρμονίας
1493 1594 1546 1658 καί
1570 1598 1584 1686 ῥ
1607 1593 1685 1685 θμοῦ

134 1695 176 1760 τά
201 1697 347 1762 Πλάτωνι
371 1691 535 1766 δοκοῦντα.
561 1741 602 1750 -
627 1703 688 1768 Ed.
713 1727 745 1788 p.
771 1705 847 1769 360.

180 1807 226 1873 A‘.
258 1805 374 1896 [lapi't
399 1819 460 1874 τῶν
485 1813 516 1874 ἐν
540 1813 687 1893 πολιτείᾳ
719 1811 793 1900 πρὸς
821 1809 963 1901 Ὅμηρον
987 1813 1042 1877 καί
1065 1811 1235 1885 ποιητικὴν
1270 1811 1417 1877 Πλάτωνι
1452 1811 1618 1902 ῥηθέντων.
1643 1853 1685 1864 -

135 1915 194 1981 Ed.
219 1940 252 2001 p.
277 1919 352 1984 368.
376 1917 509 1984 Gesneri
533 1921 741 2000 Lototrbroiio,
759 1920 921 2005 praefatio
936 1921 974 2003 ³).

182 2015 220 2086 θ’.
246 2024 318 2113 Περί
341 2036 396 2089 τοῦ
413 2027 529 2114 τρόπου
546 2038 604 2102 τῆς
620 2037 682 2092 τῶν
701 2026 788 2092 θείων
807 2026 909 2116 μύθων
927 2019 1093 2104 διασκευῆς
1116 2027 1201 2119 παρά
1225 2042 1290 2104 τοῖς
1314 2029 1489 2120 θεολόγους,
1512 2029 1564 2094 καί
1581 2031 1687 2094 αἰτίων

136 2121 299 2206 ἀποδόσεις
316 2133 370 2196 καί
385 2133 485 2210 λύσεις
501 2145 563 2210 τῶν
580 2137 654 2226 πρός
672 2135 782 2211 αύτούς
798 2136 1000 2204 ὲπιστάσεων.
1017 2175 1060 2185 --
1076 2139 1136 2204 Ed.
1154 2163 1186 2224 p.
1204 2141 1279 2204 368.
1304 2138 1442 2206 Gesner!
1453 2163 1523 2225 cap.
1541 2160 1563 2219 1,
1584 2139 1606 2205 s.
1632 2141 1685 2204 34.

179 2238 220 2302 F'.
246 2241 333 2315 Τίνες
351 2246 379 2305 οἰ
394 2242 479 2332 παρά
503 2253 568 2319 τοῖς
593 2243 748 2336 θεολόγοις
772 2243 942 2336 θεομαχίας
967 2237 1106 2334 διάροροι
1123 2245 1232 2335 τρόποι
1249 2244 1308 2316 τὴν
1333 2249 1363 2310 ἐν
1389 2249 1482 2328 αὐτῆ,
1506 2247 1684 2335 ἀπόρρητον

136 2345 285 2418 ἀλήθειαν
310 2353 352 2423 εἰς
376 2359 437 2438 φῶς
462 2351 601 2440 ἄγοντες.
628 2391 668 2400 -
692 2354 753 2418 Εό.
778 2377 810 2439 p.
835 2355 910 2419 373.
936 2353 1069 2420 Gesner.
1093 2377 1164 2440 cap.
1189 2375 1224 2434 11,
1249 2355 1272 2420 f.
1297 2356 1349 2420 41.

180 2455 224 2521 A'.
248 2461 315 2530 Πῶς
341 2455 376 2521 ἄν
400 2482 446 2532 τις
470 2459 544 2548 ὑπὲρ
577 2470 639 2524 τῶν
670 2459 758 2525 θείων
791 2461 1029 2552 ἀπολογήσαιτο
1061 2459 1179 2548 μύθων,
1204 2471 1267 2524 τῶν
1292 2452 1468 2525 δοκούντων
1493 2459 1564 2536 τούς
1596 2459 1681 2536 θεούς

139 2562 298 2627 αἰτιᾶσθαι
323 2575 384 2628 τῶν
409 2577 525 2633 κακῶν.
549 2606 594 2616 -
616 2569 677 2634 Ed.
702 2592 734 2654 p.
761 2571 834 2634 175.
859 2567 991 2634 Gesner.
1016 2591 1087 2652 cap.
1112 2589 1161 2648 ιιι,
1186 2569 1209 2632 f.
1234 2570 1288 2634 46.

181 2671 224 2734 E‘.
249 2677 317 2746 Πῶς
341 2671 401 2743 τὴν
425 2683 488 2737 τῶν
513 2673 610 2763 όρκων
636 2674 787 2764 σύγχυσιν
813 2665 939 2743 δοκεῖτί
966 2674 1088 2747 ποίησις
1114 2678 1154 2748 εἰς
1179 2672 1263 2748 θεούς
1289 2675 1492 2761 ἀναπέμπειν,
1516 2679 1536 2746 η
1563 2673 1684 2748 ἀληθὴς

136 2779 206 2870 περὶ
230 2784 332 2843 αὐτῶν
355 2779 521 2870 ύρήγησις.
545 2820 590 2830 -
613 2784 674 2848 Ed.
699 2807 730 2868 p.
756 2785 830 2848 378.
856 2781 988 2848 Gesner.
1013 2805 1084 2868 cap.
1108 2804 1153 2862 ιν,
1177 2784 1201 2848 f.
1226 2785 1279 2848 48.

180 2889 219 2962 ς’.
244 2891 298 2963 Τίς
322 2891 406 2952 ἐστιν
431 2895 449 2962 ἠ
477 2893 507 2954 έν
531 2901 572 2974 τῇ
597 2891 720 2962 ποιήσει
744 2901 798 2954 τοῦ
822 2889 890 2966 Δίος
915 2899 977 2954 τῶν
1003 2889 1079 2954 θεῶν
1104 2895 1146 2965 εἰς
1170 2891 1230 2980 ἔριν
1255 2891 1449 2967 κατάστασις
1470 2881 1520 2956 διά
1538 2883 1684 2981 Θέμιδος,

137 2989 308 3073 ἀνάπτυξις
332 3006 390 3072 τῆς
415 2998 490 3072 όλης
514 3007 569 3062 τοῦ
595 2996 692 3088 μύθου
718 2995 855 3087 θεωρίας.
878 3037 921 3048 -
946 3000 1007 3065 Ed.
1032 3023 1064 3084 p.
1091 3001 1165 3065 178.
1190 2999 1322 3066 Gesner.
1348 3023 1418 3086 esp.
1443 3020 1475 3080 v,
1499 3001 1523 3066 f.
1547 3003 1600 3066 52.

182 3105 224 3171 Z'.
249 3105 301 3179 Τίς
325 3109 344 3178 η
371 3113 432 3168 τῶν
468 3103 544 3169 θεῶν
577 3108 673 3195 κρίσις
697 3103 727 3171 έν
752 3116 816 3182 τοῖς
850 3104 957 3194 μύθοις
982 3116 1036 3170 τοῦ
1060 3115 1194 3178 ποιητοῦ
1219 3104 1271 3170 καί
1295 3108 1381 3180 τίνας
1407 3107 1579 3170 αἰνίσσεται
1613 3108 1685 3189 βιῶν

137 3203 295 3301 διαροράς.
322 3253 362 3261 -
386 3215 447 3280 Ed.
472 3238 504 3300 p.
530 3217 604 3282 379.
630 3215 761 3282 Gesner.
785 3239 856 3300 cap.
880 3235 924 3294 vr,
949 3215 973 3280 f.
998 3217 1051 3279 52.

183 3320 226 3388 11¹.
252 3323 340 3397 Τίνες
365 3326 439 3386 εἰσιν
465 3327 496 3384 αἰ
520 3325 550 3386 ἐν
575 3333 644 3397 ταῖς
669 3321 862 3408 μυθοποίίαις
888 3313 1081 3409 μετοιύολαῖς
1104 3331 1167 3386 τῶν
1193 3319 1269 3385 θεῶν
1294 3321 1506 3411 εἰσαγόμεναι,
1523 3321 1577 3384 καί
1600 3320 1685 3385 κατά

137 3427 250 3503 πόσους
283 3429 415 3518 τρόπους
449 3427 545 3503 αύτάς
579 3419 751 3492 διατιθέασι
774 3426 829 3491 καί
859 3418 910 3491 tot
934 3427 1024 3502 ποίας
1060 3429 1172 3501 αἰτίας.
1196 3467 1241 3478 -
1264 3430 1325 3497 Ed.
1349 3453 1426 3517 pag.
1452 3433 1527 3497 379.
1552 3429 1684 3496 Gesner.

137 3559 207 3622 cap.
225 3557 282 3616 vn,
307 3537 331 3602 f.
356 3539 410 3602 53.

182 3643 320 3746 Θ’..Περί
343 3643 401 3720 τὴς
425 3656 480 3709 τοῦ
505 3645 645 3709 ἐνυπνίου
670 3655 807 3732 πομπῆς,
833 3635 983 3718 δοκούσης
1006 3632 1114 3730 ψεῦδος
1136 3643 1186 3708 ἐπὶ
1204 3642 1288 3720 θεούς
1306 3644 1509 3734 ἀναπέμπειν,
1526 3653 1590 3720 πῶς
1615 3645 1689 3708 ἀπο-

137 3752 292 3842 λογητέον
317 3743 443 3839 ἀψευδὲς
468 3754 505 3816 τό
530 3752 609 3818 θεῖον
635 3744 833 3818 δεικνύουσιν.
858 3791 898 3800 -
925 3753 985 3818 Ed.
1011 3775 1043 3836 p.
1068 3755 1143 3818 381.
1168 3753 1300 3819 Gesner.
1326 3777 1398 3839 cap.
1422 3775 1492 3834 vm,
1517 3755 1540 3820 f.
1565 3755 1618 3818 56.

183 3863 260 3928 Ood.
284 3862 308 3927 f.
325 3865 355 3936 4,
373 3885 403 3927 v.
420 3861 451 3925 1'.
476 3861 570 3932 Κοινῆ
596 3863 754 3951 ἀπολογία
777 3860 851 3950 ὑπέρ
876 3883 911 3924 τε
934 3867 997 3922 τῶν
1014 3864 1173 3948 όμηρικῶν
1191 3859 1294 3947 μύθων
1312 3861 1365 3925 καί
1388 3870 1450 3926 τῶν
1467 3866 1686 3941 πλατωνικῶν,

138 3976 168 4034 ἑν
192 3966 234 4045 οἷς
258 3970 327 4058 περί
351 3979 413 4033 τῶν
438 3973 468 4034 ἐν
502 3960 604 4054 ’ᾍδου
631 3970 757 4060 λέγουσι
788 3961 1034 4058 δικαιωτηρίων,
1058 3969 1111 4031 καὶ
1139 3977 1201 4032 τῶν
1226 3965 1333 4058 ψυχῶν
1357 3970 1497 4034 καὶτῶν
1521 3973 1552 4034 ἐν
1577 3972 1686 4043 αὐταῖς

137 4070 256 4154 λήξεων
272 4086 335 4140 τῶν
354 4069 517 4167 διαφορῶν,
535 4077 569 4153 ἀς
589 4072 706 4156 ἕξουσιν
733 4083 764 4142 αἰ
788 4071 966 4155 ἐξελθοῦσαι
982 4085 1044 4140 τῶν
1062 4075 1217 4163 σωμάτων
1235 4075 1333 4166 ψυχαὶ
1353 4074 1438 4142 κατὰ
1460 4075 1503 4140 τά
1529 4069 1686 4166 ἰδιώματα

139 4195 195 4258 τῆς
220 4188 250 4249 ἐν
276 4184 400 4274 σώμασι
423 4179 515 4262 ζωῆς.
540 4224 584 4234 -
606 4187 667 4252 Ed.
691 4211 723 4272 p.
749 4189 824 4252 382.
849 4185 981 4252 Gesner.
1007 4209 1076 4270 cap.
1102 4205 1146 4266 lx,
1171 4186 1194 4250 f.
1219 4189 1272 4253 58.

183 4292 241 4359 ἰδ’.
275 4293 363 4367 Τίνες
394 4293 509 4368 αἰτίαι,
535 4283 573 4356 δι’
591 4291 625 4367 ἀς
650 4297 669 4365 ἠ
694 4293 817 4367 ποίησις
850 4292 1027 4380 ἀναπέμπει
1058 4293 1186 4383 θρήνους
1215 4295 1292 4360 κάπὶ
1316 4293 1387 4368 τούς
1411 4293 1532 4382 ηρώας,
1557 4292 1611 4356 καὶ
1635 4291 1686 4356 ἐπί

139 4399 210 4477 τούς
234 4400 337 4482 θεοὺς,
362 4402 415 4464 καί
439 4400 489 4465 tet
513 4399 567 4463 τόν
592 4398 717 4488 ἄριστον
742 4409 804 4464 τῶν
828 4399 947 4488 ἡρώων,
973 4402 1027 4464 καὶ
1050 4402 1101 4465 ἐπί
1124 4403 1177 4466 τόν
1207 4401 1332 4492 ἄριστον
1357 4411 1419 4464 τῶν
1445 4399 1531 4466 θεῶν.
1557 4439 1598 4448 -
1624 4399 1684 4464 Ed.

140 4535 171 4596 p.
197 4513 272 4577 383.
298 4509 430 4577 Gesner.
456 4533 528 4595 cop.
552 4530 583 4585 x,
609 4509 631 4574 f.
658 4511 710 4576 60.

176 4761 198 4834 ¹)
211 4757 247 4815 Η.
260 4765 319 4816 not.
334 4780 351 4814 α
360 4755 461 4832 Hujus
474 4756 559 4832 primi
573 4757 680 4833 eapitis
693 4775 762 4833 pars
775 4773 885 4832 magna
940 4759 1060 4830 Gesner,
1080 4757 1269 4832 inscriptam:
1285 4757 1465 4814 Lucubratio
1486 4758 1584 4813 Procli
1601 4754 1688 4811 Lucii

141 4849 327 4908 desideretur
351 4848 382 4904 in
401 4847 481 4904 edito
500 4866 568 4904 eum
594 4849 710 4906 dnobus
735 4849 884 4922 sequenti·
939 4852 1096 4906 Diodochir'
1109 4851 1243 4906 dediciis
1256 4851 1413 4904 advorsus
1423 4851 1571 4903 Homerus
1583 4850 1611 4901 et
1622 4847 1688 4901 Poe·

139 4939 231 4996 bns».
941 4943 1015 4995 licen
1034 4943 1065 4996 ιἰι
1085 4941 1252 5010 Republica
1271 4939 1419 5008 Platonis,
1438 4939 1596 5006 interprete
1616 4933 1688 4990 Gon·

176 5031 198 5101 ²)
216 5029 254 5084 H.
267 5027 373 5084 inserit
385 5031 497 5100 Πρόκλου
510 5031 625 5097 διαδόχου
639 5033 707 5084 ante
727 5035 838 5100 περίτι
856 5027 886 5084 in
939 5031 1016 5084 rodo
1044 5031 1171 5085 Gesnero
1196 5029 1308 5084 medico
1335 5028 1484 5098 Tiporino.
1511 5055 1547 5066 -
1572 5023 1686 5096 Tiguri,

141 5118 217 5174 seria
228 5116 346 5186 codicis,
357 5134 395 5172 ex
408 5134 467 5189 qua
478 5117 579 5188 potius
591 5115 719 5172 indicem
732 5115 887 5189 rescripsit
940 5117 1019 5190 apud
1037 5117 1278 5174 Proschovorum
1298 5117 1376 5171 1542.
1389 5117 1516 5170 Fatetur
1534 5114 1686 5170 Gesnerns

140 5226 230 5281 quam
249 5225 286 5264 ex
304 5207 417 5264 attritis
436 5206 473 5263 ab
492 5205 577 5262 initio
597 5205 688 5263 soliis.
939 5205 1061 5262 unicum
1080 5223 1151 5278 prae
1171 5203 1265 5260 oeulis
1283 5202 1425 5260 habuisse
1444 5219 1588 5259 excusum
1606 5201 1688 5257 Basi-

176 5299 199 5374 ³)
218 5295 344 5355 Unieam
362 5297 486 5353 latinam
503 5297 788 5369 interpretationem,
808 5315 888 5354 men·
940 5295 1015 5364 lene,
1035 5293 1139 5350 multis
1157 5292 1252 5349 modis
1272 5298 1452 5364 corruptum,
1472 5290 1509 5346 ab
1529 5289 1595 5362 ipso
1616 5288 1687 5347 libe-

141 5407 206 5446 nem
225 5387 256 5444 in
274 5387 379 5445 multis
397 5393 428 5444 et
446 5404 609 5457 erroneam,
631 5387 713 5446 dedit
732 5387 887 5446 conradus
940 5385 1003 5442 rins
1023 5389 1053 5442 et
1071 5383 1193 5442 brevius
1210 5381 1361 5440 latinitate
1381 5381 1532 5440 donatum.
