4006 6074
230 543 268 601 42
607 535 760 625 Quatuor
778 535 963 629 οονορίοοο.
983 577 1027 588 -
1050 537 1237 612 Βοοίοοαοο
1254 531 1400 612 ἱκεσίου.

230 712 266 770 Εἰ
288 704 347 796 γάρ
371 708 492 781 ταύτην
517 707 584 796 ἔχει
606 708 644 772 τό
667 706 844 798 πρώτιστον
868 707 922 772 καὶ
945 707 1058 781 νοητόν
1080 707 1198 798 Ιχάσμα
1220 707 1280 781 τήν
1305 700 1452 798 δύναμιν,
1476 718 1569 774 κινεῖν
1596 705 1702 774 πάντα
1726 707 1779 776 καί

230 805 385 905 διεγείρειν
403 817 432 891 ἐς
456 806 834 906 προόδουςκαίπαντοίας
852 807 1026 906 διακρίσεις,
1044 817 1170 893 εἰκότως
1192 807 1293 892 δήπου
1317 818 1371 882 καί
1394 815 1451 893 τάς
1475 809 1692 907 μεταθατικάς
1716 827 1779 882 τῶν

229 917 334 1024 ψυχῶν
347 927 394 1012 ἐφ’
409 921 543 1014 ἑκάτερα
558 925 705 1007 κινήσεις,
717 923 771 988 καί
784 923 834 1014 ἀφ’
849 924 1003 1015 ἑκατέρων
1017 929 1058 1000 εἰς
1075 924 1113 989 τό
1131 925 1224 1014 μέσον
1242 916 1330 1001 ὁδούς
1346 925 1498 1016 χάσματα
1513 928 1723 1017 προσείρηκεν,
1739 931 1779 1002 ὡς

228 1027 369 1118 ἐσχάτην
383 1030 572 1118 ἀφομοίωσιν
586 1031 660 1122 πρός
676 1032 714 1097 τό
731 1031 844 1105 νοητόν
860 1031 937 1122 χάος
954 1033 1115 1123 φερούσας·
1133 1033 1182 1097 ότι
1199 1023 1233 1098 δὲ
1249 1037 1304 1099 ούκ
1319 1032 1454 1099 ἐνταῦθα
1472 1034 1564 1124 μόνον
1581 1039 1597 1099 ό
1615 1033 1776 1121 Πλάψτων]

992 1127 999 1150 ι

187 1273 200 1312 ι
227 1247 250 1313 f.
275 1249 329 1328 31,
354 1249 530 1333 quaerendi
552 1249 571 1315 6
590 1272 688 1316 vers.:
713 1297 721 1311 .
743 1272 868 1326 ..νασις
892 1239 1047 1322 δίκην...
1072 1252 1198 1340 ούρανοῦ
1226 1274 1297 1314 τινα
1321 1250 1417 1316 τύπον
1441 1249 1500 1314 ὑπὸ
1515 1303 1522 1318 .
1538 1302 1568 1319 ..
1592 1247 1778 1340 ὑφιοθείοας,

229 1342 346 1442 διάγειν
369 1345 526 1430 ἀξίως...
552 1346 601 1420 δεῖ
622 1349 753 1422 ἐύίωσαν
780 1361 857 1442 βίου·
883 1358 937 1422 καί
961 1352 1035 1424 εἶσιν
1060 1352 1153 1423 αύται
1178 1363 1209 1422 αἱ
1226 1351 1279 1422 δύο
1300 1361 1445 1448 [ποψρεῖαι
1459 1369 1522 1423 τῶν
1540 1355 1656 1448 ψυχῶν,
1673 1356 1708 1434 άς
1724 1358 1779 1422 καί

228 1457 360 1524 ἐνταῦθα
385 1461 612 1551 ἀφηγούμενος,
637 1463 697 1538 τήν
723 1465 777 1554 μὲν
801 1471 841 1541 είς
865 1468 902 1531 τό
927 1466 989 1532 ἀνω
1014 1467 1106 1556 φησίν
1131 1468 1216 1558 ἄγειν
1241 1467 1295 1532 καί
1318 1467 1355 1532 τό
1372 1465 1513 1558 πρόσθεν,
1537 1465 1596 1538 τήν
1618 1458 1652 1532 δὲ
1676 1470 1718 1542 εἰς
1740 1467 1779 1532 τό

228 1567 316 1632 κάτω
332 1567 386 1631 καί
401 1569 439 1632 τό
456 1569 592 1638 ὄπισθεν.
610 1568 688 1637 Εἶτα
706 1573 762 1649 τάς
775 1572 886 1651 λοιπάς
901 1566 954 1638 δύο
966 1575 1180 1663 προστίθησιν,
1192 1576 1304 1667 λέγων·
1321 1585 1368 1658 τῷ
1385 1566 1419 1640 δὲ
1434 1577 1586 1664 χιλιοστῷ
1603 1573 1779 1664 ἀμφότεραι

228 1677 429 1764 ἀφικνοῦνται
444 1677 495 1742 έπί
511 1679 665 1769 κλήρωσον
683 1681 736 1745 καί
759 1683 880 1770 αίρησιν
905 1673 1048 1772 δευτέρου
1074 1685 1152 1766 βίου.
1176 1682 1250 1773 Περί
1273 1677 1315 1748 ὧν
1332 1681 1385 1747 καί
1401 1679 1535 1747 ἐνταῦθα
1559 1670 1778 1771 διαλεγόμενος

173 1809 199 1846 ιο
228 1783 330 1868 φησίν,
359 1782 416 1859 τάς
446 1784 500 1873 μὲν
529 1779 561 1864 ἐξ
586 1790 713 1878 ούρανοῦ
742 1789 900 1866 κατιέναι,
924 1788 981 1865 τάς
1006 1780 1040 1854 δὲ
1063 1793 1098 1856 ἐκ
1121 1799 1177 1854 τοῦ
1201 1802 1259 1867 τῆς
1283 1800 1341 1880 γῆς
1373 1791 1490 1855 ἀνιέναι
1517 1788 1699 1878 χάσματος,
1725 1787 1779 1852 καί

227 1890 488 1964 κατασκηνᾶσθαι
513 1893 589 1985 σφάς
613 1899 644 1960 ἐν
668 1906 713 1979 τῷ
737 1899 877 1986 λειμῶνι.
895 1889 1059 1962 Δέδεικται
1076 1889 1110 1963 δὲ
1125 1903 1201 1987 ἡμῖν
1219 1897 1390 1989 ἔμπροσθεν
1411 1898 1458 1973 τίς
1482 1895 1640 1985 ὁλειμών·
1666 1898 1779 1985 ἔχομεν

227 1993 278 2063 ούν
302 1998 356 2064 καί
378 2004 413 2065 ἐκ
437 2011 491 2065 τοῦ
516 1994 653 2094 Φαίδρου
678 2003 719 2069 τά
744 1997 798 2070 δύο
820 2005 985 2095 χάσματα,
1010 2005 1067 2081 τάς
1090 1999 1194 2084 λήξεις
1218 2001 1371 2096 ὁρίζοντα,
1396 2004 1449 2070 καί
1472 2001 1514 2068 τά
1537 2001 1633 2068 λοιπά
1658 1994 1711 2067 δύο
1735 2001 1777 2066 τά

228 2108 419 2198 ἀντίστροφα
443 2109 575 2186 τούτοις,
599 2121 640 2196 τῇ
667 2111 721 2200 μὲν
746 2117 786 2186 εἰς
810 2113 937 2202 ούρανόν
963 2113 1080 2204 ἀγούσῃ
1099 2113 1137 2177 τό
1161 2112 1275 2178 ἐκεῖθεν
1300 2113 1452 2204 κατάγον,
1476 2121 1517 2196 τῇ
1541 2102 1574 2176 δὲ
1597 2115 1639 2186 είς
1662 2109 1703 2176 τά
1719 2111 1778 2176 ὑπό

227 2225 286 2305 γῆς
303 2207 508 2308 δικαιωτήρια
525 2219 776 2309 παραπεμποόοῃ
796 2221 833 2285 τό
850 2219 963 2285 ἐκεῖθεν
980 2220 1106 2310 ἀνάγον·
1123 2223 1161 2286 τό
1175 2212 1208 2287 δὲ
1225 2222 1326 2286 κοινόν
1339 2230 1401 2285 τῶν
1419 2230 1580 2312 τεττάρων
1592 2231 1708 2309 τμῆμα
1724 2219 1778 2284 καί

174 2353 199 2392 ιο
228 2335 367 2414 σημεῖον,
383 2337 495 2391 τοῦτον
514 2326 683 2417 λεγόμενον
709 2319 868 2416 δαιμόνιον
893 2327 990 2392 τόπον
1015 2329 1068 2392 καί
1090 2330 1229 2416 λειμῶνα
1248 2327 1302 2392 καί
1325 2319 1456 2418 τρίοδον·
1481 2333 1513 2394 έν
1537 2318 1571 2393 δέ
1594 2326 1697 2410 τούτῳ
1721 2351 1779 2392 κα-

229 2431 342 2506 θῆσθαι
363 2433 435 2510 τοὺς
452 2425 615 2511 δικαστάς·
631 2433 702 2511 τοὺς
720 2427 753 2499 δέ
770 2433 881 2512 αύτούς
901 2425 1050 2510 δικαστάς
1074 2438 1105 2501 ἐν
1130 2435 1185 2524 μὲν
1203 2437 1316 2527 Γοργίᾳ
1333 2460 1419 2512 τινας
1435 2435 1545 2524 ἔφατο,
1561 2435 1623 2499 Καί
1646 2433 1780 2499 ἐνταῦθα

228 2532 454 2631 δεδηλώκαμεν
485 2541 539 2607 καί
562 2545 593 2606 ἐν
622 2554 688 2619 τοῖς
713 2547 753 2617 εἰς
784 2548 886 2608 ἐκεῖνα
916 2541 1142 2636 γεγραμμένοις
1171 2545 1302 2634 ἔναγχος
1334 2549 1427 2631 ήμῖν,
1453 2542 1518 2607 νυνί
1541 2533 1575 2608 δὲ
1605 2543 1780 2632 κοινότερον

228 2648 349 2714 ἀκούειν
374 2644 528 2738 ἀξιοῦμεν,
552 2651 672 2728 πάντας
696 2651 767 2727 τούς
791 2651 913 2725 ταύτην
938 2651 1108 2742 εἰληχότας
1132 2650 1191 2724 τήν
1209 2643 1339 2743 δύναμιν
1356 2655 1386 2718 ἐν
1405 2649 1492 2730 θεοῖς,
1512 2655 1543 2716 έν
1568 2641 1721 2740 δαίμοσιν,
1746 2654 1777 2716 έν

228 2758 350 2848 ήρωσιν·
376 2759 430 2824 τόν
454 2758 514 2851 γάρ
538 2757 617 2824 ποτὲ
641 2752 797 2824 δικαστῶν

172 3008 200 3048 20
228 2971 251 3038 f.
277 2973 318 3040 31
343 2997 386 3054 v.‚
411 2973 525 3040 eadem
547 2973 681 3041 lacuna:
707 2973 760 3037 καὶ
783 2973 821 3038 τό
847 2978 888 3049 είς
917 2979 1047 3040 πλα...
1072 2979 1112 3050 ῶς
1135 2970 1301 3064 ψυχάς...
1326 2980 1366 3051 εἰς
1395 2973 1557 3067 Τάρταρον
1581 2972 1778 3052 τούτους...

229 3079 407 3171 ..,ώτερον
431 3083 472 3158 είς
496 3103 532 3146 τε
555 3083 681 3172 οὐρανόν
705 3082 760 3147 καί
783 3093 850 3158 ταῖς
867 3082 998 3160 ταύταις
1015 3073 1230 3174 δικαιωτήρια·
1247 3083 1522 3175 περιεκτικώτερον
1539 3076 1573 3148 δέ
1597 3092 1701 3148 ταῦτα
1722 3093 1778 3148 τοῦ

229 3186 402 3278 Ταρτάρου,
431 3188 484 3254 καί
511 3195 531 3262 ή
560 3191 687 3281 οὐρανία
712 3190 772 3280 ἀρα
798 3184 898 3269 λῆξις,
921 3200 980 3266 τῆς
1004 3193 1034 3254 ἑν
1067 3190 1214 3280 μακάρων
1239 3191 1360 3273 νήσοις,
1385 3191 1467 3256 ὥστε
1490 3189 1545 3254 καί
1573 3194 1601 3255 οί
1623 3180 1703 3275 τῇδε
1728 3179 1780 3252 δι-

228 3295 354 3379 κασταί,
377 3305 441 3361 τῶν
465 3298 496 3361 έν
521 3299 635 3388 Γοργίᾳ
651 3298 956 3388 περιληπτικώτεροι
980 3298 1034 3362 καί
1057 3303 1114 3388 ούχ
1137 3297 1271 3387 ήρωϊκαὶ
1294 3293 1392 3387 ψυχαί
1417 3298 1509 3385 μόνον
1534 3299 1667 3387 ἔσχαται
1690 3290 1780 3361 οὖσαι

228 3415 291 3470 τῶν
317 3395 506 3469 δικαστικῶν
531 3395 704 3495 δυνάμεων,
729 3405 813 3472 ἀλλά
836 3407 891 3472 καὶ
914 3409 1044 3485 οἵτινες
1069 3408 1161 3472 ἀλλοι
1184 3408 1242 3496 πρό
1266 3406 1397 3484 τούτων,
1420 3411 1460 3484 ὡς
1484 3408 1610 3498 οὐρανός
1632 3406 1692 3498 πρό
1715 3414 1778 3470 τῶν

173 3543 200 3582 ιο
229 3512 377 3605 μακάρων
393 3514 506 3596 νήσων,
531 3518 570 3589 ὡς
594 3512 636 3579 τά
661 3504 867 3605 δικαιωτήρια
883 3515 925 3581 τά
941 3517 1001 3581 ύπό
1017 3526 1076 3607 γῆς
1091 3518 1151 3605 πρό
1174 3526 1230 3582 τοῦ
1251 3518 1424 3605 Ταρτάρου·
1448 3525 1560 3580 τοῦτον
1585 3513 1644 3605 γάρ
1662 3506 1781 3601 δεσμω-

228 3620 336 3711 τήριον
359 3623 468 3699 τίσεως
493 3615 574 3688 εἶπεν
592 3616 669 3687 εἶναι
685 3624 739 3688 καί
755 3616 854 3700 δίκης,
872 3627 944 3688 ἀλλ’
963 3626 1021 3713 οὐχ
1045 3628 1151 3700 ἀπλῶς
1176 3614 1405 3714 δικαιωτήριον.
1431 3625 1470 3689 Τί
1491 3622 1552 3714 γάρ
1576 3623 1671 3700 ἀλλος
1695 3621 1778 3687 ἐστίν

228 3729 266 3794 τό
290 3719 507 3820 δικαιωτήριον
532 3730 551 3804 ἢ
576 3731 614 3796 τό
639 3723 775 3796 δικαιοῦν
800 3733 854 3797 καί
877 3731 961 3797 κατά
985 3724 1076 3805 δίκην
1101 3731 1297 3810 ἀπευθύνωνς
1320 3723 1403 3796 τίδὲ
1423 3730 1502 3796 ἀλλο
1525 3731 1562 3796 τό
1587 3741 1646 3806 τῆς
1668 3731 1778 3805 τίσεως

229 3825 442 3926 δεσμωτήριον
466 3835 485 3909 ή
511 3838 548 3902 τό
571 3840 652 3904 τίσιν
678 3838 731 3903 καὶ
755 3840 906 3930 τιμωρίαν
931 3839 1070 3929 ἐσχάτην
1095 3838 1223 3930 έπάγον,
1248 3839 1301 3904 καί
1325 3829 1514 3928 συμποδίζον
1538 3836 1595 3914 τάς
1619 3834 1738 3926 ψυχάς;
1762 3837 1778 3900 ό

228 3935 310 4026 τῷδε
334 3935 469 4032 διαφέρει
492 3949 627 4037 τιμωρία
651 3939 749 4026 δίκης,
774 3949 828 4013 καί
852 3955 891 4026 ῶς
915 3953 934 4022 ή
961 3947 1016 4037 μέν
1042 3949 1194 4024 ύνίνησιν,
1219 3954 1238 4022 ή
1266 3939 1299 4013 δὲ
1323 3957 1386 4011 τῶν
1411 3945 1546 4012 ἀνιάτων
1570 3947 1639 4011 ἐστί
1661 3943 1778 4035 ψυχῶν,

173 4083 200 4120 ιο
229 4053 323 4115 αὑτοῦ
349 4041 550 4128 διδάσκοντος
573 4056 604 4119 ἐν
628 4055 734 4137 ἐκείνῳ
751 4065 796 4137 τῷ
814 4053 910 4143 μύθῳ,
929 4054 1169 4144 μεμαθήκαμεν·
1182 4053 1258 4119 Ὀτι
1282 4046 1315 4119 δὲ
1331 4053 1385 4118 καί
1401 4058 1433 4116 αἱ
1450 4052 1505 4142 μὲν
1523 4051 1670 4142 μακάρων
1691 4062 1780 4125 νῆσοι

227 4157 430 4225 πλουτώνειοι
453 4153 556 4238 λήξεις
581 4163 665 4239 εἰσίν,
691 4167 722 4226 αἱ
747 4153 780 4228 δέ
803 4163 937 4254 ούράνιοι
960 4174 1018 4241 τῆς
1041 4175 1096 4230 τοῦ
1120 4163 1246 4255 πρώτου
1270 4173 1331 4229 τῶν
1352 4172 1445 4254 τριῶν
1470 4161 1538 4238 Διός
1563 4163 1672 4250 ἀρχῆς,
1696 4157 1780 4224 κατά

227 4266 287 4339 τήν
305 4275 345 4344 εἰς
363 4269 435 4358 τρία
451 4278 513 4334 τῶν
531 4261 686 4360 Κρονιδῶν
704 4270 806 4360 τομήν
823 4281 879 4336 τοῦ
895 4272 1025 4362 κόσμου,
1037 4273 1132 4339 πάλιν
1149 4278 1259 4349 ἐντοῖς
1275 4261 1646 4359 αύτοῖςάποδεδείχαμεν
1663 4269 1779 4361 λόγοις·

228 4378 282 4441 καί
298 4382 373 4453 ὡςή
394 4377 448 4469 μέν
473 4383 514 4453 είς
539 4379 721 4455 Πλούτωνός
745 4384 813 4445 ἐστι
836 4372 957 4471 τρίοδος
980 4381 999 4454 ἢ
1026 4387 1067 4457 εἰς
1090 4382 1147 4458 τάς
1173 4381 1321 4473 μακάρων
1340 4381 1462 4459 νήσους,
1486 4378 1506 4453 ή
1531 4383 1572 4455 είς
1595 4378 1633 4443 τό
1658 4369 1780 4467 δεσμω-

228 4485 336 4574 τήριον
361 4496 419 4562 τῆς
442 4486 561 4568 τίσεως,
586 4483 605 4560 θ
631 4491 673 4563 εἰς
696 4487 768 4564 τοὺς
794 4487 1000 4578 καθαρτικούς
1023 4489 1185 4568 τόπους·ή
1211 4481 1245 4555 δέ

173 4727 201 4765 οι
229 4702 253 4767 f.
269 4703 322 4782 32,
338 4702 425 4770 inter
440 4702 564 4770 laceras
579 4704 715 4772 lacinias
732 4707 750 4772 7
769 4727 870 4772 εοεαε
890 4707 1065 4795 ...ἑνίσχον
1078 4759 1085 4773 .
1099 4756 1123 4774 ..
1140 4699 1240 4784 τάξιν,
1258 4704 1294 4770 τό
1312 4702 1367 4794 μὲν
1385 4699 1437 4770 οὖν
1454 4702 1525 4769 κατ’
1541 4701 1668 4794 ἀντικρύ
1684 4699 1727 4766 τά
1747 4703 1779 4766 ἐν

233 4810 373 4898 [ού]ρανῷ
389 4809 545 4900 χάσματα
559 4805 637 4877 εἷναι
652 4823 716 4888 τοῖς
733 4811 818 4878 κατά
834 4825 892 4905 γῆς
909 4817 1104 4904 τεταμένοις,
1121 4817 1178 4902 ούχ
1196 4817 1301 4889 ἀπλῶς
1316 4812 1439 4878 ἀκούειν
1457 4805 1541 4890 ἀξιον
1557 4809 1629 4877 κατ’
1651 4807 1779 4898 ἀντικρύ

228 4916 387 5010 λέγεσθαι,
409 4929 455 5004 τῷ
478 4919 520 4985 τά
544 4919 599 5008 μὲν
624 4921 686 4985 ἀνω
702 4931 766 4996 πῶς
784 4916 861 4987 εἶναι
877 4923 931 4987 καί
948 4922 1083 5014 ούράνια,
1100 4921 1141 4987 τά
1158 4914 1191 4987 δὲ
1208 4921 1296 4987 κάτω
1312 4946 1371 4986 που
1389 4921 1441 4986 καί
1459 4919 1579 5010 χθόνια·
1604 4917 1659 4984 καί
1681 4927 1778 4984 τοῖιτο

230 5025 284 5113 μὲν
309 5025 379 5116 γάρ,
397 5025 479 5090 ἀλλά
496 5027 550 5092 καί
567 5019 712 5116 μερίζειν,
729 5027 844 5110 καὶτῷ
862 5027 917 5117 μὲν
933 5029 1027 5119 ἑτέρῳ
1044 5039 1107 5093 τῶν
1125 5027 1187 5092 ἀνω
1204 5029 1240 5092 τό
1257 5030 1359 5118 ἕτερον
1378 5025 1568 5092 ἀντιτιθέναι
1592 5033 1654 5090 τῶν
1678 5023 1777 5108 κάτω,

228 5139 274 5215 τῷ
298 5122 331 5197 δέ
346 5136 457 5216 λοιπῷ,
474 5135 512 5199 τό
528 5134 648 5198 λοιπόν·
667 5133 719 5198 καί
736 5123 773 5208 δή
792 5137 845 5199 καί
863 5139 1038 5201 ἐπισκοπεῖν
1055 5135 1217 5224 προσήκει,
1235 5135 1365 5226 πότερον
1381 5134 1512 5224 ποτέρῳ·
1530 5133 1614 5225 λέγω
1632 5125 1666 5198 δὲ
1682 5138 1709 5198 εί
1731 5139 1778 5216 τῷ

171 5273 199 5309 ιο
229 5240 404 5332 κατάγοντι
428 5240 512 5306 κατά
535 5252 594 5333 γῆς
618 5243 656 5307 τό
681 5240 797 5331 ἀνάγον
821 5249 862 5320 εἰς
888 5245 1024 5334 ούρανόν,
1050 5243 1103 5308 καί
1119 5251 1165 5325 τῷ
1190 5243 1339 5334 ἀνάγοντι
1363 5243 1425 5307 ἀπό
1449 5252 1508 5334 γῆς
1533 5243 1570 5306 τό
1594 5233 1626 5320 ἐἰ
1650 5242 1777 5330 ούρανοῦ

229 5345 322 5411 πάλιν
347 5347 498 5438 κατάγον,
524 5349 607 5416 ἀλλά
624 5361 718 5416 τοῦτο
736 5349 863 5416 ἄτοπον·
883 5359 925 5428 εἰς
942 5352 1001 5443 γάρ
1019 5352 1137 5417 ταυτόν
1154 5351 1273 5416 τούτων
1291 5357 1310 5426 ή
1328 5343 1408 5437 ὁδὀς,
1425 5357 1467 5428 είς
1484 5351 1539 5416 τόν
1556 5350 1656 5416 κοινόν
1680 5349 1777 5414 τόπον
