3944 6074
290 535 344 592 150
616 525 792 598 Carminis
809 525 999 597 Musarum
1017 543 1137 614 scopus
1154 529 1186 596 et
1203 521 1334 596 indoles
1352 525 1507 617 mystica.

291 700 422 786 ἀφυΐαν,
446 695 551 762 ούκέτι
576 696 660 762 κατά
684 694 743 768 τήν
768 698 845 769 όλην
869 696 924 760 καὶ
947 696 1074 760 τελείαν
1098 687 1261 780 παιδείαν,
1283 695 1353 761 καθ’
1377 695 1415 768 ήν
1439 696 1619 788 ἐτράφησαν
1644 688 1839 770 δυνηθέντων

293 805 330 892 (f.
358 807 433 886 152)
458 800 605 894 ἐκτρέψαι
627 804 700 879 τούς
723 795 849 883 παῖδας,
872 815 931 880 τῆς
955 795 989 869 δὲ
1012 813 1075 868 τῶν
1100 795 1250 896 δευτέρων
1268 807 1389 894 ἀφυΐας,
1406 811 1426 878 ή
1444 815 1507 869 τῶν
1530 805 1663 894 πρώτων
1686 806 1757 894 περί
1779 806 1841 878 τήν

291 923 347 978 τοῦ
363 920 471 1002 καιροῦ
486 965 493 980 .
510 935 631 1004 ..ηραν
647 923 706 988 τῆς
722 922 785 977 τῶν
803 912 913 1004 γάμων
930 913 1084 1003 εὐκαιρίας
1101 915 1267 1002 ἀμαρτασ.
1282 962 1310 976 ..
1334 909 1394 983 τήν
1412 913 1473 976 ἀπό
1490 921 1548 988 τής
1565 912 1735 990 αἰσθήσεως
1750 916 1842 1002 ἐφελ-

292 1017 462 1109 κυσάμενοι
485 1022 704 1111 πραγματείας
728 1024 849 1096 πολλής
868 1011 1016 1109 δεομένου
1032 1019 1086 1084 καί
1107 1017 1228 1110 ἀγαθῆς
1251 1019 1363 1110 τύχης,
1381 1024 1422 1095 είς
1447 1020 1485 1084 τό
1510 1018 1553 1110 μὴ
1578 1019 1684 1085 πολλά
1707 1030 1841 1086 τοιαῦτα

251 1155 265 1202 ε
292 1129 428 1212 πταίειν,
454 1128 543 1218 μόλις
553 1124 578 1212 ¹)
603 1127 657 1192 καί
681 1119 720 1192 δι’
746 1118 890 1218 ἀμυδρῶν
915 1127 1054 1218 όργάνων
1078 1125 1215 1203 τάληθὲς
1237 1131 1318 1192 ἐλεῖν
1336 1127 1512 1216 ίσχυούσης·
1529 1130 1584 1194 τὀν
1610 1127 1666 1218 μέν
1689 1129 1842 1220 λογισμόν

292 1229 408 1315 ἐξάντη
434 1245 493 1312 τῆς
517 1234 794 1323 ἐπικλωθησομένῃ
820 1229 921 1314 ἕξουσι
944 1247 984 1322 τῇ
1009 1237 1154 1320 πολιτείᾳ
1176 1235 1305 1312 λύσεως·
1323 1236 1382 1308 τὴν
1408 1227 1441 1302 δέ
1466 1235 1610 1309 αἴσθησιν
1633 1245 1703 1313 ταῖς
1726 1241 1841 1312 ἑαυτῆς

292 1341 511 1434 παροράσεσιν,
529 1344 632 1408 αἰτίαν
649 1351 712 1406 τῶν
729 1344 760 1408 έν
777 1353 842 1419 τοῖς
859 1347 1020 1432 λογισμοῖς
1035 1342 1120 1433 παρά
1139 1355 1203 1420 τοῖς
1223 1351 1292 1434 μετ’
1311 1345 1422 1420 αὐτούς
1438 1343 1585 1434 ἄρχουσιν
1602 1345 1842 1436 ἁμαρτημάτων

294 1452 522 1540 ἀναφαίνουσιν.
535 1456 688 1542 -Τριῶν
702 1445 753 1516 οὖν
767 1451 887 1516 τούτων
901 1452 1088 1540 ὀφειλόντων
1107 1452 1247 1540 μάλιστα
1265 1444 1491 1530 σπουδάζεσθαι
1507 1453 1592 1543 παρά
1605 1465 1672 1529 τοῖς
1688 1455 1842 1542 ἐφεστῶσι

293 1571 359 1636 τοῖς
375 1559 488 1651 γάμοις
503 1569 567 1625 τῶν
576 1557 602 1644 ²)
615 1560 774 1649 φυλάκων,
790 1571 848 1636 τῆς
866 1562 999 1652 ἐκλογῆς
1014 1569 1069 1625 τοῦ
1082 1563 1235 1650 σπορίμου
1252 1572 1369 1652 καιροῦ,
1381 1571 1439 1636 τῆς
1456 1554 1621 1639 συζεύξεως
1635 1569 1699 1625 τῶν
1716 1562 1842 1650 ὁμοίων,

241 1689 268 1730 ιο
295 1669 369 1758 πρός
392 1667 431 1741 ήν
456 1659 580 1732 δέονται
602 1678 661 1743 τῆς
685 1677 748 1734 τῶν
772 1669 896 1758 κλήρων
920 1663 1081 1754 κομψείας,
1105 1677 1163 1744 τῆς
1183 1665 1330 1756 ἐνθέσμου
1347 1660 1511 1757 συνέρξεως
1528 1665 1609 1757 μετά
1625 1665 1736 1732 θυσίων
1759 1691 1845 1760 γινο-

295 1777 400 1866 μένης,
423 1776 461 1842 τό
483 1775 554 1865 περί
577 1775 637 1842 τήν
662 1775 797 1866 ἐκλογήν
821 1776 951 1866 σφάλμα
966 1785 1021 1841 τοῦ
1045 1785 1151 1865 καιροῦ
1174 1777 1343 1865 γενήσεται
1366 1769 1438 1866 ῥίζα
1461 1784 1524 1840 τῶν
1547 1776 1704 1864 ἑπομένων
1727 1783 1843 1850 κακῶν,

295 1885 350 1952 καί
365 1884 429 1962 τῆς
439 1883 557 1962 λύσεως
573 1895 632 1960 τῆς
646 1886 808 1959 πολιτείας
832 1884 886 1948 καί
908 1895 966 1960 τῆς
991 1883 1138 1966 στάσεως,
1162 1885 1209 1972 ἀφ’
1237 1881 1274 1962 ής
1297 1889 1317 1958 ή
1342 1883 1427 1959 λύσις
1450 1885 1481 1948 ἐν
1506 1894 1571 1960 τοῖς
1593 1883 1758 1975 τετάρτοις
1782 1884 1845 1948 ἀπὸ

294 2001 359 2059 τῶν
381 1990 514 2083 πρώτων
538 1990 752 2082 ἁμαρτόντων
762 1990 789 2079 ³)
815 1990 1040 2083 συμπέσουσης.

1057 2317 1079 2380 ΙΙ

1081 2363 1088 2376 ι

344 2530 379 2595 '0
405 2527 459 2619 μέν
473 2527 501 2616 ⁴)
525 2527 640 2605 σκοπός
657 2531 742 2593 ἐστιν
759 2538 814 2593 τοῦ
829 2527 926 2620 λόγου
942 2537 1006 2593 τῶν
1023 2534 1162 2611 Μουσῶν,
1179 2529 1312 2618 ἐκφῆναι
1327 2527 1385 2604 τάς
1402 2529 1514 2605 αίτίας,
1533 2519 1574 2594 δι’
1588 2527 1624 2606 ἀς
1646 2528 1733 2606 λύσις
1756 2531 1844 2594 ίσται

245 2670 272 2709 ιε
299 2649 357 2714 τῆς
380 2639 511 2727 ἀρίστης
535 2639 567 2703 ἐν
591 2635 762 2727 ἀνθρώποις
786 2639 958 2718 πολιτείας,
983 2637 1074 2712 οὔσας
1091 2627 1210 2711 διττάς·
1227 2635 1287 2706 τήν
1309 2633 1364 2726 μὲν
1389 2639 1420 2701 ἑν
1443 2647 1514 2713 ταῖς
1537 2639 1623 2713 ὅλαις
1646 2648 1703 2702 τοῦ
1726 2638 1843 2726 κόσμου

299 2736 451 2836 περιόδοις
469 2744 563 2836 φοράς
580 2744 634 2811 καί
650 2747 787 2834 ἀφορίας,
807 2750 847 2821 ὡς
863 2753 980 2835 φυτῶν,
996 2750 1035 2820 ῶς
1052 2738 1150 2827 ζώων,
1167 2749 1207 2818 ῶς
1224 2745 1389 2831 σωμάτων,
1407 2746 1489 2810 ούτω
1507 2745 1559 2809 καί
1578 2742 1684 2835 ψυχῶν
1708 2746 1844 2838 ἐπάγου-

300 2876 369 2929 σαν,
393 2851 500 2927 ἄλλοις
524 2851 578 2917 καί
600 2851 708 2926 ἀλλοις
726 2850 848 2942 μέρεσιν
865 2861 923 2928 τῆς
939 2862 1007 2944 γῆς·
1025 2848 1084 2922 τήν
1102 2841 1136 2914 δέ
1152 2853 1183 2916 ἐν
1200 2861 1266 2926 τοῖς
1284 2861 1426 2942 μερικοῖς,
1445 2855 1476 2916 ἐν
1493 2855 1598 2928 αὐτοῖς
1614 2863 1680 2930 τοῖς
1697 2854 1842 2942 ἀρχουσιν

299 2961 457 3051 ὁρωμένην
472 2956 509 3042 ⁵),
533 2969 598 3035 τοῖς
622 2959 822 3050 μιμουμένοις
846 2957 917 3036 τοίις
934 2963 965 3024 ἐν
982 2968 1027 3041 τῷ
1045 2958 1151 3048 κόσμῳ
1175 2969 1378 3048 κρατοῦντας·
1401 2958 1522 3027 τούτων
1546 2958 1607 3050 γάρ
1631 2959 1842 3051 ἁμαρτώντων

299 3065 493 3142 λυθήσεσθαι
516 3071 553 3154 (f.
580 3072 642 3136 152
659 3071 704 3152 ν.)
724 3067 794 3152 [τήν
810 3070 984 3134 πολιτείαν.
1002 3069 1069 3132 Εἰσί
1085 3066 1156 3158 γάρ]
1176 3075 1204 3132 οί
1220 3067 1275 3156 μὲν
1293 3066 1427 3156 φύλακες
1443 3077 1510 3144 τοῖς
1525 3071 1556 3133 ἐν
1579 3077 1625 3152 τῷ
1648 3068 1744 3134 παντί
1767 3065 1843 3143 θεοῖς

246 3202 274 3240 εο
300 3175 445 3254 ἐοικότες·
462 3182 492 3241 οί
508 3168 542 3244 δέ
557 3175 712 3267 ἐπικούροι
728 3187 792 3252 τοῖς
818 3167 970 3266 δαίμοσιν·
987 3182 1015 3242 οί
1031 3169 1065 3242 δέ
1081 3177 1185 3253 θῆτες,
1210 3186 1279 3253 ταῖς
1297 3187 1434 3266 μερικαῖς
1451 3173 1575 3267 ψυχαῖς·
1598 3187 1702 3242 ταῦτα
1723 3167 1756 3242 δέ
1778 3179 1845 3242 ἐστι
1962 3185 1963 3188 ’

300 3283 343 3352 τά
359 3284 516 3377 ἀσώματα
531 3285 607 3377 γένη
626 3284 699 3363 ἀνω,
716 3295 779 3350 τῶν
799 3289 830 3351 ἐν
854 3293 900 3367 τῷ
924 3284 1033 3374 κόσμῳ
1058 3277 1256 3352 διοικούντων
1267 3286 1291 3368 ⁶)
1317 3284 1376 3357 τήν
1401 3285 1585 3374 σωματικήν
1608 3285 1707 3376 φύσιν·
1731 3291 1771 3361 ῶς
1793 3279 1844 3349 οὖν

301 3397 336 3459 ού
359 3391 402 3458 τά
425 3393 644 3483 ἁμαρτήματα
660 3402 723 3458 τῶν
740 3389 846 3482 ψυχῶν
865 3393 1047 3483 ἀνατρέπειν
1072 3393 1109 3457 τό
1131 3400 1205 3474 πᾶν,
1229 3393 1325 3468 ούτως
1342 3383 1413 3458 ούδέ
1435 3390 1478 3459 τά
1501 3402 1565 3458 τῶν
1589 3392 1693 3466 θητῶν
1715 3396 1844 3466 ἐκείνην·

303 3501 376 3564 ἀλλ’
394 3497 411 3564 ό
428 3490 510 3589 μηδὲ
533 3497 619 3590 θέμις
636 3505 742 3580 εἰπεῖν,
760 3505 787 3565 εί
811 3490 954 3590 δαίμονες
978 3499 998 3573 ή
1025 3505 1053 3564 οί
1077 3497 1141 3565 θεοί
1163 3525 1197 3566 τι
1219 3499 1398 3590 παρεώρων,
1422 3501 1519 3577 οὕτως
1535 3500 1577 3567 τά
1601 3511 1664 3568 τῶν
1688 3501 1844 3592 ἀρχόντων

301 3607 514 3698 παροράματα
536 3607 625 3674 λύσει
648 3607 708 3682 τήν
731 3613 806 3699 παρ’
829 3614 906 3698 ήμῖν
929 3609 1103 3674 πολιτείαν.
1276 3613 1278 3616 ’

246 3755 274 3794 ,ς
346 3715 381 3783 ‘0
406 3706 439 3780 δέ
462 3715 628 3806 χαρακτήρ
652 3727 708 3782 τοῦ
731 3717 828 3806 λόγου
852 3717 923 3781 λίαν
947 3720 1031 3780 ἐστιν
1055 3712 1183 3803 ὑψηλός,
1200 3716 1323 3805 πρέπων
1341 3715 1395 3780 καί
1415 3727 1483 3794 ταῖς
1507 3716 1652 3798 Μούσαις,
1675 3727 1745 3792 ταῖς
1767 3739 1846 3805 χρη-

304 3814 478 3912 μῳδούσαις
501 3822 561 3894 τήν
585 3822 684 3899 λύσιν,
709 3823 763 3887 καί
786 3833 850 3900 τοῖς
866 3823 1077 3912 ὑποκειμένοις
1092 3823 1274 3914 πράγμασιν
1291 3834 1452 3912 μυστικοῖς
1473 3818 1566 3888 ούσιν·
1584 3813 1632 3888 διό
1654 3823 1768 3897 κάυτός
1792 3845 1847 3885 σα·
1961 3877 1962 3900 ,

303 3939 365 4020 φῶς
381 3924 464 3996 εἶπεν
479 3925 770 4020 ύψηλολογούμενος
788 3935 873 4020 ἐρεῖν,
891 3921 1118 4020 ἐνδεικνύμενος
1136 3932 1186 3995 ότι
1204 3931 1347 4020 μέτεστιν
1357 3928 1383 4016 ⁷)
1401 3931 1462 3996 ἀπό
1479 3940 1533 3996 τοῦ
1550 3931 1647 4018 μέσου
1662 3929 1773 4006 τύπου,
1791 3939 1846 3994 τοῦ

302 4037 474 4128 πρέποντος
496 4035 618 4114 ἠθικοῖς
641 4038 758 4128 λόγοις,
782 4041 810 4115 ές
831 4033 885 4124 [τι]
904 4040 959 4105 τόν
977 4031 1069 4129 ἁδρόν
1087 4043 1199 4104 οίιιεῖον
1217 4039 1294 4104 ὄντα
1310 4049 1375 4114 τοῖς
1400 4035 1633 4128 ῥηθησομένοις·
1656 4041 1676 4110 ή
1704 4027 1770 4102 ἰδέα
1792 4047 1847 4102 τοῦ

302 4146 420 4221 παντὸς
443 4145 541 4237 λόγου
566 4145 720 4233 σεμνότης
744 4147 828 4211 ἐστίν
852 4146 1053 4234 προσήκουσα
1077 4145 1131 4210 καί
1154 4156 1220 4222 τοῖς
1237 4145 1408 4236 πράγμασι·
1435 4143 1535 4234 σεμνά
1558 4142 1618 4235 γάρ
1641 4143 1696 4208 καί
1716 4141 1760 4208 τά
1780 4143 1850 4234 περὶ

248 4290 276 4330 ,0
304 4263 360 4319 τοῦ
376 4252 505 4330 παντός,
518 4253 573 4318 καί
584 4251 626 4320 τά
642 4253 713 4343 περί
729 4263 792 4318 τῶν
809 4249 927 4342 ψυχῶν,
942 4254 996 4318 καί
1007 4264 1077 4331 ταῖς
1091 4251 1183 4330 θεαῖς·
1201 4253 1255 4318 καὶ
1270 4255 1309 4319 τό
1325 4253 1502 4344 ἀπόκρυφον
1515 4262 1589 4343 γοῦν
1599 4247 1624 4336 ¹)
1637 4251 1691 4316 καί
1703 4256 1850 4341 αἰνιγμα-

303 4351 401 4438 τῶδες
418 4372 476 4438 τῆς
494 4361 688 4450 σεμνότητος
711 4352 799 4426 ίδιον·
825 4366 859 4426 οῦ
876 4361 936 4452 γάρ
952 4361 1051 4428 ἐθέλει
1067 4362 1104 4427 τό
1123 4363 1235 4451 σεμνόν
1256 4362 1417 4452 πρόχειρον
1435 4355 1513 4426 εἶναι
1529 4371 1594 4436 τοῖς
1609 4361 1748 4434 πολλοῖς·
1763 4359 1851 4424 ὥστε
1960 4427 1961 4434 ,

304 4477 368 4534 τῶν
393 4466 448 4556 μὲν
471 4477 565 4559 τριῶν
589 4470 798 4559 χαρακτήρων
822 4474 838 4533 ό
864 4460 964 4560 ἁδρός,
982 4479 1043 4534 τῶν
1061 4461 1095 4535 δὲ
1111 4468 1193 4536 ἑπτά
1210 4461 1296 4535 ἰδεῶν
1313 4469 1350 4535 τό
1376 4467 1503 4561 μέγεθος
1527 4469 1662 4556 ήρμοσεν
1686 4467 1850 4556 τῷλόγῳ·

302 4575 342 4640 τό
365 4572 426 4665 γάρ
450 4575 561 4663 σεμνόν
585 4575 643 4640 ύπό
667 4575 705 4640 τό
730 4575 861 4666 μέγεθός
878 4579 972 4642 ἐστιν.
990 4579 1024 4644 ‘0
1042 4567 1075 4644 δὲ
1092 4579 1205 4666 τρόπος
1221 4587 1280 4652 τῆς
1300 4566 1504 4650 διδασκαλίας
1530 4578 1639 4663 μικτός
1663 4577 1757 4639 ἐστιν·
1774 4577 1852 4638 ἀπο-

305 4681 453 4770 φαντικός
477 4680 533 4770 μέν
550 4677 604 4762 ῶν,
621 4672 673 4747 διά
687 4681 745 4758 τάς
763 4682 923 4773 λεγούσας·
938 4684 1048 4772 πρέπει
1064 4683 1124 4775 γάρ
1150 4683 1225 4749 θεῶν
1241 4684 1356 4774 λόγοις,
1375 4673 1423 4748 διό
1439 4683 1494 4746 καί
1514 4691 1579 4757 τοῖς
1603 4673 1851 4758 ἐνθουσιάζουσιν

248 4840 277 4878 ,,
305 4789 360 4854 καὶ
382 4799 449 4866 τοῖς
473 4780 682 4880 χρησμῳδοῖς·
708 4792 855 4868 εἰκονικός
880 4782 926 4876 δέ,
943 4781 994 4857 διά
1010 4789 1052 4856 τά
1067 4791 1252 4884 πράγματα·
1268 4791 1306 4855 τό
1323 4787 1383 4883 γάρ
1401 4791 1463 4856 ἀπό
1480 4789 1616 4880 ἀριθμῶν
1641 4779 1854 4856 ἐνδείκνυσθαι

344 4983 368 5058 ¹)
391 4983 430 5040 H.
459 4984 540 5058 μόγις.
565 4983 660 5042 Paulo
688 4984 768 5042 iufra
794 4986 889 5044 codex
916 4987 1047 5044 fortasse
1143 4991 1164 5058 ⁵]
1183 4988 1221 5044 Η.
1241 4986 1307 5044 cod.
1327 4985 1445 5058 ἐρωμένη-

306 5074 414 5137 ἐξέντες.
1142 5075 1165 5149 ⁶)
1184 5075 1255 5131 Cod.
1275 5078 1423 5129 διωκόντων.

342 5165 366 5238 Ι)
384 5163 423 5220 Η.
442 5182 500 5223 om.
522 5167 579 5218 τῶν.
1141 5163 1163 5236 ⁷)
1182 5162 1220 5218 Η.
1239 5161 1371 5220 Primam
1389 5167 1505 5220 tautum
1519 5168 1550 5218 οι
1561 5161 1699 5218 ultimam
1716 5160 1852 5220 litteram

343 5251 368 5326 ⁸)
385 5251 423 5308 H.
443 5255 611 5326 ἁμαρτόντων,
1106 5251 1198 5309 λεύει
1216 5268 1253 5307 οι
1272 5249 1335 5307 οοᾱ.
1354 5249 1418 5308 fere
1437 5250 1574 5310 ενοοίόο.

343 5341 423 5416 ⁴)11.
443 5339 463 5397 ε.
483 5341 508 5398 ο.
1141 5341 1164 5414 ⁸)
1182 5340 1220 5396 H.
1241 5337 1287 5396 ιιι.
