3978 6070
255 463 257 466 ’
304 493 358 548 130
582 485 774 559 Hominum
793 484 929 558 animas
946 482 985 553 ιἰι
1003 481 1104 554 ὑανία
1122 484 1287 578 κώμασαν,
1309 486 1406 559 Plato
1427 487 1568 560 censuit.

298 657 414 748 ψῆφον,
440 658 493 722 καί
515 663 541 722 εἰ
566 647 657 749 μέχρι
673 657 793 724 τούτων
813 658 923 748 μόνων.
941 696 984 707 -
1002 655 1129 720 Τούτων
1147 648 1180 721 δέ
1196 666 1259 721 τῶν
1275 667 1367 747 τριῶν
1385 659 1422 724 τὸ
1446 659 1501 749 μέν
1525 671 1648 751 πρῶτον
1672 655 1862 742 ζητοῦντες,

303 759 439 856 οὑδαμοῦ
456 769 511 832 τὀν
528 767 684 834 Πλάτωνα
700 777 804 856 σαφῶς
820 759 996 856 διορίζοντα
1012 764 1069 842 τάς
1084 766 1258 844 πιπτοὺσας
1275 773 1316 844 εἰς
1334 771 1466 861 ἀλογίαν
1483 767 1594 860 ψυχάς,
1612 771 1666 835 καὶ
1684 770 1860 846 ἀπτώτους

304 878 430 967 εὕρομεν
456 875 508 940 ἀπ’
534 877 700 949 ἀλλήλων·
723 885 785 941 πᾶν
811 868 844 940 δέ
867 877 1049 940 τούναντίον
1078 867 1325 964 ἐνδεικνύμενον,
1350 883 1389 952 ὡς
1415 877 1474 967 ἀρα
1496 879 1599 955 πάσας
1632 882 1732 944 οἴεται
1755 890 1861 944 τοῦτο

303 983 436 1074 πάσχειν
461 985 498 1049 τύ
521 983 629 1061 πάθος,
655 985 716 1049 Καὶ
739 982 798 1074 γάρ
823 989 854 1049 ἑν
880 985 1002 1072 Τιμαίῳ
1026 983 1100 1072 πρὸς
1124 981 1226 1060 πάσας
1240 980 1266 1071 ¹)
1290 989 1305 1046 ὁ
1331 974 1518 1076 δημιουργὸς
1546 983 1603 1062 τάς
1627 982 1728 1076 ψυχάς
1750 987 1862 1077 λέγων

264 1117 277 1156 ι
304 1091 375 1168 τούς
400 1092 600 1182 εἱμαρμένους
624 1093 746 1182 νόμους,
771 1091 830 1163 τὴν
856 1096 1053 1182 ἁμαρτοῦσαν
1078 1085 1162 1156 εἶπεν
1186 1084 1271 1169 ἥξειν
1295 1093 1349 1156 καί
1366 1096 1407 1168 εὶς
1427 1090 1532 1184 θηριον
1556 1093 1657 1183 φύσιν,
1682 1093 1725 1185 μὴ
1751 1085 1865 1160 διελό-

306 1223 393 1299 μενος
418 1200 469 1264 ὅτι
493 1203 574 1264 τισίν
599 1206 667 1266 ἐστι
689 1212 783 1266 τοῦτο
807 1210 964 1291 προσῆκον
988 1197 1113 1289 ψυχαῖς,
1130 1199 1183 1263 καὶ
1204 1203 1238 1265 οὑ
1262 1199 1385 1277 πάσαις.
1410 1203 1471 1266 Καὶ
1492 1207 1523 1267 έν
1547 1192 1688 1294 Φαίδρῳ,
1712 1204 1771 1275 τὴν
1798 1205 1862 1294 μὲν

305 1309 560 1398 φιλοσοφήσασαν
586 1314 627 1383 εἰς
651 1309 689 1373 τὸ
713 1308 791 1372 αὑτὸ
817 1307 909 1396 φησίν
934 1304 1138 1397 ἀφικνεῖσθαι,
1155 1306 1220 1397 τρίς
1244 1308 1395 1396 ἑλομένην
1419 1310 1474 1373 τὸν
1500 1312 1566 1394 βίον
1590 1321 1713 1376 τοῦτον·
1738 1311 1797 1390 τάς
1823 1305 1865 1378 δὲ

306 1417 404 1494 ἀλλας
429 1416 510 1506 μετά
534 1417 588 1481 τόν
612 1425 735 1506 πρῶτον
761 1417 826 1500 βίον
851 1426 961 1507 χωρεῖν
986 1415 1039 1479 καί
1062 1418 1103 1492 εἰς
1125 1414 1229 1506 ἀλογα
1252 1410 1317 1499 ζῷα
1332 1417 1518 1504 πίπτουσαν,
1536 1419 1607 1509 οὐχί
1630 1421 1711 1512 γένει
1735 1417 1864 1512 ψυχῶν,

307 1530 378 1592 ἀλλ’
403 1518 478 1592 εἴδει
491 1523 516 1607 ²)

253 1760 279 1798 ¹⁰
305 1743 328 1808 f.
357 1745 436 1809 181:
453 1734 535 1819 ζωῆς
553 1722 685 1816 ἀποδσύς
705 1739 776 1824 [τὴν
793 1740 946 1816 τοιαύτην
962 1750 1093 1824 πτῶσιν,
1113 1747 1152 1816 ὡς
1176 1742 1230 1806 καί
1245 1746 1315 1828 τῆς]
1338 1742 1505 1833 φιλόσοφον
1528 1745 1594 1827 βίον
1622 1743 1807 1833 [εἱλομένης,
1834 1749 1865 1809 εί

308 1849 349 1940 μὴ
377 1841 497 1925 ἀδόλως
522 1849 784 1939 φιλοψσοφησειεν,
802 1849 930 1915 τ’,αὑτά
953 1860 1023 1926 ταῖς
1049 1849 1159 1926 ἄλλαις
1184 1850 1316 1942 πάσχειν
1333 1854 1389 1916 οὑκ
1406 1851 1649 1944 ἀπεγνωσμένης
1672 1852 1744 1943 παρ’
1769 1859 1862 1937 αὑτῷ

307 1960 361 2024 καί
384 1962 414 2025 ἐν
439 1955 525 2044 αὐτῷ
551 1959 658 2048 μέντοι
681 1951 764 2042 τῷδε
787 1970 832 2043 τῷ
857 1958 943 2048 μύθῳ
966 1957 1068 2050 ψυχῆς
1093 1953 1182 2040 τάξιν
1199 1963 1255 2024 οὑκ
1275 1964 1388 2026 ἐνεῖναι
1403 1963 1596 2052 προείρηκεν,
1621 1952 1673 2027 διά
1696 1964 1735 2028 τὸ
1758 1961 1861 2027 ἀλλον

309 2067 460 2160 αἱρεῖσθαι
486 2069 562 2152 βίον,
586 2067 640 2132 καί
663 2059 728 2133 οὐδ’
754 2067 887 2134 ἐνταῦθα
910 2070 993 2145 τινος
1010 2065 1111 2158 ψυχῆς
1128 2070 1184 2159 ἔφη
1206 2067 1248 2155 μὴ
1267 2073 1378 2135 ἐνεῖναι
1394 2063 1494 2148 τάξιν,
1513 2070 1596 2137 ἀλλά
1613 2068 1715 2162 ψυχῆς
1740 2075 1861 2148 ἁπλῶς,

296 2177 384 2243 ιὥστ’
402 2170 435 2256 ἐξ
452 2176 599 2241 ἀπάντων
616 2174 737 2242 τούτων
754 2171 831 2242 εἶναι
846 2175 882 2240 ἀν
895 2167 1001 2242 λαόεῖν
1012 2176 1049 2258 ³),
1063 2185 1166 2242 πᾶσαν
1183 2178 1278 2242 αὑτὸν
1295 2174 1399 2267 ψυχὴν
1416 2179 1580 2267 ὑπομένειν
1596 2177 1656 2251 τόν
1674 2170 1861 2268 μεταὺολὴν

255 2293 281 2332 ¹⁵
308 2287 430 2359 ταύτην
456 2285 498 2376 μὴ
525 2279 781 2377 ἀπογιγνώσκων·
806 2291 832 2350 εί
856 2275 890 2352 δὲ
914 2274 951 2358 δὴ
978 2275 1075 2360 δῆλον
1090 2285 1115 2368 ⁸)
1140 2285 1197 2361 τάς
1214 2285 1349 2376 ηρωῖκάς
1369 2283 1470 2377 ψυχάς
1494 2281 1691 2379 ἐξηλλάχθαι
1715 2296 1778 2352 τῶν
1801 2309 1862 2350 κα-

307 2395 465 2486 λουμένων
491 2393 687 2485 ἀνθρωπίνων
711 2399 783 2459 κατ’
808 2395 913 2459 ούσίαν
937 2395 1118 2482 ὑπείληφεν,
1143 2388 1277 2472 εἰκάζειν
1301 2387 1432 2473 ἔξεστιν,
1455 2397 1504 2460 ότι
1527 2394 1646 2470 ταύτας
1670 2392 1727 2469 τάς
1751 2391 1861 2482 μέχρις

309 2504 476 2596 ἀνθρώπων
501 2503 646 2596 κατάγει,
671 2500 813 2593 καθάπερ
837 2500 893 2578 τάς
918 2500 1109 2592 ἀνθρωπίνας
1127 2503 1218 2593 μέχρι
1239 2503 1360 2595 θηρίων.
1378 2505 1456 2571 ’Ότι
1480 2495 1513 2570 δὲ
1536 2487 1635 2568 έκεῖνο
1658 2501 1860 2568 πλατωνικόν

308 2618 406 2697 ἐστιν,
426 2605 534 2686 λάόοις
559 2611 596 2676 ἀν
620 2612 707 2700 ἔατε
724 2614 834 2675 τῶνὲν
852 2620 893 2696 τῇ
911 2612 1115 2700 πραγματείᾳ
1131 2610 1233 2698 ταύτῃ
1254 2610 1407 2703 ῥηθέντων
1424 2612 1499 2704 πρὸς
1522 2611 1594 2688 τούς
1621 2610 1859 2702 μυθοπλάστας,

309 2723 362 2786 καί
385 2719 633 2811 ἐπιτιμηθέντων
657 2726 697 2796 ὡς
714 2717 883 2809 ἀνθρώπων
899 2719 972 2795 τούς
989 2721 1091 2810 ἥρωας
1109 2710 1195 2786 οὐδέν
1214 2723 1355 2804 βελτίους
1378 2731 1554 2804 ποιοῦντας,
1572 2720 1626 2786 καὶ
1650 2719 1697 2786 ἐπ’
1722 2721 1859 2794 ἐκείνους

254 2853 282 2890 νο
308 2830 392 2904 πάθη
419 2829 619 2921 προσήκοντα
644 2827 816 2920 ἀνθρώποις
842 2829 1094 2916 ἀναπέμποντας
1119 2829 1172 2893 καὶ
1197 2823 1229 2906 ἐξ
1253 2824 1294 2894 ὧν
1312 2834 1343 2894 ἑν
1360 2829 1514 2919 Κρατύλῳ
1538 2839 1601 2894 τῶν
1626 2820 1780 2918 δαιμόνων
1804 2827 1863 2892 καί

309 2951 373 3006 τῶν
397 2937 565 3031 ἀνθρώπων
589 2942 621 3005 έν
645 2939 731 3028 μέσῳ
754 2939 792 3003 τὸ
816 2948 879 3002 τῶν
903 2937 1012 3029 ἡρώων
1037 2931 1145 3016 ἔταξεν
1170 2943 1278 3028 φῦλον·
1303 2939 1357 3003 καί
1379 2944 1419 3016 ῶς
1444 2945 1472 3004 οί
1496 2930 1639 3029 δαίμονες
1663 2948 1726 3004 τῶν
1749 2935 1862 3026 ἡρώων

310 3047 470 3140 ὑπέρτεροι
492 3045 578 3112 κατά
600 3046 660 3120 τὴν
685 3048 801 3130 οὑσίαν,
826 3047 908 3112 οὑτω
925 3045 997 3122 τοὺς
1013 3047 1116 3136 ἥρωας
1133 3055 1196 3110 τῶν
1221 3044 1388 3136 ἀνθρώπων
1411 3044 1620 3139 ὑψηλοτέρους
1645 3045 1779 3138 θέμενος·
1805 3045 1865 3109 καὶ

295 3157 361 3224 ·ἐπί
377 3155 500 3232 τούτοις
514 3156 576 3221 ἀπὸ
588 3165 655 3220 τῶν
664 3159 694 3221 ἐν
707 3156 820 3244 Νόμοις
837 3146 1054 3245 διωρισμένων,
1073 3159 1104 3219 ἐν
1117 3151 1160 3230 οἷς
1173 3153 1246 3240 ῶςθ)
1266 3154 1341 3220 θεῶν
1358 3153 1422 3246 ῖερά
1435 3156 1487 3222 καί
1500 3155 1606 3234 θυσίας
1622 3157 1677 3221 καὶ
1693 3147 1861 3240 δαιμόνων,

311 3265 408 3340 οὑτως
433 3263 487 3327 καί
509 3272 572 3326 τῶν
597 3261 673 3328 θεῶν
699 3254 818 3328 παίδων
844 3253 1028 3353 ἐδοκίμασεν
1052 3255 1163 3340 σέὺειν,
1180 3273 1246 3338 τοῖς
1266 3267 1380 3328 ἑαυτοῦ
1404 3265 1575 3355 τροφίμοις,
1599 3258 1707 3356 ἑφεξῆς
1731 3262 1863 3327 τάττων

256 3387 284 3426 ²⁸
312 3371 409 3449 θεοὺς,
426 3362 586 3461 δαίμονας,
603 3372 716 3461 ἥρωας,
733 3368 922 3461 ἀνθρώπους,
939 3371 1025 3446 ὁσίας
1041 3362 1289 3462 ὲξηλλαγμένας,
1306 3371 1360 3435 καὶ
1375 3369 1481 3461 ψυχῶν
1498 3374 1572 3463 γένη
1591 3373 1731 3460 τέτταρα
1750 3379 1862 3455 ποιῶν,

311 3477 404 3564 θεῖον,
429 3469 600 3569 δαιμόνιον,
624 3479 768 3569 ἡρωϊκόν,
793 3475 994 3567 ἀνθρώπινον,
1019 3476 1158 3567 καθάπερ
1182 3478 1236 3542 καί
1260 3482 1291 3544 ἐν
1316 3477 1470 3568 Κρατύλῳ

310 3699 334 3764 f.
354 3699 414 3763 181
435 3717 483 3762 v.:
501 3692 543 3759 τά
559 3693 702 3782 ὀνόματα
722 3694 834 3777 [αὑτῶν
852 3697 1029 3759 ἐπισκοπῶν
1047 3684 1198 3782 διώρισεν·
1214 3695 1267 3778 εἰς]
1286 3691 1346 3784 γάρ
1362 3703 1466 3757 ταῦτα
1482 3692 1537 3757 καί
1553 3690 1595 3756 τά
1610 3701 1742 3756 τοιαῦτα
1759 3691 1862 3781 συχνά

311 3805 388 3869 ὄντα
412 3796 592 3891 ἀποὺλέψας
616 3825 673 3877 τις,
698 3799 846 3866 εἰκάσειεν
864 3799 900 3866 ἀν
919 3803 968 3865 ὅτι
983 3799 1040 3876 τάς
1057 3797 1192 3890 ηρωῖκάς
1209 3797 1320 3891 ψυχάς,
1338 3799 1373 3876 ἀς
1397 3803 1554 3866 ἀποκαλεῖ
1575 3793 1690 3876 παῖδας
1714 3799 1801 3885 θεῶν,
1825 3803 1862 3864 οὑ

311 3909 447 4001 κατάγει
469 3910 522 3974 καί
544 3915 587 3986 είς
612 3908 716 4002 θήριον
742 3910 842 4001 φύσιν,
866 3915 906 3986 ῶς
930 3907 986 3985 τάς
1011 3907 1189 3998 ἀνθρώπων·
1214 3900 1284 3972 οὑδὲ
1301 3905 1360 3998 γάρ
1378 3908 1415 3972 ἀν
1431 3911 1479 3973 ἔτι
1498 3919 1540 3994 τῇ
1566 3910 1654 3973 ούσία
1678 3900 1862 3998 διαφέροιεν,

256 4053 284 4091 σο
311 4019 479 4111 ὁμοπαθεῖς
495 4013 620 4106 ούσαιθ)
637 4032 700 4086 τῶν
718 4021 914 4110 ἀνθρωπίνων
933 4011 1170 4107 ὀνομαζομένων
1187 4014 1305 4107 ψυχῶν,
1320 4020 1391 4081 ἀλλ’
1408 4022 1449 4093 εἰς
1466 4012 1634 4106 ἀνθρώπων
1649 4017 1745 4099 βίους,
1757 4015 1862 4104 ὥσπερ

310 4129 368 4208 τάς
392 4120 564 4221 δαιμονίας,
589 4121 654 4196 οὐδ’
677 4133 717 4204 εἰς
742 4126 910 4218 ἀνθρώπων
929 4129 1012 4212 βίους
1030 4124 1195 4200 ἀπτώτους
1220 4128 1311 4202 οὔσας
1336 4130 1377 4200 είς
1394 4124 1523 4214 γένεσιν.
1539 4123 1660 4192 Ἔοικεν
1686 4114 1796 4188 δὲκαὶ
1820 4121 1862 4186 τά

310 4239 486 4332 πράγματα
510 4250 575 4315 τοῖς
599 4238 705 4329 λόγοις
729 4236 852 4312 τούτοις
877 4228 1066 4324 συμόαίνειν·
1092 4226 1140 4300 δεῖ
1161 4244 1235 4324 γοῦν
1259 4244 1424 4323 πανταχοῦ
1446 4244 1515 4308 ταῖς
1541 4232 1693 4322 μεσότησι
1716 4234 1863 4320 συμπλη-

314 4347 438 4439 ροῦσθαι
462 4357 565 4413 πᾶσαν
589 4356 653 4410 τῶν
677 4345 775 4411 ὄντων
800 4344 912 4433 σειράν·
938 4349 978 4418 ὡς
1002 4337 1053 4407 οὑν
1071 4342 1121 4408 ἐπί
1137 4351 1200 4408 τῶν
1219 4341 1373 4430 σωμάτων
1391 4344 1447 4406 οὐκ
1470 4343 1533 4434 ἀπὸ
1557 4351 1620 4406 τῶν
1645 4332 1752 4405 ἀῖδίων
1776 4338 1863 4416 εὐθὺς

311 4454 354 4521 τά
378 4452 548 4545 πάμφθορα
571 4453 631 4528 τὴν
655 4455 773 4546 γένεσιν
798 4454 900 4544 ἔσχεν,
925 4451 1009 4518 ἀλλά
1032 4451 1074 4517 τά
1093 4447 1210 4542 μεταξύ
1229 4451 1349 4517 τούτων
1367 4442 1452 4517 ἀΐδιά
1468 4475 1505 4517 τε
1520 4451 1597 4516 ὄντα
1613 4449 1667 4515 καί
1686 4451 1743 4514 οὑκ
1767 4440 1862 4529 ἀΐδια,

259 4587 287 4627 ιι
313 4563 455 4652 καθάπερ
478 4561 521 4629 τά
545 4573 688 4652 στοιχεῖα
705 4561 746 4627 τά
763 4563 822 4628 ὑπό
840 4561 983 4635 σελήνην·
1001 4561 1099 4638 οὑτως
1116 4562 1176 4653 ἀρα
1192 4561 1247 4626 καί
1263 4570 1326 4626 τῶν
1342 4557 1461 4648 ψυχῶν,
1477 4565 1534 4625 οὑκ
1556 4560 1617 4625 ἀπὸ
1640 4569 1703 4624 τῶν
1729 4558 1778 4626 ἀεί
1800 4557 1863 4623 ἀνω

314 4683 469 4761 μενουσῶν
488 4678 519 4739 αἱ
534 4682 637 4738 πᾶσαν
653 4673 861 4763 ὑπομένουσαι
875 4681 995 4737 πτῶσιν
1012 4671 1202 4748 ὑπέστησαν,
1221 4669 1305 4736 ἀλλά
1329 4670 1421 4760 μέσαι
1434 4669 1576 4754 1τούτων,
1600 4669 1773 4735 πίπτουσαι
1796 4669 1862 4760 μὲν,

314 4781 554 4871 ἐπιστρέφουσαι
578 4770 611 4846 δὲ
634 4785 675 4857 είς
699 4778 755 4856 τάς
779 4778 877 4872 ἀρχάς
900 4779 971 4872 πρίν
995 4785 1037 4857 είς
1062 4777 1155 4866 βάθος
1177 4788 1295 4846 πεσεῖν.
1320 4782 1356 4842 Εἰ
1379 4768 1541 4844 δὲταῦτα
1560 4779 1706 4869 κρατοίη,
1727 4778 1782 4844 καί
1805 4780 1862 4844 ὅσα

353 5067 376 5139 ¹)
394 5066 429 5122 Α.
449 5065 470 5122 f.
490 5065 550 5122 117.
1150 5065 1174 5137 ⁴)
1193 5065 1232 5121 M.
1246 5069 1267 5120 εὶ
1280 5067 1319 5124 δή.
1331 5065 1368 5122 Δ.
1382 5081 1437 5122 om.
1448 5069 1523 5124 δῆλον
1534 5069 1566 5124 οῖ
1577 5063 1668 5139 paulo
1680 5068 1750 5137 post
1762 5063 1862 5126 ταύτας.

351 5156 374 5228 ¹)
393 5156 433 5212 M.
453 5155 552 5212 omnia
570 5172 627 5211 om.
644 5173 739 5230 usque
759 5157 796 5215 εὑ
816 5159 878 5230 τῷδι
897 5161 933 5229 τῷ
954 5179 980 5230 μ.
994 5157 1063 5214 fort.
1151 5157 1174 5230 ὓ)
1192 5157 1290 5209 ῖνιισῦν
1309 5159 1377 5224 νεῶν,
1391 5155 1435 5213 εἰσ
1447 5155 1548 5228 codex,
1567 5173 1622 5212 neo
1639 5152 1728 5212 aliter
1745 5154 1781 5210 A.
1801 5172 1863 5211 cor·

318 5261 410 5319 supra
428 5246 486 5318 leg.
507 5248 652 5308 πιπτούυας.
1115 5243 1195 5303 rexit
1212 5243 1252 5300 M.

352 5335 376 5411 ³)
393 5335 432 5392 Μ.
453 5333 514 5390 εἶναι
532 5334 675 5391 συλλαὺιῒν.
1151 5335 1175 5409 ⁶)
1192 5333 1233 5393 Μ.
1252 5338 1330 5389 θῦσαι.
