4008 6068
277 539 296 596 4
862 527 1010 604 Sanetus
1029 527 1246 604 Athanasius

278 723 383 790 ματα;
409 699 462 776 Τίς
487 692 539 763 οὖν
563 703 582 772 θ
609 699 696 764 αἰτία
720 708 776 764 τοῦ
800 698 952 765 τοσούτου
974 703 1029 791 μί·
1082 709 1273 772 concurrant
1296 708 1329 770 et
1351 703 1493 770 unanimi
1516 703 1638 788 impetu
1662 702 1695 767 in
1712 723 1825 787 serva·

278 831 359 886 σους,
382 813 423 883 ὡς
446 805 567 882 πάντας
584 810 624 884 είς
649 807 726 872 αύτθ
750 797 948 898 συνδραμεῖν,
974 809 1028 874 καὶ
1082 818 1185 879 torem
1210 813 1392 879 insaniant?
1415 811 1497 890 Quid
1521 833 1676 898 oggerere
1699 811 1751 877 hie
1766 811 1825 876 Ju-

277 915 513 1005 ὁρισνοήσαντσις
529 914 613 980 αατθι
630 925 686 980 τοῦ
709 927 848 1007 σωτῆρος
872 927 1010 1005 μανῆναι
1020 944 1028 995 ;
1082 919 1152 985 daei
1168 920 1332 999 habereut,
1349 919 1404 1004 qui
1421 919 1499 986 haee
1521 920 1619 984 verba
1634 919 1673 984 de
1696 917 1824 984 Christo

278 1025 317 1089 Τί
341 1023 378 1088 ἂν
401 1029 497 1088 εἰπεῖν
530 1025 631 1113 ἔχοιεν
662 1021 797 1090 ἐνταῦθα
821 1016 974 1108 Ἰουδαῖοι,
1000 1029 1029 1090 οἱ
1082 1028 1265 1114 intelligere
1288 1028 1424 1095 nolunt?
1448 1027 1565 1095 Dia'ant
1579 1028 1651 1113 quis
1666 1026 1749 1092 alius
1773 1025 1825 1105 ait,

278 1132 322 1222 μὴ
347 1132 533 1220 βουλόμενοι
548 1142 653 1197 ταῦτα
669 1131 804 1198 νοεῖσθαι
820 1140 861 1209 εἰς
879 1134 1028 1223 Χριστόν;
1083 1142 1194 1203 contra
1222 1158 1318 1220 quem
1344 1141 1459 1221 gentes
1483 1135 1689 1213 fremuerint,
1713 1129 1825 1217 popuii

279 1241 466 1306 Είποίτωσαν
490 1242 537 1316 τίς
561 1244 647 1305 ἐστιν
673 1239 780 1326 ἄλλος,
805 1240 869 1306 καθ
896 1237 930 1306 ού
954 1240 1026 1313 ἔθνη
1081 1243 1189 1308 inania
1200 1242 1345 1308 meditati
1357 1248 1443 1326 sunt,
1453 1263 1547 1329 reges
1558 1241 1730 1322 astiterint,
1742 1239 1829 1325 prin·

278 1341 428 1439 ίρρυξαν,
451 1347 525 1413 λαοί
548 1346 624 1413 κεναὶ
651 1349 866 1436 ἐμελέτησαν,
891 1352 1028 1433 βασιλεῖς
1082 1351 1168 1435 cipes
1190 1349 1406 1417 convenerint.

278 1455 492 1547 παρέστησαν,
517 1453 666 1546 ἄρχοντες
690 1455 905 1546 συνήχθησαν.

366 1805 396 1847 v.
421 1782 452 1846 3.
476 1769 695 1868 Διαρρήξωρεν
720 1773 792 1850 τοὺς
817 1765 947 1864 δεσμοὺς
972 1776 1086 1852 αὐτῶν,
1111 1773 1164 1839 καί
1189 1771 1404 1865 ἀπορρίψωμεν
1428 1775 1483 1840 τθν
1508 1769 1602 1866 ζυγὸν
1624 1779 1738 1842 αὐτῶν.

412 1887 648 1970 Dirampamas
671 1887 800 1952 vincula
822 1907 940 1964 eorum,
963 1891 992 1950 et
1009 1886 1225 1968 projiciamus
1248 1909 1269 1952 ιι
1291 1888 1383 1954 uobis
1400 1887 1517 1970 janum
1540 1889 1693 1970 ipsarum.

321 2099 476 2167 Ἐνταῦθα
496 2101 599 2165 λείπει
622 2098 659 2163 τθ
686 2098 863 2188 ‘tineam
881 2151 907 2180 ,,
932 2099 982 2162 ίνα
1006 2093 1025 2184 ᾖ
1128 2100 1191 2168 Ηίσ
1214 2103 1276 2170 1οοί
1299 2103 1512 2170 desideratur:
1536 2104 1693 2185 ιίίοειιίοε,
1718 2107 1755 2170 ut
1786 2104 1829 2170 sit

281 2202 402 2274 διάνοια
415 2209 507 2282 αὕτη·
525 2205 734 2296 Συνήχθησαν
749 2204 833 2270 κατὰ
847 2215 902 2271 τσῦ
917 2199 1029 2294 Χυρίου
1085 2209 1243 2274 sententia
1265 2209 1341 2276 illa:
1364 2211 1465 2277 eoacti
1489 2215 1564 2276 aunt
1591 2211 1740 2276 adversus
1763 2209 1829 2277 Do-

280 2318 335 2384 ααλ
351 2315 435 2383 κατὰ
450 2327 506 2381 τοῦ
521 2322 652 2405 Χριστοῦ
666 2317 772 2397 αὑτοῦ,
787 2314 942 2406 λέγοντες·
961 2322 1032 2378 Δια·
1084 2317 1207 2382 minum
1230 2322 1263 2384 et
1286 2317 1449 2384 Christum
1472 2318 1550 2403 ejus,
1566 2318 1722 2385 direntes:
1747 2317 1831 2384 Cau-

280 2423 424 2516 αθψωμεν
448 2423 519 2500 τούς
544 2415 675 2511 δεσμοὺς
699 2427 811 2490 αὐτῶν·
833 2430 859 2488 Τ
863 2425 950 2503 istem
974 2430 1030 2486 τοῦ
1084 2425 1263 2512 friugamua
1286 2426 1413 2493 vinnula
1428 2447 1549 2493 eorum.
1565 2427 1707 2504 Quorum
1730 2430 1830 2494 nam?

282 2535 402 2622 Πατρθς
426 2531 558 2595 uniret
583 2527 664 2594 Υίοῦ*
688 2527 798 2620 οὐγὰρ
822 2528 934 2602 ἤθελον
959 2532 1031 2594 εἴσω
1086 2531 1191 2598 Patria
1213 2536 1246 2598 et
1269 2531 1353 2598 Filii.
1376 2531 1540 2600 Nolebant
1563 2535 1648 2600 euim
1666 2556 1756 2600 saera
1779 2557 1831 2599 aa·

281 2652 339 2716 τῆς
365 2646 444 2729 ἱερᾶς
459 2635 607 2731 γενέσθαι
624 2639 773 2728 σαγήνης.
798 2633 1030 2726 Ἀπσρρίψωμεν
1086 2658 1169 2722 gena
1185 2639 1348 2704 contineri.
1366 2638 1428 2705 sed
1443 2641 1540 2705 etiam
1555 2641 1760 2726 projiciamus
1777 2641 1830 2724 ju·

282 2741 316 2815 δὲ
340 2749 394 2813 καί
416 2750 471 2813 τὸν
495 2741 601 2837 ζυγὸν,
618 2747 765 2810 τουτέστι
787 2745 843 2810 τὀν
867 2747 1033 2836 εύαγγελι-
1085 2765 1174 2830 gum,
1187 2745 1333 2812 videlicet
1345 2745 1562 2831 evangelicam
1572 2746 1680 2832 legem
1692 2750 1725 2812 et
1740 2769 1832 2812 mau-

282 2859 336 2923 αθν
361 2856 455 2944 νόριον
488 2854 544 2920 καί
566 2853 626 2924 τὴν
651 2852 795 2937 ἐντολὴν,
817 2851 889 2942 περὶ
915 2849 950 2918 σύ
973 2853 1032 2944 γί-
1086 2852 1483 2938 datumdequoseriptum
1493 2859 1554 2920 eat:
1572 2853 1714 2939 “Jugum
1725 2875 1832 2920 meum

282 2983 441 3055 γραπται·
466 2960 501 3026 '0
533 2953 625 3052 ζυγός
657 2983 716 3050 μου
745 2959 883 3048 χρηστός
915 2962 982 3024 ἔστι
997 2955 1031 3042 ¹).
1087 2981 1182 3026 suave
1205 2965 1255 3026 est
1272 3010 1298 3038 ,.
1323 2959 1365 3026 Et
1388 2961 1463 3026 dum
1479 2960 1541 3027 hoa
1560 2960 1625 3026 illis
1648 2961 1829 3046 exprobrat,

283 3081 384 3139 Τοῦτο
407 3071 461 3135 nai
485 3059 641 3146 ὀνειδίζων
666 3071 783 3152 αὐτοῖς,
812 3059 863 3133 διὰ
886 3068 1031 3158 Ἱερεμίου
1086 3067 1212 3135 dicebat
1223 3088 1283 3156 per
1294 3069 1481 3135 Jeremiam:
1501 3067 1660 3134 ‘Dixisse
1677 3067 1753 3134 Nou
1765 3091 1832 3135 ser-

283 3184 400 3272 ίλενεν·
425 3173 530 3255 Binan
555 3179 600 3241 ot
618 3167 774 3280 δουλεύσω
792 3200 839 3241 σοι
850 3174 887 3260 ²),
905 3178 1034 3244 τουτίσ-
1088 3175 1169 3240 viem
1187 3224 1214 3256 ,,
1238 3175 1343 3241 idest
1372 3176 1449 3241 “ita
1478 3198 1583 3242 meam
1614 3182 1761 3242 struxero
1784 3176 1832 3240 vi·

282 3312 332 3353 τιν
356 3288 453 3363 οὕτως
476 3284 670 3362 πολιτιύσω,
701 3285 784 3350 ὥστε
809 3285 1033 3351 ἀποσιίσασθαι
1088 3289 1155 3348 tam
1171 3288 1207 3348 ut
1230 3283 1384 3368 abrogem
1399 3305 1501 3349 meam
1518 3283 1704 3350 servitutem
1721 3332 1748 3363 ,.
1769 3283 1832 3351 Vei

283 3392 344 3462 τὴν
357 3391 436 3482 ἐμὴν
451 3383 606 3457 δουλείαν.
619 3389 658 3454 Ἦ
671 3393 774 3455 τοίνυν
787 3401 891 3456 ταῦτα
908 3393 943 3456 ἐιι
959 3417 1033 3481 προ·
1088 3390 1216 3456 interim
1241 3413 1278 3456 ea
1292 3390 1378 3458 dieta
1392 3396 1467 3456 sunt
1483 3391 1516 3456 in
1535 3412 1671 3476 persona
1692 3390 1714 3457 J
1716 3389 1833 3456 udaeo-
1851 3417 1861 3428 ·

285 3500 390 3565 σὼπσυ
413 3508 476 3565 τῶν
501 3487 657 3563 Ἰουδαίων
681 3498 814 3586 εἴρηται,
839 3495 1033 3563 ὰθετούντων
1089 3521 1171 3578 rum,
1187 3499 1242 3581 qui
1258 3502 1464 3564 contemnunt
1479 3498 1607 3564 obedire
1623 3497 1778 3575 Domin03
1795 3518 1833 3562 ae

285 3608 345 3682 riv
362 3613 404 3683 et;
424 3609 479 3672 τθν
497 3607 606 3696 Κύριον
623 3606 798 3697 ὑποταγὴν,
816 3606 869 3669 καὶ
884 3608 957 3672 οὔτε
981 3611 1035 3672 αὐ·
1090 3625 1191 3689 neque
1213 3603 1323 3687 ipsius,
1342 3625 1445 3688 neque
1462 3604 1567 3670 Patris
1589 3603 1648 3670 sub
1668 3605 1750 3690 jugo
1766 3625 1834 3670 esse

285 3727 342 3800 τῷ,
366 3717 439 3780 οὔτε
463 3723 509 3798 τῷ
533 3713 633 3803 ΙΙατρί
656 3705 846 3802 ύποζεύχθαι
870 3711 1034 3777 θελόντων.
1089 3710 1212 3778 volunt.
1223 3709 1286 3776 Vel
1298 3710 1393 3774 etiam
1406 3709 1607 3776 credentibus
1620 3709 1759 3794 Spiritus
1770 3709 1832 3775 hou

280 3811 320 3891 ‘fl
343 3824 398 3889 καί
421 3833 486 3898 τοῖς
509 3820 694 3887 πιστεύσασι
717 3822 754 3884 το
772 3827 898 3908 Πνεῦμα
917 3843 1036 3910 παρεγ-
1089 3818 1266 3898 denuntiat,
1283 3821 1316 3882 et
1330 3817 1421 3883 diait:
1440 3816 1614 3884 Careamus
1630 3817 1749 3883 similes
1764 3817 1834 3882 fieri

284 3943 358 4024 γυᾷ,
381 3931 435 3998 καί
458 3930 553 4020 λέγει·
580 3929 627 4001 Μὴ
653 3928 853 4019 ὁμοιωθῶμεν
878 3939 944 4006 τοῖς
968 3933 1037 3994 ἐπι·
1089 3925 1345 4010 eonspirautibus
1359 3925 1392 3990 iu
1412 3924 1586 4006 Christum,
1602 3930 1659 3993 aut
1683 3926 1835 4011 conjungi

286 4037 472 4108 θουλεύσασι
487 4047 533 4122 τῷ
548 4043 679 4128 Χριστῷ,
697 4029 780 4127 μηδὲ
795 4029 1036 4128 συνδηθῶρεν’)
1090 4033 1221 4100 consilia
1243 4055 1316 4099 euru
1339 4031 1421 4110 iltis;
1445 4032 1499 4098 sed
1530 4037 1563 4099 et
1594 4053 1692 4118 grave
1714 4032 1832 4098 veteris

286 4153 392 4226 αὐτοῖς
416 4145 501 4214 κατὰ
525 4143 585 4219 τὴν
602 4146 758 4238 ὁμόνοιαν.
777 4143 880 4210 ’Χλλίι
903 4145 957 4210 καί
980 4147 1035 4211 τὸν
1089 4143 1173 4228 legia
1192 4143 1308 4229 jugum
1327 4163 1540 4222 amoveamus,
1556 4141 1637 4207 nihil
1660 4141 1834 4208 aestimau-

288 4255 384 4348 βαρύν
408 4265 464 4320 τοῦ
480 4257 617 4319 παλαιοῦ
634 4253 730 4343 νόμου
755 4245 848 4343 ζυγὸν
873 4255 1038 4317 ἀποτεινα·
1090 4255 1140 4317 tes
1163 4251 1280 4336 typica,
1304 4251 1365 4317 nisi
1387 4251 1421 4316 in
1447 4251 1563 4335 spiritu
1586 4249 1833 4334 intelligentam

286 4357 424 4454 ἰώμεθα,
442 4352 541 4450 μηδὲν
557 4358 729 4450 ἡγούμενοι
745 4357 787 4423 τὰ
810 4363 840 4423 ἑν
865 4357 984 4440 τύποις,
1010 4363 1037 4423 εί
1090 4380 1164 4424 uam
1191 4357 1398 4424 emolumenti
1429 4356 1512 4422 nihil
1539 4357 1653 4422 umbra
1678 4359 1832 4442 praestat,

287 4469 330 4562 μὴ
362 4481 483 4536 νοοῐντο
514 4477 749 4558 πνευματικῶς·
781 4465 945 4543 ἀσοντελὲς
975 4466 1036 4557 γὰρ
1090 4466 1151 4532 nisi
1175 4463 1294 4532 Christi
1316 4464 1503 4550 mysterium
1526 4463 1705 4530 adumbret.
1762 4487 1765 4492 '

286 4580 361 4670 προς
384 4580 491 4652 ὄνησιν
507 4583 527 4652 ἡ
546 4577 630 4663 σκιίι,
648 4577 735 4666 εἰμὴ
754 4577 791 4642 τὸ
808 4581 940 4659 Χριστοῦ
963 4598 1037 4663 μυσ-

288 4690 395 4779 τήριον
419 4681 620 4779 ζωγραφεῖθ).

326 4955 348 5029 ¹)
365 4953 474 5012 Matth.
492 4969 534 5024 xi,
553 4953 598 5009 30.
1124 4949 1148 5023 ³)
1167 4948 1237 5007 cod.
1257 4951 1419 5020 συνθιοῦριν.

324 5045 475 5122 ¹)Jerem.
494 5060 527 5118 ιι,
546 5045 592 5102 θθ.
610 5042 680 5103 Οσιλ.
700 5044 856 5098 ineuntes.
1123 5045 1146 5114 ⁴)
1165 5039 1208 5097 of.
1227 5039 1336 5098 Euseb.
1355 5037 1386 5095 in
1405 5039 1493 5096 Anat
1512 5041 1534 5094 t.
1552 5051 1598 5108 ιιι,
1617 5053 1646 5108 p.
1665 5033 1727 5090 371.
