3978 6070
245 519 298 582 100
637 513 790 606 Quatuor
807 528 925 588 rerum
943 513 1083 590 οιίίεαίσ
1101 511 1205 588 solent
1224 511 1388 588 adhiberi.

247 692 337 778 τίμια
354 682 532 777 νομίζουσα,
546 687 587 754 τά
602 680 635 754 θέ
652 689 805 764 ἀληθινῶς
823 687 927 778 ἀγαθά
942 696 1119 778 παρορῶσα,
1132 687 1301 776 περιπετὴς
1318 687 1462 778 γίγνεται
1478 696 1543 761 τοῖς
1560 685 1656 760 ὅντως
1673 692 1789 759 κακοῖς.
1973 655 1974 698 ί

246 797 306 862 Καί
329 797 411 861 οὕτω
436 787 473 869 δή
496 795 552 874 τάς
569 802 683 872 ἑαυτῆς
701 799 815 886 όφείλει
832 798 942 887 κρίσεις
961 794 1119 861 αἰτιᾶσθαι
1136 805 1198 860 τῶν
1217 795 1383 886 μοχθηρῶν
1401 795 1557 884 αἰρέσεων,
1584 793 1626 885 μή
1651 790 1790 874 ζητοῦσα

246 904 318 981 τοὺς
344 907 438 989 βίους,
463 909 493 971 ἐν
518 902 560 983 οἷς
584 906 621 970 τό
647 904 763 997 ἀγαθόν
788 915 895 970 πασῶν
910 901 944 990 Ι),
963 908 1034 969 ἀλλ’
1052 909 1083 970 ἐν
1100 901 1142 980 οἷς
1159 903 1200 968 τά
1225 895 1387 994 ἀδιάφορα,
1413 908 1544 968 πλοῦτοι
1567 902 1621 968 καί
1645 895 1790 992 δυνάμεις

246 1011 300 1076 καί
316 1011 450 1100 σώματα
468 1012 624 1103 ρίωμαλέα·
644 1004 725 1100 μηδὲ
741 1012 899 1103 φεύγουσα
915 1011 986 1088 τοὺς
1002 1009 1172 1102 ἔχοντας’)
1193 1013 1348 1102 ἑπομένην
1365 1011 1426 1085 τὴν
1446 1013 1570 1102 χείρονα
1594 1004 1689 1096 ζωὴν,
1708 1009 1791 1074 ἀλλά

206 1152 219 1189 ι
247 1120 319 1197 τοὺς
342 1122 447 1197 πενίας
472 1122 619 1212 φέροντας
643 1121 663 1194 ἢ
689 1119 846 1197 ἀσθενείας
871 1121 1025 1211 σωμάτων
1050 1119 1069 1195 ή
1096 1124 1233 1211 ἀτιμίας.
1255 1125 1373 1188 Οὔκουν
1397 1119 1513 1192 ἑαυτήν
1538 1119 1697 1186 αἰτιᾶσθαι
1717 1145 1793 1208 προ-

248 1230 338 1304 σήκει
355 1229 415 1301 τήν
432 1226 545 1319 ψυχήν,
564 1235 602 1306 ὡς
620 1229 663 1318 μή
689 1230 892 1321 χρησαμένην
916 1226 958 1306 οἷς
974 1231 1040 1320 ἔχει
1056 1232 1225 1321 κριτηρίοις
1250 1227 1423 1320 ἀψεύστοις,
1441 1229 1524 1294 ἀλλά
1540 1240 1604 1306 τοῖς
1622 1229 1791 1319 μοχθηροῖς

247 1337 356 1402 κανόσι
380 1348 442 1404 τῶν
467 1337 592 1429 ἀγαθῶν
617 1339 671 1402 καί
694 1349 756 1404 τῶν
781 1341 945 1417 ἐναντίων;
962 1341 1067 1404 καίτοι
1091 1337 1193 1404 θεόθεν
1217 1331 1358 1404 λαθοῦσα
1380 1337 1422 1404 τά
1441 1339 1537 1416 όντως
1560 1340 1705 1430 κριτήρια
1728 1348 1792 1402 τῶν

247 1448 434 1532 ὄντων,καί
458 1453 488 1514 ἐν
513 1447 635 1524 τούτοις
661 1447 714 1537 μέν
739 1450 855 1538 ἔχουσα
878 1448 915 1514 τό
936 1443 1093 1523 εἶναιτοῖς
1110 1439 1144 1513 δὲ
1162 1449 1307 1538 χείροσιν,
1331 1453 1370 1524 ὡς
1394 1452 1599 1539 ὑπηρετοῦσιν
1624 1451 1654 1513 ἐν
1679 1444 1722 1524 οἷς
1746 1438 1795 1512 θεῖ

248 1556 392 1648 κειμένη

197 1800 222 1837 ιι
249 1776 273 1841 f.
298 1777 340 1841 94
364 1799 405 1856 ν,
423 1773 578 1840 deficiunt
594 1775 613 1840 5
632 1796 732 1840 νοτες
758 1771 890 1837 ...ἀλλ’
908 1775 963 1837 ἑαυ
977 1823 983 1835 .
999 1822 1027 1836 ..
1052 1771 1106 1836 καὶ
1122 1767 1201 1838 εἷποι
1219 1771 1285 1838 θεοῦ
1306 1773 1514 1866 λέγοντος...
1541 1785 1603 1840 τῶν
1627 1777 1793 1866 κριτηρίων

250 1884 281 1948 ἐν
306 1881 373 1947 σοί.
388 1932 415 1945 ..
439 1879 480 1946 τά
497 1885 527 1945 ἐν
548 1882 597 1945 σοί
611 1884 773 1958 παντελῶς
799 1879 898 1970 ἀτιμά
912 1933 919 1949 .
934 1935 964 1949 ..
989 1879 1071 1969 μετά
1087 1881 1121 1946 σὲ
1137 1880 1196 1952 τὴν
1213 1890 1317 1946 πᾶσαν
1334 1882 1499 1972 ἀπονέμεις
1516 1894 1626 1974 μοῖραν
1642 1939 1648 1952 .
1666 1937 1695 1953 ..
1719 1889 1793 1949 ὑπο-

250 1987 443 2078 τυφλώσασα
459 1980 498 2053 δι’
517 1991 640 2053 ἐκείνων
656 1987 697 2054 τά
713 1991 744 2055 ἐν
763 1988 810 2052 σοί
834 1992 907 2053 κατ’
925 1991 1030 2054 οὐσίαν
1048 1989 1167 2054 ἐνόντα·
1184 2000 1287 2054 ταῦτα
1311 1989 1370 2080 γάρ
1395 1991 1620 2082 ἐναργέστατα·
1647 1990 1714 2057 θεόν
1740 1993 1794 2081 μὲν

251 2091 363 2186 ἐξαίρει
375 2097 478 2173 πάσης
492 2099 594 2173 αἰτίας
611 2107 714 2162 κακῶν
726 2095 763 2180 ³),
780 2096 826 2162 ἐπ’
846 2095 944 2168 αὐτὴν
962 2086 996 2162 θὲ
1013 2100 1155 2188 ἀναφέρει
1171 2097 1230 2168 τὴν
1248 2095 1350 2188 ψυχὴν
1368 2093 1409 2163 ὧν
1424 2099 1595 2190 ἁμαρτάνει
1608 2099 1666 2170 τήν
1681 2103 1795 2176 αἰτίαν,

252 2205 294 2297 μή
320 2205 484 2297 χρωμένην
500 2217 565 2282 τοῖς
582 2205 699 2271 οἴκοθεν
717 2207 895 2296 κριτηρίοις,
912 2203 995 2268 ἀλλά
1013 2215 1078 2282 τοῖς
1094 2216 1284 2295 σωματικοῖς
1302 2206 1373 2269 ἀντὶ
1396 2216 1458 2272 τῶν
1480 2204 1631 2297 ψυχικῶν,
1655 2208 1709 2272 καί
1732 2218 1796 2284 τοῖς

199 2335 224 2372 1⁵
251 2314 367 2392 ἐνάλοις
391 2315 462 2380 ἀντί
486 2325 548 2380 τῶν
574 2316 685 2392 άόλων,
703 2309 744 2379 ὧν
765 2320 798 2378 αἰ
821 2313 949 2406 γνώσεις
974 2313 1272 2406 ἐσκιαγραφημέναι,
1289 2314 1343 2379 καί
1360 2314 1463 2379 ἀλλων
1489 2308 1797 2406 ἀντιλαμόανόμεναι

252 2423 413 2508 τοιοίιτων,
436 2424 490 2488 καί
513 2414 627 2488 εἰθωλα
650 2421 880 2514 γιγνώσκουσαι
896 2434 959 2489 τῶν
978 2422 1102 2515 ἀγαθῶν
1120 2423 1191 2487 ἀντί
1206 2433 1270 2488 τῶν
1294 2421 1460 2497 ἀληθινῶν·
1486 2428 1552 2488 οὐτ’
1577 2419 1629 2489 οὖν
1653 2423 1713 2496 τήν
1737 2425 1799 2490 Λά-

252 2554 349 2621 χεσιν,
363 2533 435 2596 οὔτε
452 2531 511 2602 τὴν
529 2533 671 2622 μοιραίαν
688 2526 788 2614 τάξιν,
810 2534 881 2597 οὔτε
899 2531 965 2598 θεὸν
983 2533 1061 2607 όλως
1079 2531 1237 2596 αἰτιατέον
1255 2525 1296 2594 ὧν
1315 2531 1483 2622 αἱροίμεθα
1502 2532 1676 2624 μοχθηρῶς·
1695 2527 1797 2612 ἔξεστι

252 2638 312 2731 γάρ
329 2639 383 2702 καί
398 2643 428 2705 ἐν
446 2649 514 2716 ταῖς
531 2639 690 2727 αἱρέσεσιν,
708 2638 779 2716 τοὺς
797 2642 937 2728 ἀμείνους
956 2640 1025 2704 ἀντὶ
1040 2649 1103 2704 τῶν
1120 2639 1275 2730 χειρόνων,
1293 2644 1333 2716 ὡς
1350 2643 1483 2731 ἐγχωρεῖ
1507 2643 1589 2725 βίους
1606 2641 1798 2734 ἐκλέγεσθαι·

253 2748 306 2811 καί
329 2752 355 2812 εἰ
379 2757 424 2830 τῷ
449 2751 464 2810 ὁ
488 2755 602 2838 κλῆρος
627 2749 759 2836 ἔσχατος
782 2748 911 2828 εἰη,καί
935 2739 974 2812 δι’
991 2746 1029 2819 θν
1047 2746 1119 2810 τινά
1136 2769 1213 2812 ποτε
1231 2749 1333 2812 αἰτίαν
1349 2757 1414 2825 τοῖς
1430 2750 1565 2839 χείροσιν
1590 2751 1798 2839 ἐνισχόμενον,

199 2890 226 2928 20
254 2853 297 2944 μή
317 2858 445 2945 ἀμελεῖν
464 2858 585 2945 ἀρετῆς·
604 2857 686 2945 εἰπερ
715 2847 952 2932 “ἀθέσποτοςή
972 2854 1074 2946 ἀρητὴ
1094 2906 1119 2939 ,,
1137 2855 1239 2920 καὶέν
1263 2846 1365 2920 οὐθενί
1387 2865 1451 2920 τῶν
1477 2858 1550 2940 βίων
1576 2859 1799 2924 ἀποκέκλειται

253 2965 291 3028 τό
315 2965 396 3039 ὅπως
420 2957 472 3027 οὖν
489 2973 584 3053 τιμᾶν
610 2962 737 3053 ἀρετήν,
760 2965 816 3028 καί
838 2965 932 3030 πλέον
958 2963 1057 3034 αὐτὴν
1081 2975 1225 3054 τιμῶντα
1247 2965 1388 3041 πλείονος
1413 2967 1510 3042 αὐτῆς
1535 2967 1797 3059 μεταλαγχάνειν.

254 3079 402 3138 Τοσαῦτα
425 3072 485 3144 τήν
508 3071 637 3163 πρώτην
662 3066 908 3163 ἐχρησμῴθησεν
932 3083 1002 3148 ταῖς
1026 3070 1139 3162 ψυχαῖς
1163 3076 1178 3136 ό
1202 3071 1378 3162 προφήτης,
1398 3073 1483 3137 οὕτω
1507 3064 1665 3163 διανείμας
1690 3079 1798 3150 αὑταῖς

254 3178 325 3255 τοὺς
349 3179 493 3270 κλήρους·
516 3178 559 3246 τά
576 3170 610 3245 δε
635 3171 672 3252 ἰή
699 3189 765 3257 τοῖς
788 3180 892 3272 λόγοις
915 3180 1053 3269 ἑπόμενα
1077 3181 1152 3270 ἔργα
1177 3179 1390 3271 θεωρήσωμεν,
1414 3181 1472 3245 ὅσα
1495 3179 1707 3271 προστίθησιν,
1733 3181 1803 3272 ἅμα

255 3288 355 3379 λέγων
379 3298 483 3353 ταῦτα
507 3279 558 3354 διά
582 3297 645 3352 τῶν
669 3291 713 3378 ἐφ’
738 3281 819 3366 ἑξῆς·

523 3518 568 3581 -ζ-
590 3511 689 3571 Ταῦτ’
704 3506 729 3588 ⁴)
753 3505 881 3572 εἰπόντα
906 3502 990 3597 ῥῖψαι
1014 3504 1065 3570 ἐπί
1088 3505 1209 3582 πάντας
1232 3504 1304 3582 τοὺς
1326 3505 1471 3597 κλήρους,
1492 3519 1538 3582 -ζ-

523 3627 568 3690 -ζ-
593 3615 658 3700 [τόν
684 3607 717 3680 δέ
740 3621 813 3705 παρ’
839 3615 933 3680 αὐτόν
957 3615 1095 3680 πεσόντα
1112 3615 1243 3679 ἕκαστον
1268 3613 1468 3704 ἀναιρεῖσθαι,
1493 3628 1537 3690 -·,-

524 3735 567 3798 ÷
590 3721 674 3796 πλὴν
692 3717 736 3788 οὗ·
749 3721 764 3787 ἐ
778 3715 811 3788 θέ
827 3727 882 3788 οόκ
899 3726 961 3789 ἐᾶν·
979 3731 1024 3806 τῷ
1039 3714 1073 3788 δὲ
1090 3722 1263 3811 ἀνελομένῳ
1281 3713 1377 3796 δῆλον
1395 3717 1472 3788 εἶναι
1495 3737 1538 3799 -ζ-

524 3845 569 3906 -ζ-
592 3831 724 3908 ὁπόστος
737 3833 884 3921 εἰλήχειν·
900 3830 982 3921 μετά
999 3823 1032 3896 ἀὲ
1048 3842 1143 3897 τοῦτο
1158 3826 1242 3908 αὖθις
1260 3829 1301 3896 τά
1314 3841 1376 3895 τῶν
1395 3832 1469 3915 βίων
1493 3847 1537 3908 ÷

524 3951 573 4016 -27
590 3931 837 4029 παραδείγματα
861 3944 902 4014 εἰς
918 3940 957 4004 τὸ
973 3937 1104 4030 πρόσθεν
1122 3948 1205 4028 σφῶν
1223 3937 1318 4004 θεῖναι
1337 3938 1387 4003 ἐπὶ
1411 3937 1470 4011 τήν
1493 3953 1538 4017 -ζ-

524 4062 569 4126 -ζ-
592 4051 676 4140 γῆν,]
699 4048 779 4114 πολὺ
803 4050 900 4114 πλείω
922 4058 985 4113 τῶν
1009 4049 1181 4141 παρόντων.
1205 4061 1249 4125 ÷

306 4265 401 4354 Ὁμοῦ
426 4265 481 4355 μὲν
505 4275 570 4342 τοῖς
593 4264 698 4356 λόγοις
723 4253 894 4330 ἀποθίθωσι
916 4263 975 4336 τὴν
1000 4273 1063 4329 τῶν
1087 4265 1210 4355 κλήρων
1236 4255 1388 4354 διανομήν
1413 4269 1455 4340 εἰς
1478 4267 1592 4355 ἐναργῆ
1607 4261 1633 4345 ⁵)

261 4482 285 4548 f.
305 4483 378 4561 153,
394 4482 430 4548 in
445 4482 562 4549 lacuna
579 4484 598 4550 6
614 4504 714 4550 νοσεῖ
736 4471 899 4566 ίθείκνυσιν
917 4491 971 4546 τοῦ
989 4481 1041 4545 καὶ
1058 4479 1114 4557 τάς
1132 4481 1250 4557 νοήσεις
1267 4489 1330 4545 τῶν
1347 4480 1531 4570 κρειττόνων
1555 4486 1645 4569 ήμῶν
1669 4479 1805 4555 ποιήσεις

262 4587 347 4663 τινάς
371 4582 458 4674 εἶναι,
482 4589 535 4654 καὶ
559 4592 630 4655 οὔτε
653 4592 788 4676 ποίησιν]
808 4595 881 4681 παρ’
899 4590 1022 4665 ἐκείνοις
1042 4588 1124 4675 [ἄνευ
1141 4589 1274 4664 νοήσεως
1292 4586 1451 4678 ὑπάρχειν·
1477 4587 1602 4676 φύσεως]
1627 4585 1686 4678 γάρ
1711 4597 1807 4652 τοῦτο

262 4687 349 4773 ίθιον,
374 4697 446 4762 οὔτε
473 4696 590 4782 [νόησιν
608 4691 684 4762 εἶναι
699 4697 875 4784 ποιήήσεως·
893 4692 994 4786 ψυχῆς
1012 4695 1071 4786 γάρ
1089 4693 1276 4762 εἶναιτοῦτο
1297 4698 1446 4786 [μερικης
1464 4697 1512 4760 ἵνα
1529 4690 1580 4760 οὖν
1599 4695 1686 4780 νοῶν]
1712 4693 1765 4758 καί
1788 4691 1808 4757 ἃ

300 4995 322 5064 ¹)
343 5019 428 5052 τασυι
448 4998 513 5058 sino
532 4999 612 5074 apice
636 4999 700 5057 cod.
720 5005 750 5056 εί
768 5000 796 5057 Δ
814 4999 881 5057 fort.
901 5001 938 5057 ob
957 4999 1009 5058 ali·
1098 5003 1121 5074 ⁸)
1139 4999 1276 5073 Reipubl.
1295 5015 1323 5070 x,
1342 4999 1404 5054 814„
1425 5001 1512 5051 Ταῦτα
1532 4999 1632 5051 εἰπόντα
1651 5005 1706 5052 κτλ.

265 5109 354 5164 quam
373 5092 578 5164 corruptelam.
1099 5091 1122 5162 ⁵)
1142 5089 1232 5146 Sexto
1245 5087 1354 5145 codicis
1367 5085 1460 5144 series
1473 5093 1562 5160 rupta
1575 5087 1754 5145 transfertur
1770 5087 1809 5144 ιιιί

300 5183 376 5256 ¹)A.
394 5200 423 5257 p.
440 5181 485 5239 83.
1063 5181 1113 5237 fol.
1134 5181 1194 5252 153,
1213 5178 1325 5235 Δίἰιιίίο
1345 5184 1498 5252 sequente,
1512 5178 1565 5237 sed
1578 5177 1679 5250 tacito,
1699 5177 1731 5234 in
1744 5177 1807 5235 cod.

301 5273 324 5346 ³)
341 5271 378 5328 In
396 5291 490 5345 marg.
504 5273 521 5328 6
534 5272 674 5331 versiculi
691 5291 847 5348 evanuere,
866 5291 901 5331 ευ
920 5273 1010 5332 simul
1063 5269 1183 5326 Barber.
1203 5267 1254 5325 fol.
1266 5269 1303 5324 83
1314 5286 1410 5340 verso,
1426 5267 1478 5342 qui
1491 5267 1610 5324 saniora
1622 5285 1712 5340 quam
1728 5283 1808 5324 nuno

267 5363 361 5420 altera
379 5361 498 5420 brevior
515 5369 595 5419 nota„
1064 5366 1096 5417 et
1115 5359 1207 5416 multo
1226 5359 1313 5432 plura
1331 5359 1432 5432 legere
1450 5357 1558 5434 potuit.
