4022 6072
872 559 932 634 ¹io
944 557 1108 652 psalmos.
1235 575 1237 580 ·
1737 573 1772 630 87

237 737 327 802 τέστι
342 737 378 801 τό
395 736 463 825 περὶ
480 741 575 801 αὐτοῦ
590 747 660 825 φῶς·
676 730 890 802 ἀναόάλλεται
904 735 974 826 γάρ,

211 845 213 859 “
228 845 329 933 ἤγουν
340 835 481 907 ἐνθόεται
492 851 554 932 φῶς
565 849 605 920 ὡς
618 843 739 934 ίμάτιον
751 841 786 928 ¹),
798 844 857 908 Καὶ
869 847 973 918 ἁπλῶς

229 953 267 1015 τό
293 953 425 1041 ἀόρατον
445 959 502 1024 τῆς
520 950 636 1040 φόσεως
654 957 760 1037 αὐτοῦ,
779 943 829 1015 dri.
853 950 973 1014 τούτων

229 1048 459 1145 παιδευώμεθα.
482 1060 526 1122 Τό
549 1056 608 1148 γάρ
634 1058 725 1123 οἱονεί
748 1049 976 1128 δυσκατάληπ-

232 1191 297 1250 τον,
320 1167 372 1229 καί
388 1157 469 1255 ὕδωρ
494 1167 652 1230 σκοτεινόν
677 1170 708 1229 ἐν
729 1167 840 1254 νεφέλῃ
868 1165 975 1253 ἀέρων.

229 1273 393 1344 Ζητητεόν
419 1263 452 1337 dt
476 1271 561 1356 drr’)
585 1275 695 1348 όΘεός
722 1283 783 1361 φῶς
808 1273 887 1356 ὲστί,
910 1281 974 1348 πῶς

229 1381 382 1447 καλόπτει
396 1382 510 1446 σκότει·
528 1381 547 1453 ἢ
566 1382 652 1470 τάχα
666 1388 705 1458 ὡς
721 1383 918 1446 καλόπτεται
932 1392 971 1466 τῇ

229 1493 340 1582 ἀγνοίᾳ
355 1494 393 1555 τό
409 1491 647 1580 γινωσκόμενον,
670 1493 739 1566 ἥτις
757 1497 796 1567 ὡς
820 1492 894 1578 πρός
919 1491 973 1554 τόν

228 1597 437 1689 γινώσκοντα,
459 1597 529 1662 ἀλλ’
548 1602 582 1663 οὺ
606 1600 680 1688 πρὸς
705 1599 741 1662 τό
759 1595 974 1689 γιγνωσκόμε-

227 1730 289 1788 νον,
312 1704 476 1797 λέγεταιῆ
502 1705 625 1796 γνόφος,
642 1706 661 1778 ἢ
680 1699 767 1797 σάρξ·
793 1707 889 1781 Μέσος
913 1704 973 1795 γάρ

227 1820 317 1902 ἡμῶν
345 1839 380 1880 τε
397 1815 519 1880 καὶτοῦ
537 1820 616 1880 Θεοῦ
641 1820 657 1878 ὁ
681 1815 859 1905 σωματικός
884 1809 973 1889 οὗτος

229 1928 359 1988 ἵσταται
381 1923 508 2013 γνόφος.

274 2354 329 2418 Ἐκ
346 2343 379 2419 δὲ
395 2365 452 2430 τῆς
467 2354 536 2444 περὶ
552 2355 682 2444 νεφέλης
700 2340 898 2445 φυσιολογίας
911 2379 975 2420 πει-

229 2461 369 2550 ραθῶμεν
395 2469 435 2538 εἰς
453 2465 569 2528 ἔννοιαν
587 2473 649 2527 τῶν
667 2463 835 2553 εἰρημένων
861 2462 972 2530 ἐλθεῖν.

230 2571 350 2658 Νεφέλη
367 2572 450 2635 ἐστιν
465 2569 524 2660 ἀὴρ
537 2571 640 2660 παχὺς
657 2574 691 2634 ἑκ
708 2581 765 2646 τῆς
778 2577 872 2662 ὑγρῆς
890 2569 974 2636 κατά

227 2677 287 2768 γὴν
299 2676 530 2765 ἀναθυμιάσεως
544 2673 850 2765 συνιστάμενος,είτα
860 2701 975 2766 μετεω-

229 2784 339 2874 ρισθεὶς
356 2797 420 2862 τοῖς
434 2785 567 2874 ἀνέμοις
585 2787 660 2852 όταν
678 2779 762 2872 λάθη
780 2785 852 2876 παρ’
871 2789 973 2850 αὐτῶν

227 2887 391 2985 ἀξιόλογον
416 2891 592 2982 ἀθροισμὸν,
615 2895 668 2957 καί
692 2895 729 2958 τό
752 2896 787 2958 ἐκ
811 2903 869 2969 τῆς
892 2896 975 2959 ἐνεσ-

226 3002 385 3090 παρμένης
403 3004 488 3083 αὐτῷ
504 2993 623 3077 νοτίθος
641 3001 731 3092 βάρος
750 3002 854 3066 ἱκανόν
879 3002 974 3094 γένη-

226 3131 290 3188 ται,
314 3107 389 3172 τότε
406 3107 561 3198 σταγόνας
578 3113 619 3184 εἰς
636 3107 694 3178 τὴν
712 3120 772 3199 γῆν
790 3111 903 3197 έφίησι·
921 3109 975 3172 καί

228 3215 307 3286 αὕτη
334 3225 396 3280 τῶν
421 3207 543 3304 όμόρων
562 3221 581 3288 η
601 3215 687 3304 φόσις
705 3217 765 3280 ἀπὸ
789 3227 847 3308 γῆς
873 3217 973 3308 ἀρχὴν

227 3321 375 3410 ἑχόντων,
389 3323 442 3384 καὶ
466 3313 516 3386 tot
535 3323 621 3412 ἀέρος
637 3322 732 3386 πάλιν
754 3323 805 3387 ἐπὶ
828 3321 887 3394 τὴν
913 3335 973 3414 γῆν

228 3427 411 3518 φερομένων.
444 3437 587 3494 Τοιοῦτοι
611 3430 666 3494 καί
689 3437 717 3495 οἱ
745 3432 915 3520 προφηταί,
939 3436 974 3497 ἐκ

230 3537 285 3624 μέν
309 3548 367 3613 τῆς
392 3549 495 3614 κοινῆς
518 3539 633 3626 φύσεως
650 3539 838 3628 ὡρμημένοι,
864 3530 915 3602 dri.
941 3531 974 3605 θὲ

227 3644 433 3734 καθαρότητα
457 3641 558 3734 ψυχῆς
583 3657 622 3732 τῇ
650 3637 778 3734 λυνάμει
801 3655 855 3710 τοῦ
881 3645 975 3710 {lvst-

226 3775 325 3839 ματος
359 3747 601 3840 ὑπεροψοόμενοι
626 3751 686 3826 1καί
709 3752 812 3840 λόγοιν
838 3753 972 3841 γονίμων

225 3859 380 3948 σταγόνας
405 3869 473 3934 ταῖς
503 3859 706 3950 καρποφόροις
735 3857 848 3947 ψυχαῖς
876 3858 973 3922 torci-

225 3960 347 4046 ζωντες.

1028 737 1128 803 oculis
1151 740 1273 805 carneis
1309 761 1438 824 prorsus
1472 740 1674 807 invisibilem.
1703 742 1771 808 'In

1028 832 1163 912 circuitu
1187 849 1265 932 ejus,
1283 848 1524 915 tabernaculum
1541 849 1609 934 ejus
1627 901 1640 930 ,
1655 876 1663 931 ς
1678 851 1711 916 id
1726 856 1775 918 est

1028 955 1136 1020 lumen
1161 978 1224 1040 qno
1240 956 1391 1043 cingitur.
1408 955 1587 1024 involvitur
1603 960 1698 1041 enim,
1714 983 1772 1027 ceu

1029 1064 1173 1130 induitur
1196 1066 1325 1147 lumine,
1338 1067 1421 1132 sicut
1437 1068 1637 1148 vestimentu,
1650 1091 1687 1135 ac
1703 1070 1773 1154 pla·

1028 1194 1067 1236 ne
1091 1172 1282 1238 invisibilem
1310 1195 1377 1239 esse
1401 1174 1469 1258 ejus
1492 1179 1640 1241 naturam
1664 1177 1772 1243 exinde

1029 1279 1226 1347 edoceamur.
1251 1281 1339 1346 Idem
1364 1284 1412 1344 est
1443 1281 1527 1346 eninr
1558 1304 1625 1348 esse
1652 1283 1773 1350 incom-

1029 1386 1275 1470 prehensibilem
1307 1391 1339 1452 et
1369 1388 1573 1455 tenebrosam
1601 1413 1717 1476 aquam
1740 1391 1773 1456 in

1029 1494 1166 1560 nubibus
1190 1496 1285 1561 aeris.
1302 1495 1457 1581 Superest
1481 1497 1652 1582 inquirere,
1676 1522 1774 1584 quum

1028 1600 1136 1666 lumen
1152 1601 1238 1668 Deus
1261 1603 1313 1684 sit,
1330 1604 1488 1687 quomodo
1511 1606 1625 1671 umbra
1641 1607 1775 1673 abscon·
1836 1655 1840 1660 -

1028 1707 1139 1786 datum
1156 1709 1205 1774 vel
1231 1709 1366 1778 fortasse
1381 1713 1463 1780 sicut
1481 1712 1605 1798 tegitur
1621 1714 1704 1799 quod
1721 1736 1772 1781 co-

1029 1819 1202 1903 gnoscitur,
1226 1821 1435 1906 ignorantiae,
1457 1845 1539 1907 quae
1563 1828 1708 1908 respectu
1735 1825 1775 1890 ad

1028 1931 1283 2009 cognoscentem,
1299 1950 1363 1994 non
1384 1930 1506 1995 adrem
1530 1931 1703 2016 cognitam,
1727 1931 1775 1995 di·

1028 2029 1111 2096 citnr
1132 2033 1198 2097 sive
1221 2033 1336 2119 caligo,
1352 2034 1417 2100 sive
1440 2058 1534 2115 car03
1559 2037 1662 2102 media
1686 2037 1772 2102 enim

1027 2139 1112 2206 inter
1127 2163 1184 2206 nos
1198 2146 1230 2206 et
1242 2141 1347 2208 Deum
1361 2144 1500 2210 occurrit
1515 2144 1696 2229 hujusmodi
1710 2167 1776 2212 cor·

1028 2269 1125 2331 porea
1147 2247 1263 2334 caligo.

1073 2355 1134 2421 Sed
1157 2361 1190 2422 et
1211 2355 1253 2420 ab
1276 2356 1326 2423 his
1348 2380 1430 2442 quae
1447 2359 1485 2425 de
1501 2360 1584 2426 nube
1599 2359 1714 2444 phisici
1730 2360 1773 2425 di·

1027 2468 1114 2545 cunt,
1139 2465 1172 2530 in
1192 2463 1349 2531 dictorum
1372 2465 1620 2554 intelligentiam
1644 2467 1771 2551 penitus

1028 2573 1074 2637 ire
1097 2569 1310 2656 experiamur.
1334 2571 1445 2640 Nubes
1469 2579 1516 2640 est
1532 2597 1587 2640 aer
1602 2575 1721 2658 spissus
1738 2597 1773 2642 er

1027 2680 1158 2746 humida
1182 2703 1279 2766 super
1295 2684 1414 2748 terram
1430 2683 1629 2750 exhalatione
1645 2704 1774 2750 concre-

1029 2790 1091 2867 tus,
1114 2791 1315 2854 transvectus
1337 2809 1433 2873 porro
1456 2789 1577 2868 ventis3
1594 2811 1634 2856 ex
1657 2789 1772 2874 quibus

1029 2917 1127 2980 quum
1152 2896 1307 2963 conflatus
1330 2897 1429 2963 fuerit
1451 2901 1557 2964 certus
1573 2897 1729 2977 cumulus,
1741 2901 1775 2962 et

1027 3003 1077 3068 illi
1100 3003 1268 3069 accesserit
1292 3026 1330 3069 ex
1353 3003 1556 3071 disseminata
1584 3003 1774 3071 humiditate

1028 3109 1152 3196 pondus
1175 3109 1344 3191 sufficiens,
1368 3116 1438 3176 tum
1461 3115 1571 3196 guttas
1591 3109 1624 3175 in
1640 3110 1774 3175 humum

1030 3215 1174 3281 effundit.
1186 3215 1368 3301 Eademque
1386 3222 1434 3283 est
1451 3218 1632 3302 pluviarum
1648 3222 1774 3298 natura,

1029 3344 1110 3406 quae
1135 3347 1153 3388 a
1176 3327 1263 3388 terra
1285 3323 1480 3409 derivantur,
1505 3329 1538 3390 et
1560 3345 1681 3405 rursus,
1702 3345 1774 3389 aere

1029 3431 1168 3512 favente,
1193 3433 1224 3496 in
1249 3437 1367 3499 terram
1396 3433 1554 3500 feruntur.
1580 3433 1674 3499 Tales
1698 3436 1774 3497 sunt

1029 3540 1215 3625 prophetoe,
1232 3541 1286 3625 qui
1302 3563 1342 3606 ex
1357 3541 1517 3608 communi
1538 3542 1703 3607 hominum
1718 3562 1775 3606 na-

1029 3653 1103 3714 tura
1118 3648 1264 3731 profecti,
1281 3647 1515 3714 obsecundante
1533 3648 1689 3714 munditia
1704 3647 1773 3712 ani-

1029 3778 1114 3836 mae,
1138 3755 1257 3821 virtute
1281 3755 1421 3839 Spiritus
1449 3755 1617 3821 sublimius
1632 3755 1773 3834 elevati,

1028 3861 1190 3928 stillicidia
1213 3860 1423 3928 fecundorum
1442 3862 1643 3929 oraculorum
1659 3862 1692 3926 in
1708 3860 1775 3926 ani-

1027 3991 1095 4034 mas
1118 3968 1301 4035 fructiferas
1323 3968 1526 4054 inspergunt.

409 4309 438 4353 v.
465 4289 516 4354 13.
541 4284 621 4351 Ἀπὸ
645 4295 702 4361 τῆς
726 4287 954 4379 τηλαυγήσεως
978 4285 1106 4354 ἐνώπιον
1131 4292 1226 4354 αὐτοῦ
1251 4293 1282 4353 αἱ
1305 4287 1431 4377 νεφέλαι
1456 4278 1594 4364 θιῆλθον,

750 4391 877 4484 χάλαζα
902 4396 956 4460 καὶ
980 4394 1128 4486 ἄνθρακες
1151 4396 1253 4486 πυρός.

271 4507 357 4573 Prae
371 4507 496 4590 fulgore
512 4507 601 4589 locpc
616 4506 652 4571 ίιι
669 4513 836 4589 συνωμοσία
852 4507 921 4592 rjus
936 4508 1035 4574 nutes
1053 4509 1265 4589 transierunt,
1280 4507 1406 4591 praedo
1422 4511 1451 4572 ct
1466 4506 1616 4572 carbones
1630 4503 1727 4586 ipris.

271 4739 474 4826 Tnlstpncrv
493 4733 637 4826 όνομάζει
653 4736 712 4810 τὴν
731 4736 830 4828 αὐγὴν
846 4749 903 4815 τῆς
922 4742 974 4802 ἀσ-

225 4853 346 4932 τραπῆς
360 4845 413 4906 καί
430 4836 547 4930 ἔξαψιν.
560 4846 702 4909 Γίνονται
716 4836 749 4909 δέ
766 4850 798 4908 orl
814 4845 973 4934 ἀστραπαί

1072 4738 1281 4824 Splendorem
1297 4740 1364 4805 late
1381 4761 1526 4823 sparsum
1550 4741 1642 4805 vocat
1665 4715 1774 4803 corus·

1027 4849 1183 4914 cntionem
1207 4849 1346 4934 fulguris
1370 4853 1402 4914 et
1425 4848 1628 4914 subitaneum
1652 4846 1773 4930 ignem.

225 4954 256 5015 ἐν
280 4960 377 5040 καιρῷ
395 4960 453 5026 τῆς
478 4961 540 5014 τῶν
565 4956 699 5040 νεφελῶν
725 4943 911 5040 συνδρομῆς.
931 4950 971 5017 *0
1025 4955 1124 5021 Fiunt
1147 4961 1255 5022 autem
1278 4955 1419 5041 fulgura,
1433 4955 1560 5041 quando
1583 4954 1684 5019 nubes
1703 4975 1773 5018 mu·

228 5053 279 5122 οὖν
304 5060 388 5150 λέγει
404 5059 578 5123 τουτέστιν·
597 5061 647 5124 ότι
665 5059 745 5148 μετά
762 5071 820 5137 τῆς
837 5053 971 5148 ἐξάψεως

223 5177 287 5230 τῶν
303 5170 470 5258 ἀστραπῶν
488 5169 541 5232 καί
557 5171 682 5258 νεφέλαι
700 5169 814 5232 πυκναί
831 5169 904 5258 πρὸς
918 5193 973 5234 κα·

261 5396 283 5472 ¹)
301 5397 350 5454 Ps.
370 5412 434 5467 τιτι,
456 5399 481 5454 2.

1026 5070 1083 5130 tuo
1106 5068 1310 5132 concurrunt.
1336 5063 1427 5141 Quod
1443 5084 1520 5149 ergo
1543 5062 1631 5143 dicit,
1652 5061 1684 5126 id
1707 5067 1772 5126 est:

1026 5173 1065 5240 ad
1090 5179 1245 5239 terrorem
1269 5172 1416 5238 hostibus
1439 5172 1517 5237 meis
1543 5167 1773 5247 incutiendum,

1063 5401 1087 5476 ε)
1107 5401 1177 5461 eoo.
1197 5404 1220 5456 n
1241 5403 1252 5454 ι
1273 5401 1342 5462 ωτι.
