4022 6072
266 537 302 594 no
882 525 1032 599 Sanctus
1050 523 1205 600 Basilius

263 709 326 764 τῶν
351 699 473 787 ἐλοίφων
499 692 765 788 καταρτιζόμενος
789 697 889 788 ρόσιν,
913 703 943 764 έν
968 695 1011 774 οἷς

262 810 358 898 λέγει·
373 799 499 872 Δέδωκα
510 811 581 896 ὑμῖν
594 799 733 884 ἐξουσίαν
746 819 799 873 τοῦ
810 819 923 872 πατεῖν
938 807 1012 872 ἐπά-

263 939 305 980 νω
322 915 420 1004 ὄφεων
446 915 499 980 καί
523 916 675 1003 σκορπίων
691 913 725 999 ¹).
744 913 854 980 Διώκει
879 913 934 1002 μέν
958 909 1010 978 οὖν

264 1027 280 1087 ὀ
295 1021 438 1096 Σατανᾶς
452 1017 502 1086 οἷά
518 1046 565 1096 τις
582 1021 659 1109 όρις·
676 1024 748 1084 ἀλλ’
763 1016 848 1087 οὗτοι
860 1014 1010 1096 λαθόντες

265 1123 405 1208 ἐξουσίαν
431 1128 516 1216 παρά
539 1140 594 1194 τοῦ
613 1133 758 1218 Σωτῆρος
774 1141 886 1194 πατεῖν
907 1129 1011 1194 ἐπάνω

265 1240 364 1328 όρεων
381 1238 434 1302 καὶ
456 1239 619 1326 σκορπίων,
637 1248 699 1302 τῶν
725 1247 846 1310 νοητῶν
873 1229 1009 1322 δηλαδὴ,

262 1345 316 1409 καί
333 1344 383 1410 ἐπὶ
397 1343 502 1410 πάσαν
519 1341 578 1416 τὴν
593 1334 723 1433 δόναμιν
742 1353 797 1408 τοῦ
815 1343 935 1434 ἐχθροῦ,
953 1351 1011 1434 οὐχ

263 1452 466 1514 ἀλίσκονται·
491 1449 575 1515 ἀλλά
598 1451 636 1514 τό
666 1452 851 1542 χαμαιριφὲς
884 1453 1010 1540 ἀφέντες

263 1558 409 1648 φρόνημα
432 1561 652 1646 ἀναροιτῶσιν,
670 1560 771 1648 ὥσπερ
790 1567 830 1635 εἰς
848 1559 926 1649 ὄρος,
950 1559 1010 1633 τὴν

263 1660 453 1744 ἀξιόκτητον
468 1668 594 1756 ἀρετὴν,
611 1667 694 1740 πλὴν
712 1673 766 1732 οὐκ
783 1671 872 1757 ἀρκεῖ
886 1668 923 1734 τό
942 1673 1014 1733 ἀνα-

264 1785 413 1863 φοιτῆσαι
430 1774 533 1862 μόνον,
550 1773 632 1838 ἀλλά
649 1775 709 1864 χρὴ
730 1786 887 1865 προσεῖναι
905 1774 1011 1841 καὶτὸ

263 1885 406 1974 ἐμμένειν
431 1894 496 1959 τοῖς
521 1882 584 1947 ἀνω
617 1884 671 1947 καί
694 1887 921 1974 ἐμφιλοχωρεῖν
946 1896 1011 1960 τοῖς

262 2001 324 2056 τῶν
349 1996 467 2081 ἀρετῶν
492 1987 647 2080 ὑψώμασι.
666 1991 716 2057 Διό
734 1993 788 2056 καὶ
812 1993 866 2057 τόν
892 1984 1011 2057 δίκαιον

262 2100 317 2166 τόν
334 2101 405 2176 τοὺς
423 2091 521 2175 πόδας
538 2100 807 2188 κατηρτισμένους
831 2103 959 2189 έχοντα,
978 2103 1012 2165 od

262 2210 354 2298 μόνον
370 2207 479 2297 ἀνάγει
490 2207 541 2274 ἐπὶ
553 2207 594 2272 τά
611 2204 716 2295 indulsi
729 2212 744 2272 ὁ
759 2208 846 2285 Θεός,
861 2208 946 2273 ἀλλά
959 2209 1013 2274 καὶ

263 2329 337 2387 reve
361 2319 434 2403 ἀνω,
451 2317 598 2381 τουτέστι
615 2315 761 2380 ἵστασθαι
782 2312 1014 2406 παρασκευάζει

261 2436 292 2497 ἑν
317 2440 357 2514 τῇ
385 2429 478 2518 ἀρετῇ
505 2426 559 2489 καὶ
585 2425 626 2514 μὴ
654 2427 875 2490 καταπίπτειν.

1066 701 1199 785 aptavit,
1223 723 1322 785 quum
1338 700 1434 766 dixit:
1463 703 1476 733 ¹
1494 700 1575 767 Dedi
1593 701 1682 766 robis
1705 705 1813 785 potes-

1067 813 1169 874 tatem
1185 809 1327 875 calcandi
1340 831 1436 892 super
1451 814 1617 893 serpentes
1632 813 1665 874 et
1677 808 1815 893 scorpio-

1066 938 1123 980 nes
1139 966 1165 996 ,.
1190 915 1344 1000 Equidem
1362 916 1496 982 Satanas
1512 917 1715 1002 persequitur
1731 917 1813 982 sIcut

1065 1045 1204 1108 serpens.
1222 1025 1266 1089 Hi
1279 1047 1353 1090 vero
1366 1030 1525 1091 sumentes
1541 1023 1740 1091 nSslvstore
1755 1045 1814 1108 po·

1065 1137 1213 1198 testatem
1230 1133 1433 1199 conculcandi
1446 1139 1607 1218 serpentes
1624 1139 1656 1200 et
1672 1135 1812 1219 scorpio·

1066 1261 1132 1320 nes,
1156 1239 1338 1323 spirituales
1353 1239 1511 1322 videlicet,
1529 1245 1694 1326 totamque
1711 1241 1812 1308 hostis

1065 1345 1253 1429 potentiam,
1270 1368 1333 1411 non
1350 1345 1575 1426 destruuntur,
1593 1349 1646 1412 sed
1659 1348 1747 1412 humi
1760 1369 1812 1412 re-

1065 1459 1194 1536 pentem
1223 1453 1373 1518 effectum
1405 1458 1571 1534 exuentes,
1595 1455 1635 1518 nd
1656 1454 1811 1520 virtutem

1065 1559 1222 1642 acquisitu
1240 1558 1380 1643 dignam,
1397 1559 1484 1624 velut
1499 1561 1532 1624 in
1549 1565 1699 1642 montem,
1719 1581 1812 1645 repe-

1067 1671 1150 1731 tunt.
1170 1664 1231 1732 Sed
1254 1687 1317 1732 non
1341 1668 1418 1732 satis
1434 1673 1481 1733 est
1505 1673 1629 1734 tentum
1654 1673 1810 1753 repetere,

1066 1776 1121 1841 sed
1143 1779 1271 1859 oportet
1294 1776 1445 1861 progredi
1462 1781 1493 1841 et
1510 1777 1678 1860 persistere
1702 1777 1736 1842 in
1758 1799 1812 1842 su-

1066 1884 1257 1968 perioribus,
1274 1889 1307 1949 et
1330 1906 1407 1968 prce
1430 1885 1562 1950 caeteris
1585 1885 1723 1951 incolere
1746 1884 1813 1950 vir·

1067 1999 1174 2059 tutnm
1197 1993 1370 2059 cacumine.
1387 1983 1508 2060 Idc'irco
1523 1993 1610 2059 Dens
1626 1995 1730 2059 virum
1742 1994 1812 2077 jus·

1068 2107 1148 2184 tum,
1162 2102 1216 2186 qui
1229 2101 1324 2186 pedes
1335 2102 1433 2167 hebet
1446 2102 1618 2188 expeditos,
1632 2125 1695 2168 non
1707 2103 1810 2168 solum

1067 2211 1160 2297 peIIIt
1183 2213 1223 2277 ad
1246 2211 1404 2293 sublimia,
1429 2212 1481 2278 sed
1506 2235 1630 2278 sursum
1656 2213 1756 2296 ponIt,
1780 2213 1811 2276 id

1068 2325 1117 2386 est
1147 2321 1286 2404 disponIt
1309 2321 1348 2385 ud
1379 2321 1552 2386 sistendum
1580 2321 1614 2385 in
1636 2321 1756 2386 virtute
1779 2325 1812 2386 et

1067 2451 1230 2513 nunquam
1253 2429 1405 2495 decidere.
1452 2494 1460 2506 ,

870 2746 1069 2815 PSALMUS
1092 2747 1213 2816 XVIII.

271 2991 301 3034 v.
322 2970 350 3034 I.
366 2971 403 3031 Οἱ
420 2965 542 3055 οόρανοὶ
559 2955 743 3056 διηγοῦνται
760 2953 852 3042 δόξαν
870 2969 960 3048 Θεοῦ,
976 2965 1102 3035 ποίησιν
1119 2952 1153 3028 δὲ
1169 2972 1279 3052 χειρῶν
1297 2964 1391 3026 αὐτοῦ
1410 2962 1575 3053 ἀναγέλλει
1592 2961 1629 3026 τό
1647 2962 1807 3052 στερέωμα

331 3075 419 3142 Cocli
442 3081 596 3142 enarrant
618 3075 757 3157 gloria-m
780 3073 854 3154 Dei,
879 3080 908 3139 ct
932 3094 1011 3156 opus
1034 3094 1186 3140 ιιιιινιυιιιιι
1210 3071 1280 3156 ejus
1302 3074 1480 3140 orrrmrstiot
1499 3074 1747 3156 firmamentum.

310 3295 378 3352 Τῶν
403 3287 457 3378 μὲν
482 3281 533 3352 οὖν
552 3289 647 3377 ἀγίων
665 3291 680 3351 ὁ
701 3297 768 3362 νοῦς
793 3289 851 3376 οὐχ
875 3291 930 3375 ὁρᾶ
957 3286 1012 3375 μό-

264 3421 324 3480 νον,
350 3395 435 3460 ἀλλά
452 3397 506 3460 καὶ
523 3393 629 3459 ἀκοόει
644 3405 701 3471 τῆς
723 3397 853 3471 κτίσεως
878 3393 920 3458 τά
943 3391 1012 3482 περὶ

266 3495 358 3582 δόξης
384 3507 462 3568 Θεοῦ
481 3493 688 3593 διηγουμένης
701 3503 738 3584 ι3)·
756 3507 784 3566 οἱ
810 3495 842 3564 δὲ
859 3511 921 3566 τῶν
948 3485 1018 3588 ραι.

262 3612 397 3700 νομένων
414 3611 508 3676 πλέον
522 3635 564 3698 μη
571 3601 618 3676 δέν
634 3610 800 3694 συνιέντες,
814 3607 1012 3698 ἐματαιώθη-

264 3743 321 3784 σαν
334 3720 387 3782 καὶ
397 3713 609 3791 έσεόάσθησαν
624 3718 677 3782 καί
690 3717 881 3796 ἐλάτρευσαν
893 3727 933 3800 τῇ
949 3717 1013 3779 κτί-

266 3851 311 3892 σει
334 3826 420 3915 παρά
445 3829 497 3891 τόν
521 3829 685 3890 κτίσαντα.
708 3823 768 3889 *Ar
793 3817 826 3890 δὲ
849 3825 927 3914 λέγῃ
958 3843 1016 3897 τις·

265 3932 408 4024 οόρανοός
424 3934 477 4022 μὲν
491 3927 566 3998 εἶναι
580 3932 636 4009 τάς
650 3931 841 4020 θεωρητικάς
857 3923 1012 4019 δυνάμεις,

269 4043 429 4133 στερέωμα
453 4033 486 4107 δὲ
502 4040 559 4117 τάς
575 4040 751 4130 πρακτικάς
768 4049 830 4104 τῶν
856 4038 1013 4112 καθηκόν-

266 4171 340 4214 των·
357 4153 397 4224 ὡς
415 4143 664 4236 κεκομψευμένον
683 4145 737 4234 μὲν
752 4146 806 4211 τὀν
825 4145 919 4235 λόγον
938 4147 1015 4209 ἀπο-

267 4251 436 4348 δεχόμεθα,
460 4253 563 4328 ἀληθῆ
591 4246 624 4320 δὲ
640 4249 727 4339 εἶναι,
745 4257 779 4319 οὐ
796 4253 876 4318 πάνυ
897 4277 929 4317 τι
954 4245 1017 4318 διό-

268 4389 372 4454 σομεν,
387 4367 453 4429 ἀλλ’
474 4363 684 4453 ἀπλοόστερον
702 4364 757 4426 τόν
771 4387 806 4428 τε
824 4373 947 4453 πρῶτον
966 4365 1018 4427 οὺ.

264 4471 352 4562 ρανόν
367 4471 422 4554 καὶ
438 4471 474 4536 τό
493 4475 563 4560 μετ’
581 4473 697 4535 ἐκεῖνον
715 4481 854 4560 νοοῦμεν,
872 4462 923 4536 tot
946 4481 1009 4535 τῶν

264 4576 383 4642 θεατῶν
409 4568 594 4667 διηγεῖσθαι,
619 4578 668 4640 ότι
691 4577 840 4667 όκόσμος
865 4578 1008 4666 τεχνικόν

263 4686 331 4750 ἐστι
354 4683 601 4774 κατασκεύασμα
622 4685 825 4774 προκείμενον
850 4694 943 4748 πᾶσιν
968 4690 1010 4760 εἰς

263 4790 401 4882 θεωρίαν,
416 4793 498 4858 ὥστε
515 4784 552 4856 δι’
568 4796 662 4856 αὐτοῦ
675 4791 734 4864 τὴν
748 4802 803 4857 τοῦ
819 4793 1010 4868 ποιήσαντος

266 4899 360 4966 αὐτόν
385 4903 494 4990 σορίαν
518 4898 792 4992 ἑπιγενώσκεσθαι.

308 5013 417 5085 Καλῶς
438 5001 472 5074 δε
488 5003 553 5074 εἷπε
566 5011 690 5081 ποίησιν
703 5009 758 5073 καὶ
774 5013 829 5073 οιίκ
843 5008 1014 5112 ἐνέργειαν,

262 5108 369 5190 ἐπειδὴ
396 5115 456 5207 γάρ
479 5127 541 5181 τῶν
567 5127 697 5206 τεχνῶν,
714 5125 747 5180 αἱ
764 5116 818 5205 μὲν
850 5118 1015 5189 ποιητικαί

299 5349 322 5422 ¹)
341 5347 459 5418 Lunx,
481 5349 523 5404 19.

1113 3285 1303 3354 Sanctorum
1326 3309 1414 3352 mens
1437 3308 1500 3352 non
1524 3286 1627 3352 solum
1658 3285 1812 3364 intuetur,

1066 3395 1120 3460 sed
1143 3397 1232 3461 cudiI
1254 3397 1455 3476 creationem,
1480 3396 1555 3460 dum
1587 3395 1723 3480 gloriam
1753 3393 1812 3458 Dei

1072 3507 1209 3569 enarret.
1234 3501 1296 3569 Sed
1319 3503 1372 3588 qni
1396 3502 1477 3567 nihil
1500 3503 1687 3586 plerumque
1717 3497 1813 3566 intel-

1069 3613 1217 3678 lexerunt
1240 3612 1272 3677 in
1295 3611 1531 3696 phoenomenis,
1555 3611 1753 3676 insanierunt
1776 3613 1809 3674 et

1071 3719 1238 3785 coluerunt
1271 3725 1303 3784 et
1337 3721 1548 3786 adoraverunt
1579 3741 1638 3803 pro
1669 3723 1812 3784 creatore

1070 3831 1241 3894 creaturas.
1265 3827 1323 3893 Est
1347 3829 1401 3912 qui
1424 3828 1508 3894 dicet
1530 3827 1636 3894 coelos
1659 3848 1725 3892 esse
1748 3825 1813 3890 vir·

1069 3939 1155 4001 tutes
1178 3936 1377 4017 theoreticae,
1400 3937 1638 4002 firmamentum
1653 3934 1811 4019 practices

1069 4065 1175 4108 rerum
1199 4044 1471 4127 opportunitates3
1489 4043 1545 4108 sed
1562 4042 1622 4108 hoc
1638 4041 1685 4106 uti
1709 4040 1813 4105 subti-

1068 4151 1129 4215 lius
1142 4151 1358 4236 excogItntum
1375 4151 1555 4234 recipimuS,
1570 4153 1605 4213 et
1622 4169 1731 4213 verum
1743 4167 1810 4212 esse

1067 4257 1152 4322 hand
1169 4257 1297 4322 omnino
1319 4257 1536 4322 concedemus.
1561 4255 1662 4320 Immo
1686 4253 1811 4337 slmpli·

1069 4365 1135 4431 cius
1151 4370 1183 4431 et
1199 4365 1303 4449 primo
1316 4365 1385 4430 loco
1398 4363 1521 4429 eoelum
1539 4366 1573 4427 et
1590 4363 1726 4428 alterum
1738 4365 1811 4446 post

1068 4472 1129 4538 hoo
1146 4468 1369 4555 intelligimus,
1387 4491 1536 4536 enarrare
1550 4491 1665 4553 nempe
1683 4491 1741 4553 per
1759 4491 1812 4534 re·

1067 4603 1139 4646 rum
1162 4579 1353 4665 spectacula,
1377 4580 1452 4665 quie
1475 4579 1610 4644 mundus
1626 4583 1674 4644 est
1692 4578 1810 4662 opificii

1068 4691 1241 4772 apparatus
1264 4686 1405 4752 omnium
1421 4686 1520 4752 oculis
1537 4684 1810 4770 contemplandus,

1068 4796 1114 4861 its
1137 4800 1174 4859 nt
1197 4795 1308 4860 exinde
1337 4794 1405 4878 ejus
1428 4794 1484 4879 qui
1511 4795 1631 4861 creavit
1654 4817 1736 4874 eum,
1761 4815 1811 4858 se-

1068 4901 1188 4986 pientia
1211 4905 1467 4986 recognoscetur.

1114 5007 1242 5092 Optime
1259 5013 1366 5074 autem
1379 5009 1459 5074 dixit
1475 5014 1486 5042 “
1505 5033 1583 5095 opus
1602 5059 1628 5090 ,‚
1641 5031 1704 5074 non
1720 5029 1809 5073 ener-

1069 5118 1165 5202 giam.
1189 5115 1277 5181 Inter
1292 5116 1377 5180 enim
1401 5138 1506 5200 opera,
1524 5116 1587 5181 elie
1611 5120 1685 5181 sunt
1708 5114 1805 5200 fecte,

1100 5347 1124 5423 ²)
1142 5344 1211 5405 (lod.
1231 5346 1396 5418 διηγούμενος.
