3978 6070
542 513 597 588 De
611 513 775 607 prudenti
793 521 824 588 et
842 516 991 589 modesta
1018 513 1149 606 Ulyssis
1166 514 1294 588 anima.
1639 523 1693 579 125

153 679 186 754 δέ
211 694 239 754 οἰ
255 689 411 777 εἰρήμενοι
433 691 494 773 βίοι
510 687 626 764 πάντες
644 678 807 772 συνᾴδουσι
824 698 888 764 τοῖς
903 690 934 753 ἐν
951 679 1078 778 Φαίδρῳ
1096 688 1182 772 βίοις,
1202 678 1344 759 εὔδηλόν·
1362 687 1416 751 καί
1433 685 1493 777 γάρ
1510 691 1525 751 6
1544 687 1691 776 μουσικός

152 794 189 871 ἦν
214 802 245 862 ἐν
269 800 404 873 ἐκείνοις,
429 798 522 861 καὶὸ
548 798 719 882 βασιλικὸς,
743 796 797 862 καὶ
820 801 836 862 6
860 797 1038 886 πολεμικὸς,
1056 797 1110 860 καί
1133 801 1149 859 6
1174 797 1328 885 τεχνικὸς,
1353 795 1406 859 καί
1429 800 1444 860 6
1469 798 1695 886 γυμναστικὸς,

154 905 207 970 καί
230 911 245 970 6
270 907 453 995 μιμητικὸς,
477 903 539 971 οἷον
564 897 728 972 ἐπεδίωκεν
754 911 769 969 6
792 906 848 971 τόν
871 904 1004 978 πίθηκον
1028 894 1206 994 ἐνδυόμενος
1223 905 1273 968 ἐπί
1292 906 1329 968 τὸ
1354 906 1486 994 αἴσχιον,
1510 911 1550 980 ὡς
1576 907 1695 981 Ἐπειὸς

153 1017 208 1079 τὸν
221 1016 376 1105 τεχνικὸν,
389 1021 461 1092 ώςη
477 1013 658 1086 Ἀταλάντη
677 1017 729 1079 τύν
743 1015 967 1107 γυμναστικύν,
980 1014 1034 1078 καί
1048 1019 1075 1078 οἱ
1087 1013 1192 1078 λοιποί
1204 1023 1266 1078 τῶν
1280 1013 1459 1103 εἰρημένων,
1473 1012 1543 1088 τούς
1559 1012 1697 1089 λοιπούς.

153 1124 353 1213 Ἐπεσχάτως
364 1121 389 1211 ¹)
412 1125 515 1189 τοίνυν
539 1129 559 1197 ἡ
585 1114 758 1200 Ὀδυσσέως
783 1120 880 1214 ψυχή.
907 1122 1048 1196 ληπτέον
1071 1111 1105 1186 δέ
1128 1121 1180 1186 καί
1203 1120 1325 1194 ταύτην
1349 1111 1429 1198 εἶδος
1446 1114 1523 1186 εἷναί
1546 1147 1579 1187 τι
1602 1116 1695 1203 ζωῆς,

155 1222 392 1319 ἐνδεικνυμένην
418 1233 521 1318 ὥσπερ
545 1229 601 1306 τάς
626 1229 725 1305 ἄλλας
749 1231 877 1315 ἐκείνας,
900 1230 938 1295 τὸ
956 1231 1070 1321 ἔμφρον
1094 1233 1125 1295 ἐν
1150 1239 1218 1306 ταῖς
1242 1239 1304 1294 τῶν
1331 1231 1405 1313 βίων
1429 1229 1590 1319 αἱρέσεσιν·
1616 1233 1695 1303 αὐτη

152 1341 255 1404 τοίνυν
281 1330 388 1404 ἰδοῦσα
413 1341 478 1422 βίον
502 1340 561 1404 ύπύ
585 1349 648 1404 τῶν
673 1338 777 1404 ἄλλων
801 1337 1012 1428 ἠμελημένον,
1030 1337 1152 1428 ἐσχάτη
1162 1327 1205 1402 Ιδέ
1221 1342 1375 1427 λαχοῦσα,
1400 1338 1493 1428 φησίν
1519 1339 1622 1418 αὐτὸς,
1647 1330 1699 1405 διά

152 1448 265 1538 τύχην,
290 1442 326 1523 ἧς
348 1449 491 1538 ἔργοντὸ
516 1448 702 1514 συντάττειν
718 1454 802 1538 ἡμᾶς
818 1448 893 1539 πρὸς
909 1449 947 1513 τὸ
963 1457 1035 1515 πᾶν.
1053 1447 1182 1519 Ταύτην
1199 1440 1251 1511 ούν
1276 1449 1392 1536 ἔχουσα
1416 1457 1471 1510 τοῦ
1496 1446 1613 1535 κλήρου
1638 1448 1698 1520 τὴν

153 1551 253 1641 τάξιν,
272 1558 354 1647 ὅμως
372 1548 423 1621 διά
440 1557 587 1647 φρόνησιν
605 1559 709 1622 είλετο
728 1559 793 1640 βίον
811 1557 948 1647 ἄριστον,
963 1556 1065 1622 πόνων
1081 1559 1285 1644 λελωφηκυῖα
1301 1554 1394 1644 φησίν
1411 1555 1465 1619 καί
1482 1557 1624 1645 φιλοτιμί

153 1775 176 1839 f.
205 1775 284 1840 176:
311 1798 346 1850 ας
371 1776 432 1837 ἀπο
444 1771 470 1862 ²)
485 1825 492 1840 .
507 1825 537 1840 ..
562 1769 675 1862 ψυχῆς,
700 1773 781 1838 οὕτω
805 1783 879 1865 γοῦν
899 1773 992 1851 αύτύς
1007 1827 1014 1842 .
1030 1826 1060 1842 .,
1085 1771 1189 1862 μίαςὸ
1214 1771 1347 1837 Πλάτων
1372 1777 1411 1848 ώς
1436 1771 1497 1837 ἀπὸ
1520 1782 1578 1850 τῆς
1604 1774 1702 1863 [φιλο-

153 1880 355 1970 τιμουμένης)
375 1880 426 1945 ἐπί
441 1880 479 1945 τὸ
496 1880 559 1945 ἅνω
575 1882 792 1970 πορευομένοις
809 1893 867 1958 τῆς
884 1880 968 1947 κατά
983 1882 1102 1972 γένεσιν
1123 1882 1380 1972 ...λειμμένηςῆ
1397 1881 1521 1948 ἑλέσθαι
1538 1873 1565 1946 δ’
1583 1877 1634 1946 οὖν
1658 1895 1698 1970 τῇ

153 2001 286 2076 τοιαυτῇ
312 1987 396 2080 ψυχῇ
421 1989 617 2080 τίνάριστον
634 1993 748 2056 ἐκτῶν
765 1991 897 2056 ἐνόντων
921 1993 977 2056 οὐκ
999 1991 1231 2081 ἀπερισκέπτως
1249 1990 1411 2080 ἑλομένην,
1436 1990 1520 2055 ἀλλά
1543 1985 1700 2069 ζητοῦσαν

154 2100 189 2162 ἐκ
212 2107 275 2161 τῶν
299 2102 445 2188 λογικῶν·
471 2109 566 2163 τοῦτο
591 2088 624 2162 δέ
648 2103 687 2175 ὡς
712 2099 748 2162 ἀν
773 2099 924 2163 πλειόνων
942 2100 989 2164 ἔτι
1006 2099 1105 2163 όντων
1121 2107 1185 2163 τῶν
1206 2101 1321 2187 ἀμείνω
1344 2099 1398 2163 καί
1420 2109 1594 2189 περιοῦσαν·
1620 2099 1636 2164 6
1660 2091 1698 2170 δι)

155 2208 299 2294 σημαίνει
323 2206 382 2278 τὴν
408 2199 627 2295 μεταύατικίην
651 2217 706 2272 τοῦ
730 2211 882 2298 λογισμοῦ
907 2217 964 2284 τῆς
989 2199 1126 2282 διανοίας
1150 2207 1314 2298 ἐνέργειαν,
1339 2208 1486 2296 κρίνασαν
1515 2198 1543 2272 δ’
1568 2201 1621 2271 σύν
1644 2207 1699 2274 τὀν

116 2333 128 2368 ⁵
157 2305 280 2379 ἰδιώτου
304 2314 358 2378 καί
381 2314 580 2406 ἀπράγμονος
598 2316 664 2399 βίον
682 2315 819 2406 ἄριστον,
836 2316 962 2382 ἑλέσθαι
977 2317 1053 2382 τότε
1068 2317 1123 2381 τὀν
1142 2327 1294 2381 τοιοῦτον·
1312 2306 1534 2406 ἀντιδιῄρηται
1551 2306 1584 2380 δέ
1604 2319 1620 2380 6
1646 2315 1701 2404 μέν

156 2413 282 2497 ἰδιώτης
306 2423 380 2510 πρὸς
404 2423 459 2486 τὸν
477 2423 670 2512 τυραννικὸν,
688 2424 741 2486 καὶ
757 2425 835 2499 ὁλως
853 2425 981 2513 ἀρχικὸν
999 2423 1053 2487 καί
1070 2423 1245 2512 φιλότιμον·
1263 2427 1278 2486 6
1296 2413 1329 2488 δὲ
1347 2423 1531 2515 ἀπράγμων,
1554 2425 1628 2514 πρὸς
1645 2425 1700 2490 τὸν

156 2532 312 2598 ἐπίπονον.
337 2531 468 2620 Εἴρηται
491 2530 552 2621 γάρ
577 2533 626 2596 ὅτι
649 2532 752 2596 πόνων
776 2533 967 2622 ἐλελωφήκει
983 2532 1037 2596 καί
1053 2533 1241 2621 φιλοτιμίας·
1266 2533 1419 2622 ἑλομένην
1444 2525 1478 2597 δέ
1500 2534 1556 2598 τ“ον
1579 2532 1699 2598 τούτων

155 2639 420 2730 ἀπηλλαγμένον,
445 2644 541 2704 εἰπεῖν
566 2642 615 2705 ότι
637 2649 733 2705 τοῦτο
757 2638 793 2704 ἂν
824 2644 926 2706 είλετο
942 2639 967 2716 ¹)
1001 2641 1067 2724 βίον
1100 2639 1153 2703 καί
1169 2640 1234 2729 ,πρὸ
1259 2650 1313 2705 τοῦ
1338 2650 1401 2704 τῶν
1425 2639 1530 2706 ἀλλων
1561 2653 1701 2731 τυχοῦσα

155 2745 284 2835 κλήρου.
309 2745 370 2809 Καὶ
392 2745 487 2810 πάλιν
512 2747 729 2836 ὑπομνηστέον
755 2749 804 2812 ὅτι
827 2759 922 2813 τοῦτο
946 2737 1109 2831 δείκνυσιν,
1126 2753 1165 2823 ώς
1182 2747 1242 2837 ἄρα
1266 2753 1294 2813 οἰ
1318 2753 1428 2838 κλῆροι
1451 2750 1647 2840 περιέχουσιν
1672 2754 1700 2814 οἰ

154 2854 297 2943 πρότεροι
320 2851 391 2928 τοὺς
409 2844 578 2943 δευτέρους,
597 2854 651 2918 καί
667 2856 733 2919 ὅσοι
751 2854 805 2945 μέν
821 2866 887 2932 τοῖς
904 2846 1055 2945 δευτέροις
1074 2857 1136 2940 βίοι
1151 2853 1353 2943 προτίθενται
1369 2857 1422 2919 καί
1442 2867 1507 2933 τοῖς
1531 2856 1700 2948 προτέροις,

156 2965 191 3026 ού
217 2963 325 3049 μέντοι
349 2962 402 3026 καί
427 2961 593 3044 ἀνάπαλιν,
617 2967 657 3039 ὡς
680 2956 713 3040 ἐξ
738 2963 958 3054 ἀφθονωτέρων
982 2963 1036 3027 καί
1059 2963 1209 3028 πλειόνων
1226 2964 1362 3040 τοϊς“’ἀεί
1385 2965 1544 3055 προτέροις
1569 2970 1701 3056 κληρου-

156 3070 257 3161 μένοις
280 3080 339 3145 τῆς
364 3070 505 3160 αἱρέσεως
530 3071 740 3161 ὑπαρχούσης·
765 3074 799 3136 ού
817 3071 876 3163 γάρ
895 3071 931 3136 ἀν
948 3077 967 3146 η
986 3063 1157 3146 Ὀδυσσέως
1174 3067 1258 3161 ψυχὴ
1276 3082 1387 3136 τοῦτον
1408 3068 1492 3138 εἶπεν
1515 3072 1640 3139 ἑλέσθαι
1663 3073 1699 3138 ἀν

157 3180 222 3262 βίον
245 3182 350 3243 είλετο
367 3177 488 3268 ἐσχάτη
507 3178 704 3269 κληρωθεῖσα
720 3191 783 3244 τῶν
801 3181 917 3256 ἄλλων,
934 3179 1019 3270 εἰμὴ
1038 3180 1092 3244 καί
1108 3175 1196 3256 ούτος
1214 3184 1230 3243 6
1248 3181 1311 3263 βίος
1328 3184 1359 3244 ἐν
1377 3191 1442 3257 τοῖς
1463 3191 1526 3246 τῶν
1542 3182 1700 3272 προτέρων

157 3287 318 3377 περιέχετο
343 3287 479 3377 κλήροις.
496 3325 539 3338 -
556 3287 634 3352 Ἀπὸ
653 3286 771 3364 ταύτης
789 3278 816 3360 δ’
834 3281 885 3352 ούν
902 3297 961 3362 τῆς
978 3287 1121 3377 αἱρέσεως
1138 3287 1220 3352 οὕτω
1240 3287 1419 3379 γενομένης,
1436 3292 1549 3356 πιστόν
1573 3292 1701 3363 ἐποίησε

157 3396 211 3461 τὸν
236 3405 290 3460 τοῦ
313 3395 475 3486 προφήτου
500 3393 595 3486 λόγον
620 3396 776 3472 εἰπόντος·
810 3395 893 3460 “ml
916 3397 1089 3479 τελευταίῳ
1113 3399 1233 3462 ἐπιόντι
1246 3393 1271 3480 ⁵)
1295 3394 1348 3460 σύν
1373 3404 1414 3478 νῷ
1438 3398 1574 3486 ἑλομένῳ
1598 3407 1701 3461 κεῖται

159 3505 223 3590 βίος
247 3507 412 3595 ἀγαπητὸς
436 3509 471 3569 ού
495 3505 589 3579 κακὸς
607 3555 633 3585 ,,
658 3504 712 3569 καί
735 3495 832 3578 δῆλον
858 3505 907 3569 ὅτι
931 3505 1053 3594 γίνεται
1077 3503 1132 3592 μὲν
1157 3505 1187 3568 ἐν
1212 3513 1257 3587 τῷ
1280 3504 1377 3568 παντί

156 3723 179 3790 f.
201 3725 263 3790 176
279 3745 330 3789 v.:
359 3724 379 3807 [
394 3775 401 3789 .
417 3775 425 3790 .
439 3719 464 3806 6)
481 3725 516 3786 ού
534 3721 595 3812 μὴν
613 3719 697 3786 ἀλλά
713 3721 767 3786 καί
783 3727 822 3798 ώς
839 3719 1068 3812 σωφρονιστικίι
1087 3723 1202 3806 ταῦτα]
1229 3711 1447 3786 διεσκεύασται
1470 3707 1611 3798 τοιῶσδε,
1634 3728 1699 3785 τῶν

157 3827 263 3921 ψυχῶν
287 3831 433 3921 φρόνησιν
456 3823 621 3896 δεικνύντα
636 3841 694 3906 τῆς
712 3830 899 3920 φαινομένης
915 3831 1056 3920 εύπορίας
1074 3828 1291 3920 αἱρετωτέραν,
1309 3829 1384 3893 όταν
1401 3838 1506 3894 ταῦτα
1524 3823 1701 3919 μερίζηται,

157 3943 218 4006 ἀπὸ
244 3941 392 4014 ἀλλήλων
417 3938 472 4028 μέν
497 3939 556 4031 γάρ
580 3945 621 4016 εἰς
646 3930 845 4028 εὐδαιμονίαν
870 3929 949 4004 οἶδεν
974 3941 1057 4027 ἔχειν
1072 3936 1106 4021 7)·
1129 3944 1149 4012 η
1170 3929 1203 4004 δέ
1219 3941 1274 4003 ούκ
1295 3931 1327 4016 ἐξ
1352 3935 1502 4028 ἀνάγκης,
1528 3942 1554 4004 εἰ
1579 3937 1621 4026 μὴ
1647 3938 1701 4002 καί

156 4051 302 4142 φρόνησις
325 4052 370 4122 εἰη
397 4050 468 4139 περί
490 4047 548 4124 τάς
573 4048 710 4138 αἱρέσεις,
739 4048 858 4122 τούτοις
882 4050 986 4112 τοίνυν
1011 4046 1184 4137 ἐπήγαγεν,
1210 4045 1225 4110 θ
1250 4038 1288 4117 δί.
1314 4047 1423 4111 λοιπθν
1445 4045 1515 4112 ἐστὶ
1538 4056 1596 4122 τῆς
1621 4036 1701 4110 διαι-

159 4160 275 4250 ρέσεως.
296 4158 372 4223 Ὅτι
396 4158 448 4222 καί
472 4163 513 4234 εἰς
538 4157 666 4228 ἄλληλα
690 4155 731 4220 τά
748 4157 831 4220 ἄλλα
847 4150 912 4236 ζῶα
937 4147 1131 4245 μεταύάλλει
1146 4152 1183 4239 ⁸),
1206 4153 1247 4219 τά
1273 4155 1327 4243 μέν
1353 4146 1446 4218 ἄδικα
1469 4159 1511 4230 εἰς
1531 4153 1573 4220 τά
1597 4155 1699 4245 ἄγρια,

157 4267 198 4332 τά
223 4258 256 4332 δέ
281 4257 386 4330 δίκαια
410 4270 450 4342 εἰς
474 4264 515 4330 τά
539 4267 652 4355 ἥμερα,
676 4265 821 4329 λείπεται
845 4273 940 4328 τοῦτο
966 4261 1049 4352 μετά
1065 4259 1121 4337 τάς
1139 4255 1318 4351 μεταύολάς
1334 4262 1392 4338 τάς
1408 4255 1441 4339 ἐξ
1465 4260 1633 4353 ἀνθρώπων
1658 4268 1699 4339 εἰς

157 4372 199 4435 τά
222 4371 325 4462 ἄλογα
348 4374 401 4436 καί
425 4377 459 4437 ἐκ
489 4383 552 4436 τῶν
577 4371 703 4462 ἀλόγων
734 4375 775 4446 είς
808 4369 1002 4460 ἀνθρώπους,
1028 4365 1088 4446 οἷος
1111 4375 1127 4434 6
1152 4370 1260 4446 κύκνος
1285 4371 1477 4462 ἔμπροσθεν,
1502 4369 1552 4436 οἷα
1575 4371 1617 4438 τά
1640 4373 1699 4462 πρὸ
1735 4404 1737 4413 ·

158 4478 278 4544 τούτων
303 4483 333 4544 ἐν
359 4475 401 4556 οῖς
426 4479 543 4570 ἔλεγεν,
567 4480 616 4543 ότι
632 4478 685 4544 καί
702 4481 737 4543 ἐκ
752 4487 815 4542 τῶν
832 4477 937 4543 ἄλλων
953 4477 1064 4568 θηρίων
1083 4483 1124 4555 εἰς
1142 4477 1318 4568 ἀνθρώπους
1334 4482 1475 4569 γίνονται
1500 4474 1698 4570 μετατάξεις,

117 4603 129 4640 ⁵
158 4588 211 4651 καί
234 4579 273 4661 δὴ
299 4589 353 4652 καί
374 4587 431 4664 τάς
455 4581 488 4666 ἐξ
511 4586 679 4679 ἀνθρώπων
703 4593 744 4663 εἰς
769 4587 946 4678 ἀνθρώπους
969 4593 1009 4664 ὡς
1033 4598 1088 4652 τοῦ
1113 4593 1234 4652 Ἰἰπεισῦ
1258 4588 1395 4664 καὶτῆς
1420 4587 1640 4671 Ἀταλάντης,
1664 4589 1699 4665 ἀς

159 4689 210 4764 διά
227 4709 321 4763 τοῦτο
342 4691 424 4762 εἶπεν
449 4701 479 4763 ἐν
497 4699 600 4785 μέσοις
621 4701 743 4787 λαχεῖν,
763 4701 803 4772 ὡς
818 4701 848 4761 ἐν
866 4707 906 4782 τῇ
925 4697 1080 4786 μεσότητι
1096 4705 1154 4772 τῆς
1172 4693 1364 4785 ἀνθρωπίνης
1380 4689 1461 4773 ζωῆς
1479 4696 1699 4786 στρεφομένας,

196 4911 218 4986 ¹)
237 4912 271 4966 A.
292 4910 330 4964 ἐπ’
350 4909 468 4979 ἐσχάτων.
554 4899 557 4906 ’
991 4914 1013 4986 ⁵)
1032 4913 1072 4968 M.
1092 4914 1203 4966 ίπιίόντι.

193 5005 217 5077 ¹)
236 5003 275 5059 M.
294 5003 389 5059 multa
408 5019 464 5058 om.
484 5019 580 5072 usque
599 5001 636 5059 ad
656 5003 759 5057 ἑλέσθαι.
989 5005 1012 5077 6)
1031 5004 1066 5057 A.
1084 5001 1105 5057 f.
1125 5001 1186 5056 112.
1200 5031 1234 5044 -
1246 4999 1285 5056 M.
1299 5017 1355 5056 om.
1373 5000 1529 5073 sequentia
1546 5019 1642 5074 usque
1662 5002 1699 5059 αθ

194 5093 219 5165 ³)
237 5093 272 5148 A.
291 5093 331 5148 M.
350 5091 518 5160 λελειμμένος.
533 5089 609 5146 Dein
621 5092 656 5147 A.
670 5093 713 5148 τθν
727 5093 841 5148 τοιαύτην
861 5091 905 5160 ψύ-
955 5094 1132 5146 διεσκεύασται.
1151 5089 1272 5146 Habent
1289 5089 1355 5164 typi
1368 5090 1482 5148 erronei
1496 5093 1615 5145 δυκνύντα
1634 5114 1699 5166 φαιν.

157 5203 211 5250 χην.
231 5180 279 5238 Ibi
296 5196 369 5237 vero
387 5180 426 5236 M.
445 5181 522 5248 τύχην
542 5184 568 5233 τί
595 5183 702 5251 ἄριστον,
722 5185 786 5236 tum
808 5179 834 5233 ἐκ
853 5183 903 5232 τῶν
990 5181 1013 5253 7)
1031 5179 1072 5235 Μ.
1091 5179 1173 5232 ἐλθεῖν.

157 5273 260 5336 λοιπῶν,
280 5273 399 5326 demum
418 5286 474 5324 om.
493 5271 543 5320 τῶν
562 5272 631 5341 post
650 5270 732 5322 ὄντων.
989 5271 1012 5344 8)
1031 5269 1070 5326 Μ.
1089 5269 1165 5343 legit
1183 5275 1215 5324 τὰ
1234 5271 1315 5343 ἣμερα
1334 5273 1409 5324 ἄδικα
1426 5275 1459 5334 εἰς
1473 5279 1505 5325 τιί
1524 5276 1607 5347 ἄγρια,
1628 5281 1660 5327 τὰ
1673 5279 1698 5328 δί

192 5363 215 5433 ⁴)
234 5361 273 5416 M.
295 5360 342 5414 είλι
362 5365 402 5414 τόν
424 5359 484 5428 βίον,
504 5357 567 5414 sere
585 5362 620 5414 ut
639 5357 702 5414 0οά
955 5359 1063 5412 δίκαια...
