3940 6072
612 901 1005 1005 ROMANUS
1047 903 1383 1007 RHETOR.

490 1442 675 1530 Ῥωμανού
708 1447 894 1530 Σοφιστοῦ
923 1440 1007 1530 περὶ
1036 1441 1263 1532 παρειμένον
1294 1437 1505 1526 κανόνες3).

756 1551 809 1620 De
830 1551 913 1638 stylo
933 1551 1029 1636 [οσίίί
1051 1557 1080 1618 εί
1102 1553 1246 1620 remisso.

266 1768 332 1833 Ούκ
349 1770 451 1858 ἀγνοῶ
468 1765 523 1854 μέν
539 1769 579 1843 ὡς
596 1769 763 1856 τολμηρῶς
779 1764 834 1830 καί
850 1767 1013 1857 περίεργον
1028 1759 1108 1832 είναι
1123 1753 1203 1843 δόξω
1215 1763 1262 1849 ²).
1278 1816 1284 1829 .
1299 1817 1306 1830 .
1322 1763 1364 1832 τά
1382 1763 1583 1840 σιωπηθέντα
1599 1774 1646 1850 τῷ
1663 1775 1774 1858 μακρῷ

223 1875 325 1966 χρόνῳ
350 1865 510 1967 διερευνῶν
526 1875 580 1939 καί
596 1865 800 1965 δημοσιεύων·
816 1873 922 1963 τολμά
938 1864 972 1939 δέ
988 1875 1022 1939 ού
1046 1883 1109 1939 τῶν
1133 1873 1316 1965 σοφωτέρων
1336 1873 1561 1965 ἀγνοησάντων
1577 1875 1688 1963 (μανία
1710 1873 1774 1966 γάρ

220 1994 316 2049 τοῦτο
339 1983 453 2075 λέγειν,
477 1972 517 2048 δι’
542 1975 584 2048 ὧν
609 1983 775 2073 φιλοσοφία
807 1982 861 2048 καί
884 1982 974 2070 νόμοι
998 1981 1051 2047 καί
1075 1980 1222 2074 ῥητορικὴ
1249 1981 1303 2047 καί
1326 1981 1367 2047 τά
1391 1979 1475 2047 άλλα
1506 1982 1776 2070 πλεονεκτήματα

221 2101 267 2176 τῷ
293 2094 350 2177 βίῳ
368 2083 569 2183 δεδώρηται),
593 2089 677 2156 ἀλλά
703 2089 837 2182 ῥᾳθυμίᾳ
860 2091 923 2156 τινί
946 2088 988 2155 τά
1012 2093 1142 2157 πλείονα
1166 2081 1419 2181 διαφθειράντων.
1438 2089 1562 2179 ’Ὥσπερ
1586 2082 1639 2155 ούν
1663 2091 1679 2152 ὁ
1703 2088 1778 2153 σύν-

221 2224 321 2282 τονος,
345 2205 412 2274 εἰκῆ
438 2199 603 2290 φερόμενος
627 2199 687 2265 ὑπό
710 2209 769 2275 τῆς
793 2197 920 2288 φύσεως,
945 2200 1021 2272 έστη
1047 2197 1132 2290 παρά
1147 2209 1206 2275 τῆς
1223 2199 1338 2288 τέχνης
1359 2191 1448 2275 τάξιν
1471 2189 1589 2278 λαύών,
1613 2196 1694 2262 ούτω
1717 2195 1775 2262 καί

222 2313 239 2374 ό
264 2310 421 2397 ἀνείμονος
444 2309 545 2400 ἐχέτω
568 2307 697 2391 κανύνα,
721 2307 775 2372 καί
797 2307 841 2397 μὴ
861 2307 994 2399 βάσιμος
1011 2309 1092 2374 ἔστω
1115 2317 1192 2372 πᾶσι
1211 2305 1415 2395 πλανώμενος
1428 2307 1465 2391 3)·
1487 2304 1674 2397 πειράσομαι
1695 2315 1772 2397 γοῦν

221 2421 262 2494 ὡς
286 2415 333 2494 ἀν,
357 2413 417 2493 οίός
441 2439 477 2482 τε
501 2409 525 2481 ὦ
558 2414 767 2507 μετριώτερον
791 2425 966 2507 στοχασμῷ
989 2417 1043 2480 καί
1067 2406 1256 2500 διδασκαλίᾳ
1273 2406 1440 2500 δουλεύων,
1466 2404 1703 2480 διακινδυνεύειν
1729 2419 1773 2491 είς

220 2525 348 2616 τέχνην.
372 2523 483 2590 Πάντα
506 2523 567 2617 γάρ
591 2528 674 2615 ἀρχῇ
699 2526 830 2616 γίνεται·
856 2529 885 2590 οί
909 2516 942 2591 δέ
966 2523 1034 2614 μεθ’
1058 2530 1143 2615 ἡμᾶς
1167 2524 1359 2617 μακρότερον
1372 2523 1399 2610 ⁴)
1427 2524 1579 2615 [ἐργασίᾳ]
1605 2523 1660 2590 καί
1684 2525 1773 2615 ἀκρι-

221 2625 368 2725 ύίστερον
392 2636 610 2726 ἀγωνίσονται.
635 2631 684 2698 Τά
706 2631 768 2725 γάρ
790 2642 869 2700 πᾶσι
891 2635 1075 2725 παρείμενα,
1099 2631 1186 2724 φησί,
1210 2643 1286 2700 πᾶσι
1309 2634 1364 2700 καί
1386 2634 1599 2725 πεπλήρωται

913 2849 1084 2942 Τρόποι.

267 3071 320 3132 Δεῖ
341 3065 398 3132 τὸν
423 3064 613 3155 βουλόμενον
639 3065 787 3155 ἀνειμένῳ
811 3079 991 3161 χαρακτῆρι
1013 3063 1208 3150 πλησιάζειν,
1232 3067 1271 3135 τθ
1295 3067 1351 3158 μέν
1371 3063 1473 3158 τραχύ
1497 3056 1708 3158 δραπετεύειν,
1732 3065 1770 3131 τό

225 3163 259 3239 δέ
283 3173 418 3265 ἀσφαλές
441 3167 593 3254 έξασκεῖν.

267 3281 365 3348 ’Ἔστι
388 3273 422 3348 δέ
438 3294 493 3348 τοῦ
510 3283 566 3372 μέν
583 3285 734 3375 τραχέως,
759 3286 828 3352 ὅτε
846 3286 1060 3377 συγκρουσμός
1076 3285 1130 3350 καί
1153 3290 1173 3360 η
1199 3283 1364 3377 ἐναγώνιος
1388 3276 1532 3363 σύνταξις
1555 3283 1609 3350 καί
1631 3284 1670 3350 τδ
1693 3287 1776 3373 ἰαμ-

221 3382 383 3481 ύύκροτον.
408 3391 443 3458 ‘0
468 3391 524 3481 μέν
548 3385 600 3457 ούν
617 3393 843 3484 συγκρουσμδς,
860 3391 922 3460 οίον
940 3398 981 3471 είς
998 3386 1174 3484 ύπερύολὴν
1191 3387 1308 3479 παίζει,
1323 3391 1396 3459 ἔνθα
1415 3395 1431 3456 ό
1448 3397 1543 3484 Κύρος
1559 3392 1613 3456 καί
1631 3396 1648 3456 ό
1665 3391 1773 3470 Σάκις,

220 3499 275 3564 καί
291 3503 307 3564 ὁ
324 3499 500 3591 κένταυρος,
515 3499 569 3564 καί
585 3499 601 3565 θ
618 3509 681 3565 τῶν
699 3494 901 3568 Ἀναύάσεων
917 3494 1103 3593 ψευδόμενος
1120 3502 1233 3591 νεκρός.
1251 3502 1285 3568 '0
1310 3492 1343 3566 δέ
1366 3492 1540 3592 Ἡρόδοτος,
1566 3498 1671 3590 μύθοις
1694 3505 1775 3567 ύπο-

220 3607 344 3673 κλέπων
369 3607 418 3674 ἀεί
440 3607 500 3679 τὴν
518 3607 678 3686 ἀλήθειαν,
697 3612 878 3677 ἀπιστεῖται
894 3612 947 3676 καί
971 3611 1083 3702 τέρπει.
1110 3611 1145 3678 ‘0
1163 3602 1197 3676 δέ
1213 3600 1407 3685 Θουκυδίδης
1430 3608 1484 3674 καί
1507 3608 1642 3674 Πλάτων
1667 3609 1775 3692 αὐτὸς,

220 3719 236 3780 ὁ
263 3715 318 3804 μέν
342 3709 374 3794 ἐξ
399 3713 540 3806 ἀνάγκης
565 3709 773 3794 ἀπεικάζεται
795 3727 836 3803 τῇ
863 3717 933 3802 Ῥέᾳ
956 3715 1017 3791 τὴν
1040 3729 1101 3809 γῆν
1119 3715 1155 3802 3)·
1180 3721 1197 3782 ό
1221 3707 1255 3783 δέ
1281 3715 1366 3807 παρά
1390 3715 1450 3788 τὴν
1477 3716 1660 3806 φιλοσοφίαν
1684 3713 1776 3806 μύθῳ

221 3813 412 3914 διαλέγεται,
437 3827 477 3900 ὡς
502 3822 696 3897 ἀπαιτούσης
719 3835 777 3901 τῆς
801 3836 856 3890 τοῦ
881 3825 1041 3915 ἀνειμένου
1066 3826 1192 3916 φύσεως.

263 3930 404 4022 (Τρόπος.
415 3927 440 4014 ⁸)
457 3929 552 4021 Ἔχει
570 3921 603 3996 δὲ
618 3930 709 4021 χάριν
731 3933 864 4009 σπανίως
880 3933 1051 4024 λεγόμενον
1068 3934 1105 3998 τὸ
1123 3929 1430 4022 όμοιοκατάληκτον·
1447 3927 1511 3996 οἷον
1528 3935 1544 3995 ὁ
1560 3919 1773 4007 Θουκυδίδης·

220 4041 373 4105 Φαίνεται
395 4038 456 4131 γάρ
472 4045 493 4114 ἡ
511 4050 562 4104 νῦν
578 4039 689 4115 Ἑλλάς
713 4041 905 4129 καλουμένη,
928 4047 963 4108 ού
986 4043 1087 4106 πάλαι
1103 4033 1234 4126 βεύαίως
1252 4042 1427 4130 οἰκουμένη.
1445 4039 1505 4105 Καὶ
1527 4037 1633 4104 πάλιν·
1659 4037 1776 4105 Ἐθαύ-

219 4141 298 4238 μαζε
321 4149 359 4214 τό
383 4147 513 4224 πλῆθος,
538 4152 572 4212 ού
596 4147 656 4239 γάρ
680 4139 751 4221 ἤδει
773 4151 810 4215 τύ
834 4148 942 4227 πάθος.
967 4151 1028 4214 Καί
1057 4147 1199 4214 Πλάτων·
1226 4143 1265 4214 ’Π
1288 4151 1393 4212 λῶστε
1416 4151 1515 4230 πῶλε,
1540 4150 1589 4211 ίνα
1611 4147 1775 4237 προσείπω

218 4279 253 4322 σε
276 4255 360 4321 κατά
384 4256 427 4321 σέ.
452 4255 608 4322 Φενκτέον
634 4247 667 4321 δέ
690 4258 728 4322 τὸ
751 4258 928 4349 προσκορές,
953 4250 1025 4324 ούδέ
1047 4255 1107 4349 γάρ
1131 4261 1163 4322 έν
1192 4257 1329 4341 συντόνῳ
1362 4247 1520 4346 εὐδοκιμεῖ
1542 4261 1686 4348 Γοργεϊον
1716 4255 1777 4320 καί

221 4361 440 4456 Ἰσοκρατεϊον.

258 4543 281 4618 ¹)
299 4543 347 4601 Ex
365 4542 429 4601 οοὰ.
448 4543 516 4600 θεέ.
536 4543 589 4600 105
607 4561 634 4616 p.
655 4544 679 4616 1,
698 4543 718 4602 t
739 4543 800 4601 151.
827 4542 972 4619 Copiosus
1025 4541 1133 4602 friouit.
1151 4542 1209 4601 Sed
1232 4561 1356 4620 prorsus
1381 4541 1546 4600 timendum
1569 4559 1608 4600 no
1632 4541 1777 4602 mutilum

221 4633 323 4704 codex,
337 4631 367 4688 in
381 4630 457 4689 ᾱειεε
470 4639 573 4706 partes
586 4631 710 4706 divisus,
722 4633 869 4707 prolixum
886 4639 917 4690 et
929 4648 973 4690 εει·
1024 4633 1153 4693 rhetoris
1172 4652 1246 4708 opus
1266 4653 1304 4692 ex
1317 4635 1444 4710 abrupto
1459 4632 1582 4706 ἰυοίρῖεε
1600 4639 1632 4690 σε
1650 4634 1778 4693 interce-

219 4742 287 4782 rum
305 4721 440 4780 continet
452 4723 698 4780 commentarium
711 4723 740 4781 in
756 4723 831 4782 duos
850 4723 972 4780 Hermo·
1025 4724 1078 4783 dat
1095 4723 1126 4782 in
1145 4723 1254 4794 codice,
1272 4723 1324 4796 qui
1342 4723 1462 4780 omnino
1481 4721 1589 4780 unicus
1607 4721 1736 4780 videtur.

221 4811 307 4886 genis
333 4817 496 4868 tractatus:
523 4815 583 4884 Περὶ
610 4812 724 4884 :mimz
750 4817 783 4869 οε
801 4817 860 4884 Περι
883 4815 971 4878 ὶοισνς
1061 4816 1084 4890 ¹)
1103 4811 1268 4887 spatiolum
1281 4812 1311 4868 in
1325 4811 1529 4870 οοᾶ.νεοιιιιιιι
1541 4811 1695 4869 videretur
1712 4811 1779 4872 hia·

219 4901 300 4974 quod
318 4906 416 4958 totum
441 4899 562 4958 videtur
585 4918 660 4974 opus
685 4901 781 4974 ignoti
798 4901 970 4975 interpretis
1024 4910 1089 4962 tum
1107 4904 1240 4961 innuere.

218 4989 346 5048 somnis
358 4989 531 5065 Doxopatr'm
542 4989 628 5046 Inter
639 4997 798 5063 utramque
810 4991 971 5063 Hermoge-
1060 4993 1084 5066 ⁸)
1102 4991 1243 5065 Suspicor
1261 4991 1437 5062 πλυνωριίνεις.

218 5077 266 5138 nis
293 5083 478 5153 πραγματείαν,
497 5079 628 5138 fortasse
653 5078 693 5136 ad
717 5079 817 5136 locum
840 5096 970 5137 vacuum
1059 5082 1082 5155 ⁴)
1101 5081 1226 5154 ἐργαιὶα
1244 5079 1275 5136 in
1294 5097 1390 5152 marg.

218 5169 412 5244 implendum,
425 5169 570 5228 inseritur
582 5169 760 5245 opuseulum
771 5169 906 5242 Romani,
920 5187 971 5226 ου·
1060 5172 1083 5245 ⁵)
1103 5167 1135 5242 τῇ
1154 5171 1196 5243 ῥία
1216 5174 1247 5242 τῇ
1268 5172 1305 5243 ῥῇ.
1324 5168 1373 5226 Sic
1391 5167 1454 5226 σού
1474 5167 1622 5242 ambigue.

215 5257 268 5333 jus
285 5277 393 5317 nomen
406 5259 678 5334 ideomepelloxit,
692 5259 771 5334 quod
784 5258 893 5318 summi
912 5276 971 5316 mo·
1059 5261 1082 5335 ⁸)
1102 5262 1199 5333 τρίτος,
1228 5258 1272 5317 nio
1297 5259 1438 5334 frequens
1462 5265 1498 5316 ιιί
1520 5256 1627 5317 titulus
1653 5258 1778 5333 ponitur

218 5348 282 5406 lodi
293 5348 418 5406 Romani
431 5349 604 5408 memoriam
616 5349 689 5408 mihi
703 5347 915 5410 suavissimam
927 5365 971 5407 το
1024 5354 1110 5407 σκετο
1128 5347 1294 5424 periodum.
