4022 6072
800 525 939 618 Moyses
957 529 999 599 dc
1020 527 1170 601 Graecia
1707 537 1761 594 153

211 695 303 753 verbo
322 693 432 751 dicitnr
450 693 544 750 lstine
557 692 753 768 compositum
767 694 957 766 interpolare.
1012 695 1162 770 simplices
1177 699 1226 756 vel
1239 697 1427 771 compositas,
1438 695 1545 755 Graeci
1555 699 1707 755 schemata
1717 696 1761 754 di-

211 785 293 843 Siout
312 790 433 842 sanctus
451 783 630 841 Ambrosius
647 783 677 840 in
696 784 791 842 totius
810 784 957 842 adventus
1012 792 1084 842 cunt
1102 789 1187 857 aplia
1200 785 1264 843 sive
1276 789 1420 856 sinitram
1440 785 1477 842 de
1496 785 1669 858 compositis
1687 803 1760 843 vero

210 877 322 950 hymno
332 874 370 950 ¹):
1008 876 1225 945 parasintlmta,
1248 873 1279 929 id
1302 878 1349 931 est
1371 890 1447 946 quae
1462 875 1702 945 parasintteton,
1723 891 1761 930 ex

364 1004 449 1069 Quod
466 1007 553 1062 carra
570 1021 633 1061 mm
650 1005 806 1075 interpolet
1011 963 1184 1036 compositis
1208 963 1391 1020 derivantur.
1412 962 1663 1036 syllogismorum
1689 981 1759 1037 qno·

1011 1068 1069 1124 qne
1082 1051 1196 1124 figurae
1210 1051 1328 1109 diversa
1340 1055 1491 1109 schemata
1503 1050 1701 1124 appellantur.

211 1147 243 1204 id
261 1151 309 1204 est
326 1146 514 1205 interveniet.

1221 1231 1402 1288 Orrrrunuu
1420 1230 1552 1287 XXXII.

413 1323 594 1382 Gnrrrunnnr
612 1324 756 1381 XXVIII.

1048 1412 1135 1480 Quod
1154 1412 1184 1468 in
1205 1411 1303 1470 David
1322 1411 1443 1485 saepius
1461 1413 1597 1485 psalmus
1616 1415 1665 1472 vel
1683 1415 1763 1488 psel-

245 1503 324 1560 Ilem
343 1505 540 1575 «tropeum».
563 1505 690 1574 Ilroper'n
708 1519 814 1576 mneos
840 1507 958 1559 vertere
1012 1504 1129 1572 terium,
1143 1502 1193 1558 vel
1205 1501 1385 1575 snbpsalms,
1399 1502 1450 1560 vel
1468 1501 1632 1576 diapsalma
1642 1502 1760 1576 dicitur,

91 1655 96 1662 ,
211 1591 334 1664 dicitur;
344 1595 428 1665 tropo
436 1609 509 1651 vero
522 1592 634 1665 versio,
645 1593 725 1650 unde
738 1609 814 1666 quse
828 1587 959 1650 solstitio
1011 1608 1070 1647 non
1083 1596 1131 1648 est
1143 1590 1268 1664 dignum
1280 1592 1374 1648 latere
1387 1592 1529 1648 lectorem
1537 1609 1544 1647 :
1553 1595 1674 1663 psallere
1686 1593 1761 1666 (lan-

210 1683 303 1740 letine
322 1681 457 1756 dicimus,
476 1683 579 1756 groeci
596 1687 701 1755 tropas
719 1682 880 1757 appellent,
897 1685 958 1741 chi·
1011 1682 1072 1754 iro)
1084 1681 1149 1738 sive
1162 1683 1251 1738 Mein
1263 1689 1384 1739 santam
1398 1681 1521 1754 dicitur;
1535 1682 1588 1740 sed
1601 1689 1631 1740 st
1639 1685 1761 1754 psallon

209 1775 342 1829 morinen
359 1775 411 1830 irai
438 1775 602 1830 aitterinen
624 1772 656 1828 id
679 1777 727 1829 est
752 1771 908 1829 hibernam
927 1777 958 1828 et
1012 1776 1059 1828 est
1071 1771 1192 1844 minute,
1204 1771 1404 1844 distincteque
1415 1777 1545 1842 cantore,
1556 1771 1636 1829 unde
1644 1775 1760 1845 psaltas

211 1858 367 1918 aestivam.
388 1862 535 1933 Tropaum
547 1877 620 1919 vero
633 1859 750 1934 proprie
770 1859 878 1916 dicitur
896 1877 959 1916 sus·
1012 1869 1115 1920 centor
1134 1863 1249 1935 dicitur,
1263 1882 1322 1920 uon
1329 1866 1503 1935 psalmistes
1516 1863 1580 1920 sive
1591 1866 1762 1942 psalmista,

210 1951 313 2024 pensio
332 1951 486 2008 hostilium
504 1951 682 2009 exuviorum
695 1951 731 2008 de
750 1950 848 2008 versis
866 1951 958 2008 hosti·
1012 1954 1091 2027 quod
1109 1954 1202 2012 latine
1221 1956 1299 2013 mele
1319 1953 1436 2013 dicitur.
1454 1957 1531 2012 Nam
1547 1955 1580 2011 in
1594 1958 1762 2026 psalmicen

213 2041 278 2113 bus,
291 2042 464 2114 noncsptis,
477 2040 656 2099 velomnino
669 2040 836 2114 superstis3
855 2039 959 2097 trium·
1011 2061 1119 2118 graece
1143 2043 1301 2116 diceretur,
1321 2043 1400 2101 sicut
1425 2047 1573 2102 rinharim
1594 2045 1762 2118 (κυοαρίζειν),
1821 2079 1826 2088 ·

210 2132 289 2204 phus
302 2137 404 2188 autem
418 2133 453 2190 ds
467 2132 555 2190 victis
569 2138 600 2190 et
613 2133 739 2206 captivis
756 2132 872 2204 dicitnr,
892 2151 959 2189 oum
1010 2143 1091 2194 reate
1104 2153 1221 2208 qnoque
1229 2137 1419 2207 psalmistam
1433 2135 1512 2192 siout
1523 2137 1699 2208 cytharistcs
1718 2133 1762 2190 di·

210 2239 264 2295 per
272 2221 425 2294 publicum
435 2222 629 2280 deducuntur.
640 2223 726 2290 Quod
737 2241 788 2297 por
798 2223 958 2281 Aemilium
1012 2224 1098 2280 citur.
1111 2225 1158 2280 Ex
1169 2225 1225 2280 hoc
1237 2226 1422 2296 snbpsalma,
1440 2223 1472 2280 id
1485 2229 1533 2281 est
1546 2229 1707 2282 succentus
1720 2224 1761 2280 dl·

210 2313 339 2370 Peulum
364 2314 401 2370 ds
424 2315 536 2372 Perseo
561 2313 751 2372 Macedoniae
776 2331 864 2388 rege,
892 2332 959 2372 oum
1012 2312 1098 2383 citur,
1116 2317 1147 2369 et
1159 2315 1332 2385 diapsalma
1351 2312 1382 2368 in
1395 2313 1499 2370 eodem
1511 2313 1627 2386 psalmo
1641 2311 1763 2369 ‹lutino-

179 2477 183 2482 .
210 2419 304 2458 uxore
323 2401 461 2459 similiter
484 2409 514 2461 et
532 2401 602 2460 filiis
622 2407 654 2459 st
674 2403 812 2475 pluribus
830 2401 898 2460 aliis
915 2402 959 2460 fa·
1012 2401 1144 2458 tiointer
1157 2419 1205 2458 res
1219 2401 1284 2458 sive
1297 2417 1448 2474 personas,
1469 2401 1547 2458 siout
1559 2401 1760 2475 Hieronymus

211 2498 293 2551 ctum
312 2493 460 2552 scribitur.
1011 2491 1043 2548 in
1062 2489 1166 2548 eodem
1184 2489 1259 2547 libro
1278 2507 1331 2563 per
1349 2490 1445 2548 mults
1462 2490 1529 2546 locs
1548 2489 1694 2548 distinxit.

431 2673 612 2732 Osrrrunuu
628 2671 745 2730 XXIX.
1213 2668 1394 2726 Onrrrnnmr
1411 2667 1560 2726 XXXIII.

246 2851 282 2908 In
301 2853 426 2925 prologo
445 2851 624 2925 Sophoniae:
644 2854 813 2911 «vellicans
830 2870 960 2930 sycomc·
1047 2852 1126 2908 Item
1145 2850 1176 2907 in
1195 2849 1380 2908 Ecclesiaste
1398 2851 1523 2923 prologo
1532 2849 1566 2923 ⁴),
1588 2849 1668 2924 qnod
1686 2849 1759 2906 dicit

210 2957 261 2998 ras
270 2958 288 2992 »
298 2941 330 3014 ²),
350 2940 415 2999 ere
428 2940 578 3010 sicamina,
597 2943 655 2999 rice
667 2958 775 3014 graeco
788 2941 899 2998 dicitur
917 2959 961 2998 er·
1008 2946 1174 3013 panaretos
1187 2939 1385 3014 compositum
1397 2959 1506 2998 nomen
1518 2945 1572 3011 ost,
1585 2957 1620 2998 ex
1632 2957 1667 2997 eo
1680 2940 1760 3014 qnod

210 3029 266 3087 bor
282 3029 371 3102 ficus;
389 3030 507 3088 fructus
524 3048 605 3102 vero,
619 3033 702 3090 maon
713 3048 824 3106 genere
843 3037 958 3104 neutro,
1013 3035 1062 3087 est
1075 3047 1150 3103 pan,
1170 3029 1201 3085 id
1219 3035 1267 3086 est
1286 3047 1380 3098 omne,
1396 3036 1427 3086 et
1446 3033 1527 3087 arete
1536 3028 1568 3084 id
1580 3034 1627 3086 eet
1645 3028 1759 3100 virium

213 3135 310 3176 moros
329 3135 401 3176 vero
419 3119 537 3191 fatuus,
549 3121 713 3178 sicomorus
732 3138 804 3194 ergo
822 3120 898 3178 ficus
916 3122 960 3178 fa·
1012 3137 1121 3193 grsece
1141 3123 1221 3178 arcte
1240 3118 1349 3176 dicitnr
1373 3125 1491 3177 tantum
1511 3119 1603 3176 animi
1627 3119 1691 3176 sive
1711 3138 1762 3193 op-

212 3211 266 3264 tus
285 3206 404 3264 dicitur.
423 3206 603 3265 Sicsminum
621 3225 694 3265 voro
713 3209 820 3266 Graeci
833 3225 961 3266 commu·
1012 3208 1206 3282 portunitstis
1225 3208 1455 3282 cujusqueloci3
1468 3208 1548 3282 quod
1561 3207 1640 3265 enim
1651 3209 1761 3266 nosdi·
1819 3251 1821 3258 .

211 3297 410 3356 nitervoesnt
422 3299 558 3355 arborem
566 3317 683 3357 morum
697 3300 854 3373 sengnunei
867 3301 960 3358 sucei.
1013 3297 1108 3355 cimus
1127 3298 1221 3355 latine
1246 3296 1391 3354 virtutem
1413 3297 1574 3354 indiscrete
1600 3296 1692 3353 animi
1710 3299 1761 3354 vel

1013 3389 1152 3464 corporis,
1171 3406 1277 3462 graece
1290 3391 1430 3464 dynamis
1442 3405 1514 3446 vero
1527 3395 1559 3444 et
1570 3385 1602 3444 in
1619 3387 1717 3445 culmo
1730 3394 1763 3445 et

438 3479 620 3538 Cnrrrnnnnr
638 3481 737 3538 XXX.
1012 3479 1045 3536 in
1064 3497 1185 3553 corpore
1197 3479 1311 3548 dicitur,
1325 3484 1361 3534 ut
1374 3478 1518 3536 coelestes
1537 3477 1665 3536 virtutes
1684 3495 1760 3551 ques

1014 3571 1120 3626 urania
1129 3571 1274 3644 dynames
1284 3567 1388 3625 Graeci
1399 3567 1508 3638 dicunt;
1518 3574 1549 3623 et
1558 3567 1658 3624 David
1667 3569 1689 3642 ⁵)
1699 3569 1759 3643 (lli

247 3658 333 3726 Quod
357 3659 431 3718 ilem
455 3663 634 3736 ‹quadliya
652 3662 702 3720 vel
721 3664 816 3736 bt'ya»
842 3661 959 3735 dicitur,
1015 3681 1057 3732 ριι,
1077 3659 1100 3713 ἓν
1120 3663 1151 3732 τῇ
1171 3663 1273 3730 δυνάμει
1292 3655 1335 3710 Ισου
1354 3659 1545 3730 εὐφρανθήσεται
1560 3660 1571 3710 ὁ
1588 3659 1711 3727 βασιλεὺς)
1731 3657 1762 3714 id

212 3767 289 3824 quae
308 3757 436 3824 quotuor
455 3752 540 3826 equis
559 3753 676 3826 agilum
695 3771 803 3826 mneos
823 3754 904 3810 dicte
922 3757 960 3811 lc·
1014 3755 1061 3807 est
1080 3749 1240 3820 «Domino,
1255 3747 1287 3804 in
1301 3747 1414 3805 virtute
1427 3752 1480 3805 tus
1491 3747 1654 3804 lsstsbitur
1671 3765 1725 3804 rex
1735 3767 1760 3804 r.

211 3843 336 3912 trippcr,
358 3842 444 3914 qussi
463 3841 572 3899 dicitnr
591 3843 869 3918 quadrieque.Biya
887 3861 960 3904 vero
1013 3841 1070 3898 Est
1090 3857 1163 3914 ergo
1177 3843 1344 3912 panaretos
1362 3837 1458 3896 omnis
1477 3837 1514 3895 de
1532 3838 1654 3896 virtute.

211 3930 282 4000 quia
301 3931 417 3989 duobus
436 3931 544 4005 egitur,
558 3949 667 4005 graece
686 3931 765 3990 dictu
782 3937 891 3992 sinaris
903 3935 960 4007 (oo-

212 4019 287 4093 mpir)
305 4025 465 4092 utrumque
484 4038 556 4078 vero
582 4039 689 4094 grseoe
715 4041 803 4081 arma
823 4023 961 4082 dicuntur
1220 4017 1399 4076 Gnrrrunnn
1417 4015 1559 4074 XXXIV.

212 4108 312 4165 neutri
330 4108 457 4182 generis,
478 4109 632 4182 genitivus
651 4115 792 4169 amnatos.

1050 4201 1762 4275 Quodsequiturpsradapipraplrns,pseudeetlte

431 4288 613 4348 Osrrrunuu
630 4289 744 4347 XXXI.
1013 4292 1174 4366 (ψιυδὲσοαι),
1192 4291 1302 4348 dicitur
1327 4309 1435 4363 graece
1460 4290 1595 4362 mentiri,
1613 4291 1760 4364 propicia

1013 4403 1086 4443 vero
1107 4384 1244 4454 scribere,
1273 4382 1352 4440 unde
1377 4385 1528 4454 crapitene
1555 4383 1607 4440 kal
1632 4383 1761 4453 sanara-

249 4468 336 4536 Quod
353 4467 384 4525 in
402 4469 527 4543 prologo
546 4470 606 4528 Job
625 4467 736 4526 dicitur
745 4469 769 4544 ³)
792 4472 961 4528 «molima-
1009 4480 1114 4549 prom,
1142 4475 1270 4548 scriptor
1289 4479 1321 4532 ot
1337 4471 1534 4546 conscriptor,
1551 4474 1666 4546 prophe
1687 4487 1759 4528 vero

211 4560 384 4629 tiemcnos»,
404 4561 472 4616 cado
491 4559 556 4616 sive
574 4561 643 4618 ecla
662 4576 770 4632 grume
783 4559 890 4618 dicitur
908 4561 960 4618 ha·
1013 4565 1168 4638 scripturn,
1179 4567 1365 4638 cinyramma
1376 4557 1759 4634 velsinpravaconecripti5

211 4647 277 4720 beo,
296 4646 333 4704 de
352 4665 410 4720 quo
429 4647 537 4706 schesis
563 4647 627 4705 sive
645 4651 765 4705 schema
780 4647 918 4721 trahitur,
929 4647 960 4705 id
1012 4658 1184 4728 cpipraplrc,
1211 4650 1440 4726 superscriptio;
1460 4652 1672 4724 orticpraplria
1690 4647 1761 4706 sori·

212 4742 261 4794 est
278 4737 423 4794 hebitudo
436 4738 485 4795 vel
497 4737 620 4796 habitus
632 4755 687 4795 seu
699 4739 805 4811 figura.
823 4739 961 4797 Ubicum-
1012 4744 1102 4802 bandi
1120 4743 1235 4819 poritin
1248 4742 1327 4798 Hinc
1346 4739 1531 4815 componitur
1549 4755 1656 4796 nomen
1671 4755 1760 4810 pseu·

213 4843 271 4898 que
290 4825 369 4883 onim
388 4843 444 4883 nos
460 4826 492 4883 in
510 4827 695 4886 orationibus
713 4833 814 4901 partes
833 4828 960 4886 dicimus
1013 4834 1197 4908 dcpiqrafos,
1216 4832 1247 4889 id
1265 4837 1313 4890 est
1330 4831 1427 4889 ieleus
1446 4828 1638 4903 conscriptor.

249 5059 272 5134 ¹)
290 5057 326 5115 In
352 5057 506 5117 Breviorio
533 5059 664 5136 hymnus
692 5061 879 5120 desideratur
908 5069 962 5121 nul
1048 5067 1073 5141 ⁴)
1090 5066 1239 5138 Prologus
1257 5081 1316 5122 non
1336 5067 1445 5121 exstat.

212 5153 356 5205 mutatur.
1049 5155 1073 5228 5)
1090 5155 1141 5212 Ps.
1159 5171 1209 5224 xx,
1227 5153 1254 5208 i.
1273 5152 1390 5210 Codicis
1408 5153 1483 5210 haec
1511 5154 1647 5207 monstro
1672 5153 1756 5206 sunt:

247 5239 270 5310 Ι)
288 5237 402 5294 Ruisus
420 5237 497 5295 lutet
514 5237 563 5295 hic
581 5240 730 5297 mendum.
1015 5249 1054 5298 Kc
1074 5265 1113 5298 or
1132 5245 1251 5316 oynami
1267 5243 1306 5315 fa
1324 5242 1516 5315 eufranflsete
1534 5241 1696 5312 desiimus.

248 5327 272 5402 ³)
290 5327 362 5402 Opp.
381 5333 403 5386 t
425 5345 467 5404 rx,
486 5331 541 5388 col.
561 5332 640 5392 1081.
