4006 6074
262 446 299 502 ιο
716 439 788 510 Gur
799 460 868 530 μοι·
885 461 934 509 x11
953 437 1024 510 ιίίοο
1043 436 1130 509 Em
1148 437 1218 511 vita
1229 440 1357 532 μετρῶ.

262 618 318 672 τοῦ
334 605 526 697 περιθέοντος
543 607 647 691 κύκλῳ
664 605 735 684 τοὺς
752 606 848 690 θεοὺς,
866 599 939 673 ἰδεῖν
957 599 1047 672 δέδι’
1066 611 1159 672 αὐτοῦ
1176 618 1285 702 πᾶσαν
1303 609 1363 682 τήν
1387 610 1458 700 περί
1480 606 1586 700 ψυχῶν
1604 611 1754 686 ἀλήθειαν
1777 617 1809 677 ἐν

263 716 430 790 αύτόπτοις
455 714 617 805 θεάμασιν·
635 717 709 805 πρὸς
726 707 760 780 δέ
782 727 824 801 τῇ
845 717 963 806 ἱστορία
979 715 1180 781 παντάπασιν
1198 721 1278 802 αὐτῇ
1298 718 1339 808 μή
1359 710 1525 807 δυνάμενοι
1542 723 1682 794 ἀπιστεῖν
1699 720 1753 786 καὶ
1768 725 1809 795 είς

261 822 321 896 τήν
346 817 428 901 ζωήν
454 825 691 913 ἀναπέμποντες
723 826 781 889 ὅσα
805 848 897 914 φησιν
928 830 944 888 ό
975 823 1127 903 Πλάτων,
1152 826 1251 900 αὐτήν
1282 837 1338 892 τοῦ
1363 828 1499 918 ἀγγέλου
1523 838 1581 903 τῆς
1604 828 1809 919 προκειμένης

263 931 459 1019 ἀφηγήσεως,
483 931 521 994 τό
546 930 787 1021 μένἈλκιμον,
812 934 851 1008 ὥς
875 957 934 996 που
958 933 1011 997 καί
1026 933 1174 1023 πρότερον
1191 936 1326 1023 εἴπομεν,
1345 927 1462 1008 δηλοῦν
1482 941 1573 1024 ήμεῖς
1596 959 1634 1024 γε
1658 936 1807 1023 φήσομεν,

223 1071 235 1109 η
262 1037 321 1109 τήν
346 1030 386 1102 δι’
410 1042 462 1113 ἑῆς
488 1041 598 1121 ἀλκῆς,
624 1045 665 1116 εἰς
690 1039 775 1116 θεοὺς
792 1040 963 1107 ἀνάστασιν
980 1051 1039 1117 τῆς
1055 1043 1205 1120 τοιαύτης
1222 1039 1333 1133 ψυχῆς·
1351 1044 1387 1108 τὸ
1405 1035 1437 1109 δὲ
1455 1043 1537 1134 ὑγιές
1553 1042 1611 1114 τήν
1629 1037 1807 1120 ἀλώόητον,

261 1146 314 1209 καί
338 1145 443 1220 ἀπαθῆ
468 1146 675 1213 κατάστασιν·
702 1151 735 1213 ού
759 1147 819 1239 γάρ
844 1155 876 1213 αί
899 1161 1050 1240 τυχοῦσαι
1072 1149 1170 1241 ψυχαὶ
1195 1151 1344 1217 τοιούτων
1362 1151 1397 1216 ἀν
1420 1151 1543 1241 τύχοιεν
1568 1150 1744 1242 θεαμάτων·
1769 1151 1807 1215 τό

261 1244 295 1319 δὲ
318 1256 349 1319 έν
373 1254 501 1345 πολέμῳ
519 1258 720 1337 τελευτῆσαι,
737 1257 774 1320 τό
791 1257 1003 1346 στρεφομένην
1020 1260 1068 1322 ἔτι
1083 1260 1152 1348 περὶ
1169 1259 1227 1332 τήν
1244 1261 1364 1350 γένεσιν
1386 1260 1548 1349 ἀχράντως
1573 1251 1729 1340 διαζῆσαι,
1753 1258 1808 1324 καί

261 1359 304 1449 μή
330 1362 446 1426 ταύτόν
470 1359 579 1426 παθεῖν
603 1372 672 1436 ταῖς
698 1352 962 1452 διαρθειρομέναις
986 1363 1045 1428 ὑπό
1070 1374 1131 1428 τῶν
1148 1367 1179 1429 ἐν
1196 1369 1276 1453 αὐτῇ
1302 1367 1420 1453 παθῶν,
1446 1371 1518 1432 ἀλλ’
1543 1361 1699 1458 ἐξαίρετον
1724 1371 1806 1458 ἔχειν

259 1465 345 1558 παρά
367 1467 424 1544 τάς
448 1468 547 1544 ἀλλας
571 1466 671 1558 ψυχάς
696 1469 896 1539 τελειότητα·
922 1471 976 1535 καί
1000 1470 1062 1562 μήν
1087 1471 1200 1540 καὶτὸ

206 1705 232 1746 ιο
260 1683 284 1750 f.
301 1685 343 1749 60
360 1684 475 1750 lacuna
499 1686 519 1750 4
540 1705 640 1752 vers:
657 1687 698 1759 εἰς
715 1683 769 1748 τόν
787 1682 884 1750 τόπον
900 1709 988 1753 ...ωσι
1004 1684 1063 1758 τήν
1081 1685 1181 1777 ἀρχήν
1198 1699 1253 1753 τοῦ
1270 1689 1483 1778 σύμπαντος...
1508 1692 1580 1756 όλον
1597 1691 1652 1756 τόν
1669 1693 1806 1782 οὐρανόν·

259 1793 434 1880 ἡμερησίαν
450 1814 533 1865 ...τες
551 1782 621 1856 όδόν
638 1796 679 1867 εἰς
697 1793 795 1864 αὐτὴν
814 1803 994 1859 καταντῶσι
1011 1793 1069 1866 τήν
1087 1794 1187 1884 ἀρχήν
1204 1807 1259 1860 τοῦ
1277 1796 1390 1885 ρωτός.
1406 1797 1683 1887 Παραιτησάμενοι
1700 1791 1732 1864 δὲ
1748 1798 1805 1874 τάς

258 1898 363 1973 κένυυς
387 1900 529 1976 ὑπονοίας
552 1909 615 1964 τῶν
640 1893 816 1992 ἐξηγητῶν,
841 1899 875 1976 ἀς
899 1902 951 1966 καί
968 1903 1134 1993 ΙΙορρύριος
1152 1903 1400 1986 ἀπεσκευάσατο,
1417 1904 1540 1977 πολλήν
1565 1906 1620 1970 καί
1644 1897 1805 1996 διαλύγιον

259 2008 411 2096 ρλυαρίαν
436 2007 711 2099 έπεισαγοιγόντων
736 1998 788 2073 διά
811 2019 868 2084 τῆς
893 2000 1078 2093 δωδεκάδος,
1103 2020 1166 2075 τῶν
1192 2009 1246 2101 μὲν
1263 2017 1303 2088 εἰς
1321 2013 1375 2078 τόν
1400 2005 1552 2097 ζῳδιακὸν
1572 2016 1604 2102 ¹),
1621 2023 1684 2078 τῶν
1708 2007 1742 2080 δέ
1765 2021 1806 2092 είς

257 2113 330 2188 τούς
354 2125 465 2204 μῆνας,
488 2125 552 2179 τῶν
578 2108 610 2180 δὲ
634 2120 676 2191 είς
700 2115 772 2192 τοὺς
796 2107 918 2181 δώδεκα
941 2115 1025 2192 θεοὺς
1044 2119 1258 2208 ἀναφερόντων
1275 2121 1330 2184 τόν
1352 2120 1491 2212 ἀριθμόν,
1516 2121 1569 2184 καί
1591 2123 1804 2214 πιστουμένων

204 2245 230 2282 ιε
257 2227 368 2288 οἰκεῖον
393 2224 489 2298 οὕτως
515 2225 609 2288 αὐτόν
626 2219 704 2289 εἶναι
719 2234 788 2302 ταῖς
806 2230 845 2301 είς
862 2225 980 2317 γένεσιν
999 2225 1111 2303 ἰούσαις
1127 2223 1251 2317 ψυχαῖς,
1269 2233 1304 2291 Εἰ
1328 2220 1377 2292 δεῖ
1392 2229 1444 2293 καί
1459 2235 1500 2304 είς
1525 2227 1584 2300 τήν
1608 2223 1691 2308 ζωήν
1709 2233 1804 2296 αὐτόν

257 2341 320 2395 τῶν
337 2327 443 2420 ψυχῶν
462 2331 665 2419 ἀναπέμπειν,
683 2333 908 2422 ἄλλοντρόπον
928 2339 1016 2424 ἡμεῖς
1033 2333 1092 2406 τήν
1110 2333 1237 2424 θεωρίαν
1255 2336 1394 2425 μέτιμεν,
1413 2334 1472 2408 τήν
1489 2328 1580 2402 τοῦδε
1597 2348 1652 2403 τοῦ
1677 2338 1805 2428 ἀριθμοῦ

258 2439 438 2531 συγγένειαν
463 2439 645 2528 αἰτιώμενοι
659 2443 733 2532 πρὸς
748 2439 808 2512 τήν
826 2442 903 2514 όλην
921 2433 1061 2531 περίοδον
1078 2452 1140 2506 τῶν
1159 2439 1275 2532 ψυχῶν·
1294 2442 1480 2516 συνέστηκεν
1504 2443 1563 2534 γάρ
1580 2448 1615 2510 ἐκ
1637 2455 1699 2509 τῶν
1724 2469 1806 2536 πρω-

256 2550 373 2612 τίστων
398 2546 534 2638 ἀριθμῶν
558 2547 907 2614 πολλαπλασιασάντων
932 2549 1101 2633 ἀλλήλους,
1121 2543 1245 2641 τριάδος
1269 2551 1353 2643 λέγω
1377 2553 1430 2617 καὶ
1453 2545 1611 2642 τετράδος·
1637 2547 1678 2618 ὧν
1702 2559 1721 2627 ή
1749 2555 1804 2644 μὲν

257 2657 472 2748 τελεσιουργός
496 2660 593 2735 ἐστιν,
618 2657 671 2722 καί
693 2655 918 2747 έπιστρεπτική
943 2658 1017 2747 πρός
1034 2658 1091 2733 τάς
1109 2657 1254 2749 ἀρχάς,·ή
1273 2649 1307 2723 δέ
1322 2660 1448 2751 γόνιμος
1473 2661 1526 2724 καί
1549 2653 1716 2751 ἑδραστική
1740 2672 1805 2728 τῶν

202 2783 231 2819 ¹⁰
257 2764 455 2854 γεννωμένων
480 2764 547 2856 ἅμα
571 2765 624 2830 καὶ
639 2765 826 2855 ἐναρμόνιος.
843 2765 999 2855 Προσήκει
1014 2767 1117 2830 τοίνυν
1134 2771 1153 2838 ή
1173 2757 1330 2842 δυωδεκάς
1348 2759 1380 2845 ἐξ
1398 2771 1511 2856 ἀμροῖν
1529 2761 1606 2832 οὖσα
1622 2779 1662 2853 τῇ
1688 2793 1724 2835 τε
1746 2779 1805 2844 τῆς

256 2868 358 2962 ψυχῆς
382 2878 552 2964 ἑπιστρορῇ
577 2874 651 2963 πρὸς
667 2873 709 2938 τά
727 2875 795 2956 ὅλα,
812 2873 866 2938 καί
881 2884 922 2959 τῇ
941 2883 1030 2964 νοερᾷ
1046 2874 1099 2940 καί
1115 2885 1155 2961 τῇ
1174 2885 1313 2965 χωριστῇ
1331 2870 1408 2961 ζωῇ,
1431 2875 1484 2941 καί
1507 2885 1548 2961 τῇ
1573 2886 1627 2940 τοῦ
1652 2875 1805 2967 σώματως

256 2979 394 3070 σταθερᾷ
417 2970 550 3071 διανομῇ
566 2981 590 3065 ²)
615 2982 669 3046 καὶ
693 2981 851 3071 ἀτρέπτῳ,
868 2983 922 3049 καί
944 2993 986 3068 τῇ
1004 2985 1175 3072 ἐναρμονίῳ
1191 2995 1246 3050 τοῦ
1263 3009 1299 3050 τε
1316 2987 1476 3075 χρῳμένου
1502 2984 1649 3052 συστάσει
1672 2986 1726 3051 καί
1748 2998 1804 3051 τοῦ

258 3088 391 3181 ὀργάνου
414 3091 489 3179 πρός
513 3091 653 3162 ἄλληλα·
678 3081 766 3156 δοκεῖ
787 3082 821 3156 δὲ
844 3091 898 3156 καί
920 3091 1123 3170 τελειότητος
1147 3094 1214 3180 ὅρος
1237 3098 1256 3165 ή
1285 3084 1441 3169 δυωδεκάς
1464 3087 1551 3171 εἷναι,
1576 3095 1692 3184 πρεπού

257 3307 280 3372 f.
299 3308 340 3372 60
357 3329 386 3372 v.
402 3306 463 3373 lae.
481 3329 561 3372 τετε.
580 3309 617 3372 3:
637 3304 871 3395 ...ἀπένειμαν,..
885 3305 938 3370 καί
951 3305 1010 3377 τήν
1025 3308 1180 3397 μεγίστην
1198 3305 1309 3375 θεῶν...
1323 3309 1444 3399 πέρατα
1459 3317 1522 3372 τῶν
1540 3309 1712 3400 έγκοσμίων
1731 3332 1805 3399 συγ-

202 3443 229 3480 ιι
256 3413 394 3480 κλείου...
411 3412 464 3476 καὶ
481 3403 532 3477 διά
550 3420 644 3478 τοῦτο
661 3404 850 3502 κληῖδοῢχυν
869 3415 1140 3503 ἀποκαλουμένην,
1157 3414 1200 3480 τά
1217 3406 1381 3481 δωδέκατα
1398 3417 1491 3506 φησὶν
1509 3421 1524 3480 ό
1542 3415 1732 3507 Θεολόγοςθ)
1748 3426 1804 3482 τοῦ

258 3520 377 3609 κόσμου
389 3517 620 3610 κληρώσασθαι·
632 3520 708 3610 τάχ’
720 3515 772 3585 οὖν
784 3521 831 3600 ἀν,
842 3521 895 3586 καί
905 3522 1006 3608 ταύτῃ
1019 3524 1097 3588 καὶὸ
1110 3534 1168 3600 τῆς
1182 3511 1371 3616 μυθολογίας
1384 3535 1442 3600 τῆς
1455 3526 1658 3616 προκειμένης
1671 3525 1805 3616 ἀγγελος

256 3629 302 3700 ε’ίη
329 3619 540 3705 δωδεκαταῖος
564 3622 720 3712 ἀναύιοὺς,
744 3635 783 3705 ὡς
807 3639 870 3694 τῶν
888 3631 968 3694 ὅλοιν
984 3631 1149 3722 γενόμενος
1166 3629 1287 3721 θεωρὸς,
1303 3633 1358 3696 καὶ
1379 3642 1443 3697 τῶν
1466 3632 1550 3723 παρά
1574 3643 1618 3715 τῷ
1644 3632 1803 3697 Πλούτωνι

257 3733 364 3826 ψυχῶν
389 3739 503 3814 αὐτῶν,
527 3736 612 3802 κατά
635 3747 746 3802 τοῦτον
771 3739 825 3802 τόν
843 3737 972 3828 ἀριθμόν
990 3737 1049 3812 τήν
1065 3738 1224 3829 χωριστήν
1241 3741 1302 3804 ἀπὸ
1319 3751 1375 3804 τοῦ
1392 3739 1538 3829 σώματος
1563 3731 1686 3830 ἱδρύσας
1709 3733 1803 3817 ζωήν·

257 3847 288 3921 ός
312 3849 396 3910 ἐστιν
422 3846 618 3936 ἀροριστικδς
642 3856 696 3911 τοῦ
724 3845 843 3936 κόσμου
874 3847 1010 3928 παντὸς,
1034 3847 1173 3910 καὶτῶν
1197 3850 1228 3912 ἐν
1253 3850 1338 3931 αύτῷ
1362 3847 1506 3937 περάτων
1538 3853 1579 3924 εἰς
1601 3845 1658 3924 τάς
1690 3847 1804 3922 οἰκείας

201 3977 229 4016 ει
257 3953 519 4042 συνελισσυμένων
538 3953 645 4044 ἀρχάς·
663 3965 757 4018 τοῦτο
775 3954 829 4043 μὲν
846 3947 908 4032 οὖν,
926 3943 1048 4020 τοιόνδε
1065 3978 1136 4020 τινα
1152 3955 1207 4018 τόν
1224 3955 1438 4046 ἀπολογισμόν
1454 3957 1521 4045 ἔχοι
1538 3955 1573 4020 ἀν
1591 3965 1649 4031 τῆς
1667 3953 1804 4045 θεωρίας.

258 4065 293 4124 Εἰ
317 4051 350 4125 δέ
373 4079 421 4136 τις
446 4067 589 4127 αἰτιᾶται
612 4063 666 4129 τόν
689 4061 796 4152 λόγον,
821 4063 870 4126 ότι
899 4061 941 4150 μή
974 4062 1028 4127 καί
1059 4061 1150 4127 ἄλλοι
1180 4068 1344 4152 πολλαχοῦ
1367 4063 1504 4126 τοιοῦτοί
1526 4085 1605 4136 τινες
1637 4061 1803 4152 γεγόνασιν

257 4167 387 4259 ἀγγελοι
409 4177 474 4234 τῶν
498 4173 623 4258 ἀφανῶν
651 4173 746 4256 ήμῖν,
771 4168 841 4232 ἀλλ’
866 4170 973 4235 οὑτοσί
997 4171 1088 4260 μόνος
1113 4171 1190 4261 ἀνὴρ
1214 4173 1299 4246 ὅστις
1322 4169 1400 4234 ποτέ
1424 4172 1526 4252 ἐστιν,
1549 4180 1629 4259 χρῆν
1648 4168 1709 4260 γάρ
1732 4170 1803 4245 ἴσως

256 4276 311 4339 καί
326 4278 357 4340 έν
375 4275 483 4352 ἄλλοις
500 4269 538 4349 δή
556 4301 620 4340 τισι
636 4277 755 4358 τόποις,
765 4269 857 4367 Ἧράς
875 4303 961 4355 τινας
981 4278 1168 4370 ἱστορείσθαι
1185 4277 1298 4354 θεατάς
1313 4273 1354 4343 ὧν
1369 4272 1458 4354 οὗτος
1475 4269 1564 4361 εἶδεν,
1580 4277 1634 4340 καί
1650 4277 1803 4369 ἀγγέλους

257 4381 426 4473 ἀνθρώποις
451 4378 492 4448 ὧν
516 4384 675 4476 ἤγγειλεν.
695 4384 816 4449 Ἔοικεν
834 4379 896 4468 οὖν,
914 4388 971 4451 εἴτ’
989 4388 1081 4464 αὑτός
1099 4391 1183 4452 ἐστιν
1206 4392 1223 4451 ὁ
1248 4386 1411 4470 Κολώτης,
1428 4388 1485 4451 εἴτ’
1509 4386 1603 4461 ἄλλος
1626 4395 1681 4450 τοῦ
1707 4383 1803 4472 μύθου

201 4510 229 4548 ³⁵
257 4501 368 4555 τοῦτον
393 4491 448 4554 τόν
471 4491 587 4581 τρόπον
611 4493 800 4583 κατήγορος,
817 4496 939 4582 ἀγνοεῖν
956 4499 996 4570 ὡς
1013 4493 1072 4584 ἄρα
1088 4496 1141 4559 καί
1156 4495 1241 4579 είσίν,
1260 4496 1314 4559 καὶ
1330 4495 1455 4561 ἔσονται
1471 4496 1634 4582 πολλαχοῦ
1657 4500 1716 4581 γῆς
1740 4499 1803 4555 τῶν

257 4595 346 4662 θείων
371 4598 425 4662 καί
448 4608 516 4674 ταῖς
542 4598 721 4672 αἰσθήσεσιν
745 4607 834 4688 ήμῶν
855 4601 1006 4674 ἀλήπτων
1024 4595 1191 4693 ἐξηγηταὶ,
1208 4602 1293 4669 κατά
1310 4625 1397 4677 τινας
1415 4600 1495 4675 θείας
1511 4623 1547 4666 τε
1565 4599 1619 4664 καί
1642 4591 1803 4688 δαιμονίας

256 4707 425 4782 ἐπιπνοίας·
450 4710 479 4770 οἱ
503 4707 557 4795 μέν
576 4705 658 4796 μετά
674 4718 729 4772 τοῦ
746 4707 891 4797 σώματος
908 4718 971 4772 τῶν
995 4710 1145 4776 τοιούτων
1166 4714 1294 4801 ίστυρες,
1318 4713 1419 4798 ὥσπερ
1445 4710 1474 4798 (ό
1491 4707 1575 4774 κατά
1599 4709 1667 4792 τόν)
1690 4707 1805 4797 Ἐμπε-

257 4803 385 4901 δότιμον
409 4813 515 4903 λόγος,
539 4820 567 4878 οἱ
591 4805 625 4879 δέ
648 4814 719 4878 ἄνευ
744 4813 900 4905 σώματος,
925 4818 1026 4908 ὥσπερ
1049 4819 1104 4883 τόν
1128 4817 1295 4892 Ἀθηναῖον
1320 4817 1508 4907 Κλεώνυμον
1532 4817 1587 4882 καί
1609 4815 1673 4887 πλή

295 5168 318 5246 ¹)
336 5171 379 5229 Ut
398 5171 429 5229 in
448 5170 517 5242 ζῶῳ,
536 5169 630 5228 codex
648 5169 679 5227 in
699 5173 813 5244 ζῳδιακςῖ
832 5171 928 5230 utitur
953 5173 1005 5230 du·
1096 5175 1119 5248 ²)
1137 5174 1269 5232 Primum
1289 5180 1394 5248 διαμιιῇ
1412 5175 1475 5233 εοό.

259 5261 328 5334 plici
347 5262 410 5320 iota
428 5261 563 5336 ascripto,
584 5261 637 5320 sed
657 5262 786 5318 secunda
805 5280 903 5319 manu.
1095 5265 1118 5338 ³)
1139 5269 1149 5318 ῖ
1169 5271 1289 5340 θειλίγις,
1309 5266 1448 5325 videlicet
1467 5265 1610 5338 Orpheus.
