4006 6074
648 489 741 560 Boni
759 512 782 561 ιι
801 488 941 578 destris,
961 488 1061 580 impii
1078 511 1101 560 a
1118 490 1280 564 sinistris.
1708 499 1744 557 27

188 659 407 751 όπερκάθηται
430 659 471 725 τά
496 653 530 726 δέ
552 659 636 734 πάθη
665 659 722 750 μεθ
746 667 829 750 ημᾶς
854 662 929 724 ὥστ’
948 665 963 724 ό
982 661 1037 748 μὲν
1054 661 1181 738 εἰκότως
1198 661 1261 728 ἀνω
1284 665 1425 756 λέγεται,
1449 663 1504 729 καί
1526 669 1546 737 η
1572 667 1620 729 ἐπ’
1647 665 1740 731 αὐτόν

190 762 259 846 ὁδός
284 769 449 861 ἀνώρορος·
474 768 516 834 τά
541 761 575 835 δὲ
598 768 685 834 κάτω
710 775 729 842 ἡ
756 768 802 834 ἐπ’
829 768 909 833 αότά
933 771 1080 856 κίνη(σις)
1095 824 1102 838 .
1118 824 1147 837 ,.

190 990 214 1054 f.
232 991 251 1054 5
270 989 383 1054 lacuna
400 990 419 1052 6
437 1011 517 1052 vers.
540 988 625 1052 inter
640 987 771 1052 lacinias
787 988 834 1051 ιιίί
852 1010 949 1072 supra
965 993 997 1054 eb
1014 990 1047 1053 in
1069 991 1109 1054 15
1126 989 1210 1054 foliis
1235 979 1440 1074 sequentibus
1457 990 1633 1056 miserrime
1655 997 1744 1057 ustu-

190 1097 264 1162 labis
293 1100 325 1160 eb
357 1094 484 1160 laceris:
506 1090 637 1181 θατέρου
663 1091 710 1156 ἐπ’
736 1092 881 1182 ἀριστερά
905 1100 1077 1170 ῶς...και
1102 1086 1321 1186 δευτερουργός
1346 1102 1385 1171 ὡς
1415 1095 1524 1164 τά...
1548 1106 1611 1161 τῶν
1636 1088 1743 1176 δεξιῶν

191 1206 222 1267 ἑν
246 1213 311 1277 τοῖς
335 1195 424 1279 ζώοις
450 1193 607 1289 δευτέραι·
634 1190 680 1264 διὸ
705 1201 757 1264 καί
780 1206 809 1265 οἱ
834 1200 888 1289 μέν
912 1204 1212 1293 αότοπραγήσαντες
1241 1203 1300 1274 τὴν
1330 1195 1432 1282 δεξιάν
1455 1205 1659 1295 πορεόονται,
1683 1205 1743 1277 τόν

191 1315 294 1373 αἰτῶν
320 1303 402 1387 ζωὴν
427 1304 667 1396 ἐπιστρέψαντες
690 1318 730 1393 τῇ
748 1310 901 1399 κρείσσονι
917 1321 988 1375 ταῖν
1005 1301 1171 1398 περιόδοιν·
1190 1319 1218 1374 οἱ
1235 1301 1268 1374 δὲ
1289 1313 1658 1401 ἀλλοτριοπραγήσκντες
1683 1312 1742 1384 τὴν

191 1415 365 1506 ἀριστεράν,
390 1421 429 1490 ὡς
454 1417 573 1490 ἐκείνης
599 1414 654 1505 μέν
672 1415 877 1499 ἀποστάντες,
894 1417 965 1482 κατ’
983 1418 1083 1490 αὐτὴν
1102 1410 1135 1483 δὲ
1153 1411 1348 1502 βεόιωκότες·
1374 1424 1400 1484 εί
1425 1410 1458 1484 δὲ
1481 1420 1535 1484 καί
1558 1419 1600 1486 τά
1623 1424 1743 1486 ἑαυτῶν

190 1530 218 1589 οἱ
242 1515 392 1588 δικασταί
415 1524 606 1611 πέμπουσιν,
632 1514 717 1600 δεξιά
741 1524 795 1587 καί
819 1525 871 1589 ἑπί
901 1525 943 1590 τά
968 1525 1031 1590 ἀνω
1054 1525 1096 1591 τά
1120 1530 1256 1592 ἑαυτῶν·
1282 1528 1336 1592 καί
1359 1527 1453 1592 πάλιν
1479 1529 1529 1594 ἐπί
1560 1529 1601 1594 τά
1622 1534 1743 1595 ἑαυτῶν

191 1631 337 1722 ἀριστερά
361 1631 414 1695 καί
438 1629 479 1695 τά
500 1631 588 1695 κάτω
605 1631 646 1695 τίι
665 1635 795 1712 ἑαυτῶν,
821 1623 917 1704 δῆλον
935 1635 984 1698 ὅτι
996 1633 1019 1718 ¹)
1038 1633 1093 1708 τάς
1111 1634 1166 1724 μέν
1184 1635 1365 1726 ἀναγωγοός
1383 1641 1485 1700 αὐτῶν
1510 1628 1653 1726 δυνάμεις
1679 1639 1742 1702 ἀνω

191 1739 245 1805 καί
269 1729 369 1816 δεξιάς
395 1737 546 1825 θήσομεν·
572 1736 629 1813 τάς
655 1729 688 1801 δέ
711 1739 912 1822 κολαστικάς,
939 1740 1027 1805 κάτω
1050 1742 1103 1806 καὶ
1127 1743 1297 1834 ἀριστεράς.
1325 1737 1514 1818 Συλλήόδην
1543 1740 1605 1823 οὖν,
1629 1757 1744 1836 τριχῶς

191 1845 391 1935 ἀκουσόμεθα
414 1857 528 1928 ταῦτα,
553 1846 590 1910 τό
615 1845 678 1910 ἀνω
701 1846 755 1910 καί
777 1847 877 1930 κάτω,
901 1847 938 1912 τό
963 1840 1061 1927 δεξιόν
1092 1850 1146 1915 καί
1178 1852 1350 1941 ἀριστερόν,
1374 1850 1521 1942 ψυχικῶς,
1547 1844 1742 1938 δικαστικῶς,

191 1964 356 2044 κοσμικῶς·
381 1955 449 2019 ἔστι
472 1953 532 2044 γάρ
557 1954 609 2018 καί
633 1957 663 2018 ὲν
688 1965 733 2038 τῷ
758 1955 865 2041 κόσμῳ
884 1953 991 2020 πάντα
1007 1962 1079 2022 κατ’
1098 1959 1278 2048 ἀναλογίαν·
1297 1963 1328 2023 αί
1345 1957 1400 2048 μέν
1417 1953 1469 2024 οὖν
1494 1961 1665 2049 κρείττους,
1691 1960 1745 2026 καί

190 2069 231 2139 εἰς
255 2074 323 2128 νοῦν
348 2067 420 2153 όριῖν
445 2060 612 2144 ἐθέλουσιν,
637 2063 691 2127 καὶ
714 2063 799 2128 κατά
824 2063 882 2135 τὴν
900 2065 1016 2154 ἀμείνω
1033 2059 1116 2145 ζωὴν
1134 2071 1279 2157 ἐνεργεῖν,
1305 2068 1358 2131 καί
1381 2066 1605 2158 γιγνώσκουσιν
1629 2068 1743 2144 ἑαυτάς

191 2171 244 2237 καί
268 2172 305 2236 τό
330 2177 439 2235 οἰκεῖον
463 2173 564 2245 τέλος·
590 2161 637 2236 διό
660 2183 818 2237 κινοῦνται
842 2171 901 2245 τὴν
926 2174 977 2238 ἐπὶ
1001 2164 1088 2252 δεξιά
1112 2175 1164 2240 καί
1182 2176 1254 2252 ἅνω,
1279 2175 1333 2239 καί
1356 2174 1397 2240 τά
1422 2165 1590 2240 δικαστικά
1615 2187 1742 2263 σημεῖα,

191 2280 296 2371 πρόσω
321 2281 470 2370 φέρουσιν·
497 2285 529 2345 αί
553 2271 586 2344 δέ
608 2281 729 2370 χείρους
754 2278 807 2344 καί
823 2286 864 2356 είς
881 2279 941 2355 τὴν
958 2291 1021 2346 τῶν
1037 2280 1144 2346 παθῶν
1162 2275 1249 2360 ἀξίαν
1261 2280 1286 2367 ²)
1313 2301 1332 2354 :2
1367 2297 1395 2352 -::
1429 2301 1468 2354 -;;“
1491 2274 1740 2372 όπισθοόαροῦσι,

191 2388 244 2453 καί
268 2386 351 2452 κατά
374 2388 412 2452 τό
435 2398 539 2478 χεῖρον
562 2391 683 2452 ἑαυτῶν
708 2383 811 2468 ζῶσιν,
829 2389 882 2453 καί
900 2393 1061 2483 ἀγνοοῦσιν
1086 2388 1143 2468 τάς
1167 2395 1288 2456 ἑαυτῶν
1313 2391 1480 2480 συμροράς·
1507 2380 1554 2456 διό
1579 2391 1633 2454 καί
1655 2391 1745 2455 κάτω

190 2507 340 2586 χωροῦσιν
357 2494 441 2560 κατά
457 2495 592 2568 τὴντῶν
607 2487 762 2562 δικαστῶν
776 2498 884 2588 κρίσιν,
898 2499 951 2584 κριὶ
966 2503 1006 2574 εἰς
1021 2495 1167 2588 ἀριστερά
1185 2497 1339 2588 φέρονται,
1354 2497 1407 2562 καί
1423 2499 1520 2563 όπίσω
1537 2497 1745 2589 περιάπτεται

193 2607 301 2678 αὐταῖς
325 2603 367 2669 τά
391 2615 508 2693 σημεῖα
532 2616 590 2680 τῆς
615 2606 752 2695 κρίσεως,
776 2608 810 2671 οό
825 2657 924 2674 .....

193 2821 216 2885 ί.
241 2822 260 2885 5
287 2843 315 2886 r.
333 2843 442 2886 versus
461 2822 479 2886 7
500 2821 734 2887 desiderantur:
762 2817 978 2908 ...ἀπονέμει
994 2814 1046 2885 οὖν
1064 2824 1096 2884 αῖ
1113 2819 1166 2908 μέν
1187 2818 1247 2885 ὑπό
1271 2828 1334 2884 τῶν
1359 2819 1478 2909 φύσεων
1502 2821 1746 2886 κατατείνουσαι

135 2938 164 2976 ²⁰
193 2935 255 2989 τῶν
279 2930 404 3008 όλικῶν,
428 2926 560 2992 καὶτῶν
576 2929 723 2992 ποιναίων
743 2929 955 3020 ἀγκτητήρων
973 2938 1036 2992 τῶν
1055 2933 1095 3004 εἰς
1114 2929 1152 2992 τό
1174 2929 1285 3004 σκότος
1310 2927 1461 3018 ἀγόντων·
1488 2933 1519 2991 αἱ
1543 2920 1576 2993 δέ
1599 2929 1658 2994 όπό
1682 2938 1744 2992 τῶν

193 3035 328 3108 νοήσεων
354 3033 525 3124 ἀνάγονται
548 3035 681 3100 καὶτῶν
702 3026 910 3109 διανοητικῶν
934 3038 1104 3127 ἐνεργειῶν·
1123 3033 1251 3109 εἰκότως
1269 3025 1422 3106 δήπουθέν
1447 3029 1531 3099 ἑστιν
1555 3033 1597 3097 τά
1621 3033 1746 3124 κριτικά

193 3154 318 3232 σημεῖα·
335 3141 377 3206 τά
395 3143 449 3231 μὲν
467 3143 639 3235 νοερώτερα
658 3142 845 3232 συνθήματα
861 3139 942 3230 ζωῆς
960 3142 1142 3233 ἔμπροσθεν,
1159 3141 1202 3207 τά
1218 3133 1252 3207 δὲ
1268 3141 1451 3234 ἀλογώτερα
1467 3141 1521 3206 καί
1545 3140 1743 3232 ρυοικώτερα

194 3253 321 3342 (ἀλογία
344 3251 404 3342 γάρ
429 3243 534 3317 συνδεῖ
552 3253 626 3342 πρός
651 3249 711 3323 τὴν
736 3250 835 3340 ρόσιν,
860 3258 900 3328 ὡς
924 3253 998 3342 πρός
1015 3263 1083 3315 νοῦν
1100 3251 1218 3343 λόγος),
1235 3249 1371 3317 ὄπισθεν.
1396 3249 1497 3315 Ἀλλά
1514 3250 1586 3314 τίνα
1611 3241 1648 3324 δή
1675 3253 1742 3314 ἑστι

193 3358 234 3424 τά
258 3370 375 3448 σημεῖα
392 3371 504 3443 ταῦτα,
521 3359 756 3450 περιαπτόμενα
772 3370 841 3436 ταῖς
859 3357 983 3450 ψυχαῖς,
1000 3361 1041 3449 ἐρ’
1062 3357 1196 3447 ἑκάτερα
1213 3356 1409 3449 ρερομέναις;
1430 3356 1471 3422 τά
1496 3355 1550 3445 μὲν
1575 3355 1634 3448 γάρ
1660 3355 1743 3420 ἀλλα

137 3474 165 3510 ²⁵
194 3457 279 3541 δῆλα
302 3468 440 3560 γέγονεν,
465 3467 484 3540 ἢ
510 3467 563 3532 καὶ
587 3477 682 3532 τοῦτο
706 3467 803 3532 παντί
819 3466 1006 3557 καταφανὲς,
1024 3468 1073 3530 ὅτι
1090 3467 1226 3555 σημείων
1243 3469 1327 3531 ἐστιν
1347 3467 1447 3556 ἔργον,
1471 3464 1568 3530 τόπον
1594 3464 1649 3552 μέν
1673 3489 1745 3528 τινα

193 3577 247 3640 καί
262 3579 346 3666 ἴχνος
363 3577 486 3640 ἐκείνων
504 3577 597 3664 ἔχειν,
613 3569 654 3639 ὧν
672 3578 755 3640 Ιεστιν
773 3587 898 3665 σημεῖα·
916 3576 968 3640 καί
986 3586 1081 3640 τοῦτο
1098 3565 1203 3662 διχῶς,
1220 3573 1239 3645 ἢ
1259 3565 1292 3638 δι’
1314 3572 1502 3662 ὁμοιότητος
1526 3572 1544 3644 ἢ
1572 3563 1613 3637 δι’
1630 3575 1746 3637 ἀναλο-

194 3686 264 3774 γίας
282 3677 394 3747 αότῶό·
413 3681 433 3747 ἀ
449 3675 482 3749 δὲ
499 3687 600 3748 ἐκεῒνα
616 3681 657 3758 τά
675 3679 737 3747 οἷον
755 3683 971 3772 σημαινόμενα
988 3684 1033 3747 ἀπ’
1056 3683 1170 3756 αὐτῶν,
1189 3679 1231 3770 μὴ
1251 3674 1336 3746 εἷναι·
1354 3680 1437 3771 λὲγῳ
1455 3671 1539 3745 δέδι’
1558 3679 1746 3769 ὁμοιότητος
1815 3757 1819 3766 Ι

196 3790 261 3878 μὲν,
276 3785 337 3855 οίον
353 3791 437 3865 εἴτις
450 3789 537 3879 λέγοι
551 3799 679 3877 σημεῖον
696 3783 773 3854 εἶναι
790 3791 893 3880 πυρός,
910 3790 964 3855 τόν
982 3787 1136 3879 ὁρεόμενον
1153 3787 1280 3853 καπνόν·
1298 3786 1364 3877 ἔχει
1381 3786 1440 3878 γάρ
1455 3812 1486 3851 τι
1500 3778 1551 3852 διά
1563 3787 1649 3852 τετὸ
1667 3786 1745 3852 ἀνώ-

196 3919 288 3986 ρορον
306 3897 413 3962 καὶτὸ
430 3896 552 3987 θερμόν·
571 3899 676 3986 ὅμοιον
693 3899 766 3988 πρός
783 3899 820 3963 τό
835 3908 893 3987 πῦρ
910 3898 964 3962 καί
981 3903 1007 3962 εί
1023 3896 1194 3989 προσθέσῃς
1211 3899 1296 3980 αὐτῷ
1313 3895 1349 3960 τὸ
1362 3896 1505 3986 λαμπρόν
1521 3895 1624 3985 μόνον·
1642 3894 1745 3980 τοότῳ

139 4010 168 4048 ³⁰
195 4004 254 4096 γάρ
278 4007 415 4070 ἐλλείπει
439 4005 544 4094 πυρός,
564 4004 653 4070 ἔσται
676 4017 745 4096 πῦρ,
771 4006 825 4070 καί
847 4012 882 4072 οό
899 4005 1024 4080 καπνός·
1043 3997 1082 4070 δι’
1101 4007 1269 4094 ἀναλογιας
1293 3995 1336 4089 δέ,
1359 4009 1399 4079 ὡς
1423 4003 1474 4068 ἐπί
1497 4013 1559 4068 τῶν
1586 4013 1744 4092 μαντικῶν

196 4115 333 4201 σημείων
358 4104 470 4202 σχεδόν
494 4112 632 4178 πάντων·
656 4112 699 4179 τά
724 4115 778 4203 μὲν
796 4127 861 4192 τοῖς
879 4117 1020 4203 ἀμείνοσι
1034 4124 1097 4179 τῶν
1114 4113 1310 4206 πραγμάτων
1335 4112 1490 4203 ἀνάλογον
1514 4112 1680 4201 τιθέμενοι,
1705 4110 1746 4176 τά

196 4213 229 4287 δὲ
253 4233 317 4298 τοῖς
341 4224 486 4312 χείροσιν.
511 4232 626 4311 σημεῖα
649 4227 807 4308 καλοῦσιν,
832 4225 908 4289 ὅταν
924 4274 930 4290 .
948 4275 978 4290 ..

194 4441 217 4506 ί.
236 4442 255 4506 6
272 4440 385 4505 desunt
403 4442 422 4505 6
440 4461 538 4506 vers:
555 4449 620 4515 τοῖς
639 4441 777 4528 σημείοις
796 4429 942 4529 ἀμυδροῖς
961 4443 1078 4507 ἐστιν...
1091 4458 1152 4502 νον·
1171 4443 1196 4503 εί
1213 4431 1264 4502 οίιν
1282 4429 1404 4503 τοιόνδε
1429 4429 1685 4512 τιδηλοῦντος...
1710 4434 1745 4500 ἀν

194 4541 232 4618 ἦν
257 4555 386 4635 σημεῖον
410 4545 511 4637 λέγειν
536 4545 595 4636 χρὴ
622 4549 651 4609 κ’
670 4545 809 4612 ἀνταῦθα
827 4547 885 4617 τὴν
902 4538 1076 4636 πρόδρομον
1093 4556 1155 4611 τῶν
1174 4536 1332 4611 δικαστῶν
1347 4547 1372 4632 3)
1389 4551 1429 4621 είς
1454 4543 1510 4621 τάς
1534 4543 1635 4634 ψυχάς
1660 4535 1745 4609 δόσιν

194 4664 256 4718 τῶν
274 4655 481 4743 ὀφειλομένων
498 4667 628 4744 σημεῖον
645 4654 884 4747 προσαγορεύειν
901 4655 956 4718 τόν
974 4654 1079 4743 μῦθον.
1097 4654 1157 4718 Καὶ
1174 4653 1232 4746 γάρ
1249 4664 1307 4728 τῆς
1323 4652 1488 4729 εὐπαθείας
1505 4663 1562 4728 τῆς
1580 4657 1611 4717 ἑν
1629 4654 1745 4740 οὐρανῷ

195 4763 248 4826 καί
259 4773 317 4838 τῆς
331 4765 438 4838 τίσεως
455 4773 512 4837 τῆς
529 4763 587 4827 ὑπὸ
604 4773 674 4854 γῆς,
691 4761 963 4852 προκατάρχουσιν
981 4768 1008 4826 οἱ
1026 4753 1185 4843 δικασταί,
1199 4762 1251 4825 καί
1267 4762 1337 4852 περὶ
1350 4761 1404 4848 μὲν
1419 4762 1547 4836 ἐκείναις
1563 4759 1708 4851 γίνονται
1719 4758 1745 4842 ⁴)

194 4880 263 4946 ταῖς
287 4865 414 4948 λήξεσιν
439 4875 470 4933 αἱ
494 4867 601 4958 ψυχαὶ,
626 4871 765 4934 καὶτῶν
789 4879 944 4959 τιμωριῶν
970 4871 1121 4961 ἄρχονται
1138 4871 1191 4936 καί
1208 4879 1270 4935 τῶν
1295 4875 1495 4960 ἐπικαρπιῶν·
1521 4872 1554 4934 οό
1577 4867 1637 4960 γάρ
1661 4865 1699 4944 ἦν
1724 4872 1743 4940 ί.

230 5138 253 5212 ¹)
266 5136 314 5194 Sic
326 5137 387 5195 uod.
401 5154 460 5194 non
474 5137 548 5196 satis
561 5143 733 5196 constanter
744 5144 854 5212 tamen,
868 5140 940 5215 quin
1031 5138 1054 5212 ³)
1073 5137 1108 5194 In
1120 5155 1216 5209 marg.
1230 5142 1289 5208 τρῖς
1303 5139 1346 5194 τὴν
1363 5139 1462 5209 ,τρίοδον
1477 5141 1525 5190 τῶν
1543 5140 1693 5192 ειιαιιιιῦι
1710 5141 1742 5201 εὶς

195 5229 233 5285 ad
251 5245 341 5286 usum
360 5245 546 5286 communem
565 5236 759 5288 revertamur.
995 5235 1040 5290 τὰς
1061 5231 1140 5298 ψυχὰς
1160 5231 1258 5282 δόσεων.

229 5317 251 5390 ²)
272 5319 352 5386 ὰξίαν,
372 5317 415 5375 sio
435 5318 496 5375 οοιί.
516 5318 584 5376 fort.
605 5319 765 5392 legendum
785 5321 896 5384 ἀταξίαν.
1030 5321 1054 5394 ⁴)
1074 5318 1143 5376 cod.
1163 5320 1289 5392 γένωνται.
