3940 6072
797 532 852 606 De
870 531 955 624 stylo
973 535 1124 608 remisso.
1683 531 1736 588 311

230 703 387 796 (Τρύπος.)
412 701 599 792 Ἐφέλκεται
622 695 657 771 δέ
681 702 734 794 καί
759 705 950 794 αὐτονομίαν
972 703 1155 786 ποιητικὴν,
1174 707 1219 779 ,ὡς
1243 701 1297 766 καί
1320 699 1406 777 θεοὺς
1430 694 1463 779 ἐξ
1487 702 1615 790 ούρανοῦ
1640 721 1741 764 κατα-

185 812 284 904 φέρειν
308 813 362 876 καί
387 811 504 878 ἀνιέναι
527 811 580 877 καί
605 802 814 905 διαλέγεσθαι·
831 811 901 877 ὅθεν
918 811 972 877 καί
988 810 1051 877 θεοί
1066 813 1141 903 παρ’
1158 801 1315 901 Ἡροδότῳ
1339 811 1477 895 βασιλεῖς
1501 819 1560 884 τῆς
1579 805 1741 897 Αἰγύπτου

101 935 106 946 ’
185 921 384 994 πεποίηνται·
410 921 542 1010 ὀνείρους
566 911 601 986 δέ
623 919 805 986 πλάττεται
828 920 882 986 καί
905 919 1076 1010 χρησμούς.
1133 947 1158 980 s.

232 1027 388 1117 (Τρόπος.)
404 1026 610 1102 Πολιτεύιται
626 1019 707 1093 δὲέν
724 1019 778 1094 δύο
794 1039 853 1104 τῆς
864 1025 889 1110 ¹)
907 1031 1074 1120 ῥητορικῆς
1090 1019 1212 1094 εἴδεσιν·
1229 1021 1331 1108 ἔξεστι
1350 1026 1411 1120 γάρ
1436 1025 1490 1093 καί
1513 1017 1736 1114 συμθουλεύειν

186 1137 240 1201 καί
263 1130 485 1227 πανηγυρίζειν
510 1135 685 1228 ἀνειμένως.
710 1137 745 1204 ‘0
771 1126 804 1203 δὲ
820 1139 964 1228 Ξενοφῶν
989 1141 1020 1202 ἐν
1044 1147 1114 1214 ταῖς
1138 1128 1296 1214 Παιδεέαις
1320 1137 1464 1228 ἐκέρασεν
1489 1136 1661 1226 ἀμφότερα,
1679 1158 1742 1200 πο-

187 1244 310 1310 λιτείαν
333 1242 479 1334 εἰσάγων,
502 1248 542 1322 ὡς
565 1248 582 1308 ὁ
606 1243 753 1329 Πλάτων,
777 1245 831 1310 καὶ
854 1247 909 1310 τόν
934 1251 1031 1336 Κῦρον
1048 1239 1225 1338 θαυμάζων,
1244 1252 1284 1323 ῶς
1301 1245 1482 1335 Ἰσοκράτης
1499 1245 1554 1310 τόν
1574 1243 1740 1336 Διάγοραν·

190 1351 306 1442 Πέλοψ,
330 1359 508 1445 Σκῆπτρσν,
533 1352 637 1445 κρούει
661 1352 795 1445 στράτος
820 1345 946 1444 Ξέρξου,
970 1353 1080 1444 κράτει
1103 1354 1158 1419 καί
1180 1353 1223 1420 τά
1246 1365 1378 1421 τοιαῦτα
1401 1353 1482 1420 πολὺ
1506 1353 1665 1444 σύμφωνα.

235 1463 268 1527 Ἡ
293 1454 327 1528 δέ
350 1461 515 1556 ἐναγώνιος
538 1455 693 1541 σύνταξις,
710 1467 730 1536 ἡ
750 1460 805 1551 μέν
818 1463 842 1547 ²)
857 1460 929 1552 περὶ
945 1471 1052 1526 καινοῦ
1075 1462 1158 1538 τινός
1182 1463 1236 1528 καί
1257 1461 1301 1529 τά
1324 1453 1515 1554 διλήμματα
1530 1461 1585 1527 καί
1601 1459 1643 1526 τά
1659 1459 1741 1526 πάνυ

189 1573 318 1637 ποικιλα
341 1569 384 1636 τὰ
407 1569 567 1661 πρέποντα
590 1571 737 1656 συντόνῳ.
762 1572 806 1636 Τό
831 1561 866 1635 δέ
889 1562 1109 1661 ὶαμύόκροτον,
1133 1571 1235 1662 ὥσπερ
1260 1562 1357 1646 δῆλον
1381 1571 1441 1665 γάρ
1459 1573 1527 1638 ἐστι
1546 1580 1612 1646 τοῖς
1629 1573 1741 1636 Ὀλυν-

191 1677 276 1756 θίοις·
300 1681 349 1746 ὅτι
372 1680 414 1746 τά
436 1689 572 1748 τοιαῦτα
594 1678 666 1772 γάρ,
691 1679 745 1747 καί
770 1681 801 1746 ἐν
826 1680 976 1764 συντόνῳ,
1002 1679 1161 1769 φευκτέον.

235 1903 297 1964 Τοῦ
315 1887 350 1964 δέ
365 1900 521 1988 ἀσφαλοῦς
538 1899 626 1964 οὐτὸ
644 1898 716 1965 λίαν
734 1898 877 1988 κεχηνός,
893 1903 933 1974 ὡς
950 1899 1069 1964 οἴονταί
1084 1921 1177 1983 τινες,
1192 1893 1264 1964 οἷον·
1277 1893 1428 1986 Ἀχιλλέα
1444 1892 1549 1961 ἐπόθει
1565 1891 1686 1969 Ἑλλάς.
1701 1930 1741 1943 -

191 2005 460 2097 Κλυταιμνήστρα
485 2007 709 2098 Ἀγαμέμνονα
733 2007 921 2073 ἀπέκτεινεν·
946 2007 1029 2074 ἀλλά
1053 2009 1091 2074 τό
1115 2005 1226 2095 σαφὲς,
1251 2005 1326 2095 ὅπερ
1350 2003 1419 2069 ἐστὶ
1446 2005 1503 2092 μία
1527 2010 1590 2066 τῶν
1614 2005 1742 2092 ἀρετῶν,

191 2110 254 2180 οἷον
271 2104 436 2205 Ἡροδότου
459 2115 706 2206 Ἀλικαρνασέως
731 2117 866 2205 ἱστορίης
891 2107 1092 2203 ἀπόδειξις,ἢ
1111 2107 1144 2182 δέ
1160 2115 1215 2180 καί
1237 2116 1275 2180 τό
1300 2114 1392 2202 μέσον
1415 2122 1471 2178 τοῦ
1495 2110 1667 2201 κεχηνότος
1690 2110 1744 2174 καί

192 2226 357 2314 ἀσφαλοῦς·
381 2224 420 2288 τέ
445 2222 583 2314 μὲνγὰρ
612 2225 869 2315 καταγέλαστον,
892 2225 930 2290 τό
956 2215 990 2290 δέ
1013 2224 1212 2314 ἐσκεμμένον.
1232 2221 1327 2289 Ὀθεν
1352 2212 1423 2288 οὐδὲ
1445 2225 1477 2286 ἐν
1509 2219 1646 2305 συντόνῳ
1668 2224 1742 2310 παρ’

192 2331 362 2422 Ἰσοκράτει
379 2323 431 2398 διά
446 2331 506 2404 τὴν
531 2325 691 2423 ἀκρίθειαν
714 2342 777 2398 τῶν
802 2323 979 2422 συνδέσμων
996 2336 1172 2398 ἐπαιτεῖται
1184 2329 1212 2414 ³)
1228 2333 1266 2396 τ“ο
1283 2328 1429 2421 ἀσφαλὲς·
1446 2329 1484 2394 τό
1501 2318 1535 2395 δέ
1552 2328 1657 2416 μέσον,
1681 2323 1743 2392 οἷον

192 2441 293 2505 ἔννοια
317 2446 393 2531 ἡμῖν
417 2441 554 2531 ἐγένετο,
578 2441 632 2506 καί
654 2442 713 2506 ὅσα
737 2442 821 2531 μήτε
844 2441 925 2532 άγαν
948 2442 1056 2520 ὕπτια,
1081 2441 1164 2531 μήτε
1188 2439 1358 2532 θερμοτέρα
1380 2438 1455 2528 πρὸς
1480 2430 1664 2528 ὑπιρύολήν.

883 2655 1053 2748 Τρόποι.

239 2869 356 2963 Τρόποι
380 2861 414 2938 δέ
436 2873 593 2961 ἀνείμινοι
605 2871 631 2958 ⁴)
647 2863 720 2938 οῐδε·
738 2871 775 2937 τό
800 2862 1045 2964 διηγηματικόν,
1063 2869 1170 2938 olm-⁶
1194 2861 1390 2947 Θουκυδίδης
1415 2872 1528 2956 (κῶλον
1540 2870 1566 2956 ⁵)
1582 2865 1622 2945 ἦν
1646 2873 1747 2959 ύλυμ-

193 2983 348 3066 πιονίκης)
371 2977 444 3046 ἔνθα
468 2982 573 3071 φησίν·
600 2982 768 3071 Ἐγέλασεν
793 2983 810 3044 ό
833 2981 924 3064 λέων,
941 2985 981 3058 ῶς
996 2980 1168 3071 πρέποντος
1185 2978 1343 3068 ἀνειμένου
1367 2986 1424 3044 τοῦ
1448 2969 1659 3070 διηγήματος.
1684 2976 1746 3042 Καὶ

196 3079 367 3180 Ἡρόδοτος·
390 3093 517 3180 Κροῖσος
540 3084 579 3164 ἦν
595 3141 602 3156 .
616 3141 646 3158 ..
671 3089 734 3152 Καί
757 3091 912 3178 Ξενοφῶν·
936 3093 1032 3179 Κῦρος
1056 3083 1094 3162 ἧν
1110 3140 1117 3156 .
1132 3140 1162 3156 ,.
1186 3087 1240 3153 καί
1262 3087 1305 3153 τά
1328 3083 1472 3179 ἀρκτικά.

241 3194 400 3285 (Τρόποι.)
424 3197 532 3286 Χαίρει
556 3189 590 3262 δέ
605 3205 650 3279 τῷ
666 3197 854 3286 ἐκφαντέρῳ,
879 3191 941 3260 οἷον
958 3199 975 3259 ό
991 3186 1187 3272 Θουκυδίδης
1211 3194 1254 3261 τά
1277 3193 1420 3286 Θρᾳκικά
1434 3244 1441 3259 .
1456 3243 1484 3260 ..
1509 3193 1563 3259 καί
1586 3184 1748 3285 Ἡρόδοτος

196 3301 357 3392 Αἰγύπτιά
380 3325 416 3367 τε
439 3303 493 3367 καί
517 3301 656 3370 Σκυθικοὶ
679 3303 734 3368 καί
756 3296 887 3389 Λιύυιιά,
911 3303 965 3369 καὶ
989 3307 1132 3393 Ξενοφῶν
1156 3305 1188 3370 ἐν
1211 3313 1282 3380 ταῖς
1307 3295 1505 3368 Ἀναύάσεσι.

240 3410 398 3500 (Τρόπος.)
423 3415 519 3476 Φιλεῖ
533 3403 567 3478 δέ
583 3413 621 3476 τό
639 3415 774 3477 ἀστεῖον·
792 3415 808 3476 ὁ
826 3411 881 3501 μέν
898 3405 950 3478 ούν
969 3417 1124 3500 Ξενοφῶν
1144 3405 1336 3492 δικάζεσθαι,
1354 3403 1425 3477 οὐδὲ
1440 3413 1530 3488 ὅλως,
1548 3409 1749 3476 αἰσθάνεσθαι

197 3507 231 3582 δέ
254 3510 301 3585 δεῖ
324 3529 380 3584 τοῦ
403 3530 521 3611 καιροῦ,
546 3521 603 3586 κάν
629 3519 683 3612 μέν
709 3520 862 3611 σύντομος
885 3527 906 3596 η
932 3512 1065 3598 διάλεξις
1081 3517 1114 3608 ᾗ,
1131 3511 1307 3611 ἀδιαίρετος
1323 3518 1541 3612 προσφορέσθω
1565 3520 1618 3584 καί
1641 3520 1749 3610 ἀπερί-

196 3648 292 3717 εργος·
316 3631 343 3693 εί
366 3621 400 3694 δέ
425 3627 540 3719 μακρά,
565 3621 671 3720 εἰμέν
696 3623 968 3720 συμύουλευτικῦς
985 3632 1156 3720 ὑποφαίνει,
1174 3621 1222 3696 δεῖ
1241 3639 1458 3721 σπερματικῶς
1472 3628 1508 3711 ⁰),
1533 3631 1590 3694 οὐκ
1613 3621 1746 3719 ἀκριύῶς

195 3734 255 3806 τὴν
271 3745 330 3811 τῆς
353 3747 577 3828 πραγματικῆς
602 3739 743 3829 ἀγράφου
768 3739 857 3828 φύσιν
881 3742 912 3804 ἐν
937 3738 999 3804 ἔθει
1022 3740 1076 3804 καί
1100 3730 1224 3822 δυνατῷ
1248 3739 1349 3803 καὶέν
1374 3729 1451 3822 δόξᾳ
1474 3738 1529 3802 καί
1552 3737 1747 3828 συμφέροντι.

243 3847 278 3907 Εἰ
293 3835 327 3910 δὲ
349 3857 580 3938 πανηγυρικῶς,
596 3849 697 3938 ἐχέτω
715 3840 861 3939 διαίρεσιν
879 3849 1075 3939 μιμουμένην
1091 3851 1128 3914 τό
1145 3848 1292 3913 σύντονον
1309 3849 1340 3912 ἐν
1358 3871 1394 3915 τι
1409 3849 1554 3939 ἐγκωμίῳ
1571 3847 1626 3912 καί
1645 3845 1751 3912 ἐπιθα-

195 3957 301 4046 λαμίῳ
318 3954 372 4021 καί
387 3957 541 4046 ἐπιταφίῳ
554 3954 592 4044 ⁷),
609 3957 692 4030 πλὴν
710 3949 873 4045 μονῳδίας·
891 3961 949 4031 όλη
967 3956 1027 4050 γάρ
1053 3955 1172 4047 θρῆνος,
1197 3945 1251 4023 καί
1274 3962 1309 4022 ού
1332 3955 1418 4022 κατά
1442 3959 1574 4048 μίμησιν
1598 3955 1748 4022 συντόνου

197 4065 407 4154 περιφέρεται,
421 4063 505 4130 ἀλλά
521 4056 723 4156 τραγῳδεῖον·
741 4058 915 4155 διαιρείσθω
932 4057 966 4132 δέ
983 4068 1067 4154 μόνῳ
1081 4065 1253 4156 ἀφυλάκτῳ
1267 4063 1471 4157 θρηνητικῶς,
1489 4065 1592 4156 ῶσπερ
1609 4075 1655 4150 τῷ
1670 4069 1751 4131 θου·

197 4164 319 4260 κυδίδη·
344 4171 519 4264 Κορινθίων
533 4166 683 4264 πρεσθεία
707 4174 792 4264 μόνῳ
810 4167 930 4260 δικαίῳ,
946 4175 1001 4240 καί
1016 4179 1047 4240 ἐν
1065 4185 1129 4250 τοῖς
1146 4174 1252 4252 ἀλλοις
1267 4165 1495 4259 ἐπιδεικτικοῖς,
1512 4175 1594 4252 ὅπως
1617 4173 1747 4266 γνήσιόν

196 4304 230 4345 τι
252 4291 363 4371 κτῆμα
386 4293 446 4360 τῆς
471 4285 637 4373 ῥητορικῆς
662 4285 708 4356 εἴη
735 4287 751 4346 ὁ
776 4285 944 4372 ἀνιέμενος.

242 4393 287 4456 Ἰθ
312 4383 345 4456 δὲ
369 4393 522 4482 ἱστορικόν
547 4393 669 4482 γενικόν
702 4395 733 4456 ἐν
758 4394 844 4475 αύτῷ
869 4383 1036 4483 διαιρεῖται
1060 4393 1102 4468 είς
1126 4415 1161 4458 τε
1188 4390 1416 4484 συγγραφικὴν,
1442 4393 1524 4481 μήτε
1548 4392 1623 4482 πρός
1646 4391 1748 4484 χάριν,

200 4500 284 4588 μήτε
309 4498 453 4590 ἀπεχθῶς
476 4501 547 4591 περὶ
570 4503 726 4590 νεωτέρων
751 4499 959 4592 πραγμάτων,
984 4501 1038 4565 καί
1063 4502 1216 4591 ἱστορικόν
1240 4499 1416 4589 ὁμώνυμον,
1434 4505 1465 4566 ἐν
1482 4495 1506 4586 ᾧ
1524 4510 1569 4584 τῷ
1594 4498 1680 4590 μύθῳ
1705 4492 1752 4565 δεῖ

198 4612 267 4702 περί
283 4612 517 4700 παλαιωτέρων·
541 4608 609 4676 ὅθεν
633 4615 649 4674 ὁ
674 4603 869 4686 Θουκυδίδης
893 4613 931 4676 τὸ
956 4609 1010 4701 μέν
1028 4621 1148 4700 κτῆμα,
1165 4613 1202 4676 τό
1220 4601 1253 4674 δέ
1270 4610 1434 4701 ἀγώνισμα
1453 4607 1683 4700 προσαγορεύει·
1707 4601 1749 4672 ὧν

199 4721 237 4784 τὸ
262 4718 316 4810 μέν
342 4720 494 4795 συντόνως
519 4710 714 4809 δημηγορίας
739 4713 1003 4810 στασιαζομένας,
1027 4721 1064 4783 τό
1093 4710 1126 4784 δὲ
1154 4716 1321 4807 ὁμοφώνως
1353 4710 1551 4808 ἐπιδέχεται,
1575 4723 1615 4794 ὡς
1639 4719 1690 4784 ἐπί
1713 4719 1750 4783 τό

238 4933 261 5007 ¹)
280 4933 349 4992 eod„
370 4936 393 4989 ἰν
413 4936 455 4988 δύο
475 4939 533 4996 τοῖς.
1001 4937 1105 5009 editos,
1125 4941 1161 4992 ut
1174 4934 1291 4992 dicatur
1303 4933 1356 4991 ubi
1368 4933 1429 4992 sint
1441 4933 1506 4990 Ιοοιι
1524 4932 1662 5006 adducta,
1673 4951 1750 5006 quae

236 5023 259 5096 ²)
278 5024 321 5080 Ιά
342 5022 366 5077 ἐν
385 5025 438 5095 μέν,
1001 5026 1033 5082 in
1051 5027 1107 5083 hoo
1124 5025 1267 5100 opuseulo
1280 5025 1406 5098 plurima
1419 5031 1450 5082 ot
1462 5026 1590 5083 obseura
1602 5030 1685 5098 sunt,
1698 5023 1750 5080 im-

236 5113 260 5186 ³)
279 5113 350 5172 cod.
369 5114 518 5186 scriptura
536 5113 685 5188 ambigua„
1002 5133 1052 5172 mo
1065 5121 1203 5172 truncata
1215 5114 1362 5186 videntur,
1376 5134 1431 5173 ιισσ
1443 5115 1502 5174 nisi
1515 5134 1534 5173 ιι
1546 5115 1640 5189 primo
1657 5116 1749 5174 verbo

235 5205 259 5276 ⁴)
278 5203 321 5261 Id.
342 5207 474 5276 ὰνιὶμινος.
1003 5205 1142 5264 indicata.
1161 5235 1198 5248 -
1215 5204 1337 5263 Inclusa
1355 5205 1458 5278 glossa
1475 5205 1627 5264 videntur.

236 5291 260 5366 Β)
279 5291 351 5350 Ood.
368 5297 472 5366 αρθῐθθ
491 5293 570 5345 κάλων
588 5289 626 5349 ἦν·
654 5293 736 5351 Solet
759 5292 851 5350 editio
876 5291 952 5366 prin·
1041 5297 1065 5370 ⁶)
1083 5295 1153 5353 cod.
1172 5300 1221 5348 δεῖν
1240 5295 1421 5367 σπιρμάτιραί

200 5404 270 5463 σερε
283 5385 404 5446 liberari
419 5384 571 5443 afastidio
583 5385 724 5443 versandi
738 5402 840 5444 omnes
859 5385 951 5443 libros
1042 5388 1066 5462 ⁷)
1085 5387 1155 5446 cod.
1174 5387 1298 5461 ίαιιάφῳ.
