<?xml version="1.0" encoding="UTF-8"?>
<!DOCTYPE html PUBLIC "-//W3C//DTD XHTML 1.0 Transitional//EN"
    "http://www.w3.org/TR/xhtml1/DTD/xhtml1-transitional.dtd">
<html xmlns="http://www.w3.org/1999/xhtml" xml:lang="en" lang="en">
 <head>
  <title>
</title>
<meta http-equiv="Content-Type" content="text/html;charset=utf-8" />
  <meta name='ocr-system' content='tesseract 3.04.00' />
  <meta name='ocr-capabilities' content='ocr_page ocr_carea ocr_par ocr_line ocrx_word'/>
</head>
<body>
  <div class='ocr_page' id='page_1' title='image "./analectasacrasp02pitrgoog_0262.png"; bbox 0 0 4006 6074; ppageno 0'>
   <div class='ocr_carea' id='block_1_1' title="bbox 550 491 1717 588">
    <p class='ocr_par' dir='ltr' id='par_1_1' title="bbox 550 491 1717 588">
     <span class='ocr_line' id='line_1_1' title="bbox 550 491 1717 588; baseline -0.002 -23"><span class='ocrx_word' id='word_1_1' title='bbox 550 492 642 566; x_wconf 83' lang='lat' dir='ltr'><strong>Pars</strong></span> <span class='ocrx_word' id='word_1_2' title='bbox 660 519 683 584; x_wconf 89' lang='lat'>1,</span> <span class='ocrx_word' id='word_1_3' title='bbox 702 491 736 588; x_wconf 65' lang='grc' dir='ltr'>ἕ.</span> <span class='ocrx_word' id='word_1_4' title='bbox 755 505 782 574; x_wconf 82' lang='grc'>3,</span> <span class='ocrx_word' id='word_1_5' title='bbox 801 509 828 559; x_wconf 72' lang='grc'>4·</span> <span class='ocrx_word' id='word_1_6' title='bbox 850 534 862 546; x_wconf 95' lang='grc'><strong>-</strong></span> <span class='ocrx_word' id='word_1_7' title='bbox 885 495 975 569; x_wconf 81' lang='lat' dir='ltr'><strong>Para</strong></span> <span class='ocrx_word' id='word_1_8' title='bbox 992 520 1028 584; x_wconf 90' lang='lat'>11,</span> <span class='ocrx_word' id='word_1_9' title='bbox 1048 496 1091 568; x_wconf 78' lang='lat' dir='ltr'>de</span> <span class='ocrx_word' id='word_1_10' title='bbox 1109 495 1237 584; x_wconf 80' lang='lat' dir='ltr'><strong>anima,</strong></span> <span class='ocrx_word' id='word_1_11' title='bbox 1256 491 1292 588; x_wconf 67' lang='grc' dir='ltr'>,θ</span> <span class='ocrx_word' id='word_1_12' title='bbox 1314 507 1338 560; x_wconf 86' lang='grc'>1.</span> <span class='ocrx_word' id='word_1_13' title='bbox 1700 503 1717 558; x_wconf 76' lang='lat'><strong>3</strong></span> 
     </span>
    </p>
   </div>
   <div class='ocr_carea' id='block_1_2' title="bbox 172 655 1721 964">
    <p class='ocr_par' dir='ltr' id='par_1_2' title="bbox 172 655 1721 964">
     <span class='ocr_line' id='line_1_2' title="bbox 172 655 1721 758; baseline 0.004 -31"><span class='ocrx_word' id='word_1_14' title='bbox 172 673 233 740; x_wconf 82' lang='grc' dir='ltr'>πᾶς</span> <span class='ocrx_word' id='word_1_15' title='bbox 257 668 273 728; x_wconf 89' lang='grc' dir='ltr'>ὁ</span> <span class='ocrx_word' id='word_1_16' title='bbox 297 655 416 749; x_wconf 83' lang='grc' dir='ltr'>σπουδῇ</span> <span class='ocrx_word' id='word_1_17' title='bbox 442 663 485 729; x_wconf 79' lang='grc' dir='ltr'>τά</span> <span class='ocrx_word' id='word_1_18' title='bbox 508 667 682 756; x_wconf 71' lang='grc' dir='ltr'>μιμήματα</span> <span class='ocrx_word' id='word_1_19' title='bbox 707 665 841 755; x_wconf 86' lang='grc' dir='ltr'>μετιὼν,</span> <span class='ocrx_word' id='word_1_20' title='bbox 866 659 952 732; x_wconf 82' lang='grc' dir='ltr'>ούδέν</span> <span class='ocrx_word' id='word_1_21' title='bbox 977 667 1055 732; x_wconf 84' lang='grc' dir='ltr'>ἀλλο</span> <span class='ocrx_word' id='word_1_22' title='bbox 1079 669 1164 733; x_wconf 84' lang='grc' dir='ltr'>ἐστὶν</span> <span class='ocrx_word' id='word_1_23' title='bbox 1188 666 1207 740; x_wconf 80' lang='grc' dir='ltr'><strong>ἢ</strong></span> <span class='ocrx_word' id='word_1_24' title='bbox 1234 668 1394 757; x_wconf 79' lang='grc' dir='ltr'>μ·μητ·ί,ς·</span> <span class='ocrx_word' id='word_1_25' title='bbox 1418 677 1477 744; x_wconf 79' lang='grc' dir='ltr'>παῖς</span> <span class='ocrx_word' id='word_1_26' title='bbox 1503 668 1561 758; x_wconf 84' lang='grc' dir='ltr'>ἄρα</span> <span class='ocrx_word' id='word_1_27' title='bbox 1586 669 1721 746; x_wconf 73' lang='grc' dir='ltr'>ποιητὴς</span> 
     </span>
     <span class='ocr_line' id='line_1_3' title="bbox 175 765 1721 869; baseline 0.004 -33"><span class='ocrx_word' id='word_1_28' title='bbox 175 772 317 861; x_wconf 78' lang='grc' dir='ltr'>μιμητής</span> <span class='ocrx_word' id='word_1_29' title='bbox 342 777 437 848; x_wconf 83' lang='grc' dir='ltr'>ἐστιν,</span> <span class='ocrx_word' id='word_1_30' title='bbox 463 777 490 837; x_wconf 85' lang='grc' dir='ltr'>εἰ</span> <span class='ocrx_word' id='word_1_31' title='bbox 514 765 612 862; x_wconf 86' lang='grc' dir='ltr'>μηδὲν</span> <span class='ocrx_word' id='word_1_32' title='bbox 630 776 765 863; x_wconf 85' lang='grc' dir='ltr'>ἔχειτοῦ</span> <span class='ocrx_word' id='word_1_33' title='bbox 789 774 949 864; x_wconf 83' lang='grc' dir='ltr'>μιμεῖσθαι</span> <span class='ocrx_word' id='word_1_34' title='bbox 972 775 1114 859; x_wconf 82' lang='grc' dir='ltr'>κάλλιον,</span> <span class='ocrx_word' id='word_1_35' title='bbox 1138 775 1192 841; x_wconf 81' lang='grc' dir='ltr'>καί</span> <span class='ocrx_word' id='word_1_36' title='bbox 1215 777 1309 841; x_wconf 82' lang='grc' dir='ltr'>τοῦτό</span> <span class='ocrx_word' id='word_1_37' title='bbox 1326 800 1363 867; x_wconf 89' lang='grc' dir='ltr'>γε</span> <span class='ocrx_word' id='word_1_38' title='bbox 1380 769 1466 842; x_wconf 79' lang='grc' dir='ltr'>οὐδὲν</span> <span class='ocrx_word' id='word_1_39' title='bbox 1491 777 1570 841; x_wconf 85' lang='grc' dir='ltr'>ἄλλο</span> <span class='ocrx_word' id='word_1_40' title='bbox 1595 777 1721 869; x_wconf 76' lang='grc' dir='ltr'>συνάγει</span> 
     </span>
     <span class='ocr_line' id='line_1_4' title="bbox 174 872 1236 964; baseline 0.004 -20"><span class='ocrx_word' id='word_1_41' title='bbox 174 877 193 951; x_wconf 79' lang='grc' dir='ltr'><strong>ἢ</strong></span> <span class='ocrx_word' id='word_1_42' title='bbox 220 882 270 944; x_wconf 88' lang='grc' dir='ltr'>ότι</span> <span class='ocrx_word' id='word_1_43' title='bbox 293 890 356 945; x_wconf 86' lang='grc' dir='ltr'>τῶν</span> <span class='ocrx_word' id='word_1_44' title='bbox 380 891 520 952; x_wconf 82' lang='grc' dir='ltr'>ποιητῶν</span> <span class='ocrx_word' id='word_1_45' title='bbox 545 872 652 964; x_wconf 83' lang='grc' dir='ltr'>οὐδείς,</span> <span class='ocrx_word' id='word_1_46' title='bbox 677 881 746 946; x_wconf 86' lang='grc' dir='ltr'>καθ’</span> <span class='ocrx_word' id='word_1_47' title='bbox 772 883 842 946; x_wconf 84' lang='grc' dir='ltr'>ὅσον</span> <span class='ocrx_word' id='word_1_48' title='bbox 867 883 951 948; x_wconf 83' lang='grc' dir='ltr'>ἐστίν</span> <span class='ocrx_word' id='word_1_49' title='bbox 976 885 1121 961; x_wconf 73' lang='grc' dir='ltr'>ποιητὴς,</span> <span class='ocrx_word' id='word_1_50' title='bbox 1146 889 1236 950; x_wconf 87' lang='grc' dir='ltr'>πολι-</span> 
     </span>
    </p>
   </div>
   <div class='ocr_carea' id='block_1_3' title="bbox 174 1087 1722 1189">
    <p class='ocr_par' dir='ltr' id='par_1_3' title="bbox 174 1087 1722 1189">
     <span class='ocr_line' id='line_1_5' title="bbox 174 1087 1722 1189; baseline 0.001 -27"><span class='ocrx_word' id='word_1_51' title='bbox 174 1099 198 1162; x_wconf 84' lang='lat' dir='ltr'>f.</span> <span class='ocrx_word' id='word_1_52' title='bbox 226 1099 288 1162; x_wconf 89' lang='grc'>113</span> <span class='ocrx_word' id='word_1_53' title='bbox 316 1096 411 1179; x_wconf 91' lang='grc' dir='ltr'>[τικός</span> <span class='ocrx_word' id='word_1_54' title='bbox 428 1099 522 1162; x_wconf 83' lang='grc' dir='ltr'>έστιν·</span> <span class='ocrx_word' id='word_1_55' title='bbox 541 1087 637 1173; x_wconf 84' lang='grc' dir='ltr'>οὐδεὶς</span> <span class='ocrx_word' id='word_1_56' title='bbox 661 1096 721 1189; x_wconf 83' lang='grc' dir='ltr'>γάρ</span> <span class='ocrx_word' id='word_1_57' title='bbox 742 1099 903 1174; x_wconf 83' lang='grc' dir='ltr'>πολιτικός</span> <span class='ocrx_word' id='word_1_58' title='bbox 928 1100 1070 1189; x_wconf 75' lang='grc' dir='ltr'>μιμητής</span> <span class='ocrx_word' id='word_1_59' title='bbox 1094 1103 1187 1183; x_wconf 85' lang='grc' dir='ltr'>ἐστιν,</span> <span class='ocrx_word' id='word_1_60' title='bbox 1203 1108 1263 1176; x_wconf 78' lang='grc' dir='ltr'>πᾶς</span> <span class='ocrx_word' id='word_1_61' title='bbox 1289 1091 1321 1164; x_wconf 84' lang='grc' dir='ltr'>δὲ</span> <span class='ocrx_word' id='word_1_62' title='bbox 1344 1099 1478 1176; x_wconf 71' lang='grc' dir='ltr'>ποιητὴς</span> <span class='ocrx_word' id='word_1_63' title='bbox 1503 1099 1656 1188; x_wconf 79' lang='grc' dir='ltr'>μιμητής.</span> <span class='ocrx_word' id='word_1_64' title='bbox 1682 1139 1722 1149; x_wconf 94' lang='grc'>-</span> 
     </span>
    </p>
   </div>
   <div class='ocr_carea' id='block_1_4' title="bbox 122 1205 1728 3020">
    <p class='ocr_par' dir='ltr' id='par_1_4' title="bbox 134 1205 1725 1730">
     <span class='ocr_line' id='line_1_6' title="bbox 134 1205 1725 1297; baseline -0.001 -25"><span class='ocrx_word' id='word_1_65' title='bbox 134 1232 148 1272; x_wconf 81' lang='grc' dir='ltr'>ε</span> <span class='ocrx_word' id='word_1_66' title='bbox 178 1205 292 1294; x_wconf 79' lang='grc' dir='ltr'><strong>Τρίτον</strong></span> <span class='ocrx_word' id='word_1_67' title='bbox 316 1207 420 1268; x_wconf 91' lang='grc' dir='ltr'>τοίνυν</span> <span class='ocrx_word' id='word_1_68' title='bbox 444 1215 499 1270; x_wconf 85' lang='grc' dir='ltr'>τοῦ</span> <span class='ocrx_word' id='word_1_69' title='bbox 525 1209 619 1271; x_wconf 84' lang='grc' dir='ltr'>αὐτοῦ</span> <span class='ocrx_word' id='word_1_70' title='bbox 645 1206 823 1296; x_wconf 86' lang='grc' dir='ltr'>κεφάλαιον,</span> <span class='ocrx_word' id='word_1_71' title='bbox 849 1208 898 1271; x_wconf 84' lang='grc' dir='ltr'>ότι</span> <span class='ocrx_word' id='word_1_72' title='bbox 921 1217 981 1283; x_wconf 85' lang='grc' dir='ltr'>πᾶς</span> <span class='ocrx_word' id='word_1_73' title='bbox 1004 1207 1139 1284; x_wconf 84' lang='grc' dir='ltr'>ποιητὴς</span> <span class='ocrx_word' id='word_1_74' title='bbox 1163 1209 1233 1273; x_wconf 80' lang='grc' dir='ltr'>οὔτε</span> <span class='ocrx_word' id='word_1_75' title='bbox 1250 1209 1432 1297; x_wconf 69' lang='grc' dir='ltr'>ἐπιστήμων</span> <span class='ocrx_word' id='word_1_76' title='bbox 1457 1208 1540 1273; x_wconf 83' lang='grc' dir='ltr'>ἐστίν</span> <span class='ocrx_word' id='word_1_77' title='bbox 1558 1209 1681 1272; x_wconf 75' lang='grc' dir='ltr'>ἐκείνων</span> <span class='ocrx_word' id='word_1_78' title='bbox 1706 1205 1725 1270; x_wconf 79' lang='grc' dir='ltr'>ἀ</span> 
     </span>
     <span class='ocr_line' id='line_1_7' title="bbox 177 1305 1725 1405; baseline 0.003 -31"><span class='ocrx_word' id='word_1_79' title='bbox 177 1322 330 1400; x_wconf 78' lang='grc' dir='ltr'><strong>μιμεῖται,</strong></span> <span class='ocrx_word' id='word_1_80' title='bbox 355 1314 426 1377; x_wconf 81' lang='grc' dir='ltr'>οὔτε</span> <span class='ocrx_word' id='word_1_81' title='bbox 450 1305 716 1400; x_wconf 81' lang='grc' dir='ltr'>όρθοδοξαστικός.</span> <span class='ocrx_word' id='word_1_82' title='bbox 743 1321 830 1404; x_wconf 85' lang='grc' dir='ltr'>Τρεῖς</span> <span class='ocrx_word' id='word_1_83' title='bbox 854 1314 915 1404; x_wconf 84' lang='grc' dir='ltr'>γάρ</span> <span class='ocrx_word' id='word_1_84' title='bbox 940 1319 1014 1380; x_wconf 86' lang='grc' dir='ltr'>εἰσιν</span> <span class='ocrx_word' id='word_1_85' title='bbox 1040 1317 1151 1404; x_wconf 88' lang='grc' dir='ltr'>τέχναι</span> <span class='ocrx_word' id='word_1_86' title='bbox 1169 1316 1240 1405; x_wconf 87' lang='grc' dir='ltr'>περί</span> <span class='ocrx_word' id='word_1_87' title='bbox 1262 1317 1405 1380; x_wconf 84' lang='grc' dir='ltr'>ἕκαστον·</span> <span class='ocrx_word' id='word_1_88' title='bbox 1429 1321 1448 1389; x_wconf 78' lang='grc' dir='ltr'><strong>ἡ</strong></span> <span class='ocrx_word' id='word_1_89' title='bbox 1475 1315 1653 1404; x_wconf 85' lang='grc' dir='ltr'>χρησομένη</span> <span class='ocrx_word' id='word_1_90' title='bbox 1679 1324 1725 1398; x_wconf 89' lang='grc' dir='ltr'>τῷ</span> 
     </span>
     <span class='ocr_line' id='line_1_8' title="bbox 176 1415 1722 1515; baseline 0.003 -32"><span class='ocrx_word' id='word_1_91' title='bbox 176 1420 338 1510; x_wconf 74' lang='grc' dir='ltr'>γινομένῳ]</span> <span class='ocrx_word' id='word_1_92' title='bbox 365 1425 404 1496; x_wconf 88' lang='grc' dir='ltr'>ῶς</span> <span class='ocrx_word' id='word_1_93' title='bbox 429 1419 561 1512; x_wconf 87' lang='grc' dir='ltr'>όργάνῳ,</span> <span class='ocrx_word' id='word_1_94' title='bbox 579 1418 640 1487; x_wconf 81' lang='grc' dir='ltr'>οἷον</span> <span class='ocrx_word' id='word_1_95' title='bbox 660 1426 778 1511; x_wconf 79' lang='grc' dir='ltr'>χαλινῷ</span> <span class='ocrx_word' id='word_1_96' title='bbox 799 1425 828 1508; x_wconf 83' lang='grc' dir='ltr'>[ἠ</span> <span class='ocrx_word' id='word_1_97' title='bbox 850 1424 971 1496; x_wconf 76' lang='grc' dir='ltr'>ἱππική·</span> <span class='ocrx_word' id='word_1_98' title='bbox 993 1430 1012 1497; x_wconf 74' lang='grc' dir='ltr'>η</span> <span class='ocrx_word' id='word_1_99' title='bbox 1039 1415 1295 1515; x_wconf 85' lang='grc' dir='ltr'>δημι]ουργοῦσα,</span> <span class='ocrx_word' id='word_1_100' title='bbox 1320 1420 1382 1488; x_wconf 86' lang='grc' dir='ltr'>οἷον</span> <span class='ocrx_word' id='word_1_101' title='bbox 1406 1421 1668 1513; x_wconf 77' lang='grc' dir='ltr'>χαλινοποιητικθι</span> <span class='ocrx_word' id='word_1_102' title='bbox 1686 1422 1722 1510; x_wconf 77' lang='lat'>¹),</span> 
     </span>
     <span class='ocr_line' id='line_1_9' title="bbox 177 1530 1724 1622; baseline 0.002 -31"><span class='ocrx_word' id='word_1_103' title='bbox 177 1533 209 1610; x_wconf 78' lang='grc' dir='ltr'>(η</span> <span class='ocrx_word' id='word_1_104' title='bbox 238 1530 412 1619; x_wconf 81' lang='grc' dir='ltr'>μιμουμένη</span> <span class='ocrx_word' id='word_1_105' title='bbox 439 1531 494 1594; x_wconf 86' lang='grc' dir='ltr'>τόν</span> <span class='ocrx_word' id='word_1_106' title='bbox 518 1530 596 1594; x_wconf 83' lang='grc' dir='ltr'>ὄντα</span> <span class='ocrx_word' id='word_1_107' title='bbox 619 1531 759 1619; x_wconf 83' lang='grc' dir='ltr'>χαλινόν,</span> <span class='ocrx_word' id='word_1_108' title='bbox 784 1536 823 1606; x_wconf 88' lang='grc' dir='ltr'>ῶς</span> <span class='ocrx_word' id='word_1_109' title='bbox 856 1537 875 1604; x_wconf 76' lang='grc' dir='ltr'>η</span> <span class='ocrx_word' id='word_1_110' title='bbox 908 1533 1063 1622; x_wconf 81' lang='grc' dir='ltr'>γραφική·</span> <span class='ocrx_word' id='word_1_111' title='bbox 1087 1533 1151 1614; x_wconf 85' lang='grc' dir='ltr'>καί)</span> <span class='ocrx_word' id='word_1_112' title='bbox 1177 1537 1196 1604; x_wconf 76' lang='grc' dir='ltr'>ί.</span> <span class='ocrx_word' id='word_1_113' title='bbox 1228 1532 1281 1620; x_wconf 89' lang='grc' dir='ltr'>μὲν</span> <span class='ocrx_word' id='word_1_114' title='bbox 1306 1532 1487 1620; x_wconf 77' lang='grc' dir='ltr'>ἐπιστήμων</span> <span class='ocrx_word' id='word_1_115' title='bbox 1516 1535 1661 1621; x_wconf 81' lang='grc' dir='ltr'>χαλινοῦ,</span> <span class='ocrx_word' id='word_1_116' title='bbox 1687 1531 1724 1594; x_wconf 81' lang='grc' dir='ltr'>τό</span> 
     </span>
     <span class='ocr_line' id='line_1_10' title="bbox 177 1629 1724 1730; baseline 0.001 -32"><span class='ocrx_word' id='word_1_117' title='bbox 177 1635 266 1712; x_wconf 89' lang='grc' dir='ltr'>τέλος</span> <span class='ocrx_word' id='word_1_118' title='bbox 292 1629 413 1724; x_wconf 81' lang='grc' dir='ltr'>[εἰδυῖα]</span> <span class='ocrx_word' id='word_1_119' title='bbox 440 1637 493 1702; x_wconf 86' lang='grc' dir='ltr'>καὶ</span> <span class='ocrx_word' id='word_1_120' title='bbox 516 1637 576 1708; x_wconf 74' lang='grc' dir='ltr'>τὴν</span> <span class='ocrx_word' id='word_1_121' title='bbox 600 1640 716 1728; x_wconf 83' lang='grc' dir='ltr'>χρείαν·</span> <span class='ocrx_word' id='word_1_122' title='bbox 740 1637 933 1728; x_wconf 85' lang='grc' dir='ltr'>κυριώτατον</span> <span class='ocrx_word' id='word_1_123' title='bbox 957 1637 1017 1730; x_wconf 81' lang='grc' dir='ltr'>γάρ</span> <span class='ocrx_word' id='word_1_124' title='bbox 1044 1641 1117 1722; x_wconf 71' lang='grc' dir='ltr'>[τῶν</span> <span class='ocrx_word' id='word_1_125' title='bbox 1143 1639 1262 1724; x_wconf 81' lang='grc' dir='ltr'>αἰτίων]</span> <span class='ocrx_word' id='word_1_126' title='bbox 1288 1639 1325 1704; x_wconf 83' lang='grc' dir='ltr'>τό</span> <span class='ocrx_word' id='word_1_127' title='bbox 1349 1639 1483 1703; x_wconf 76' lang='grc' dir='ltr'>τελικὸν·</span> <span class='ocrx_word' id='word_1_128' title='bbox 1506 1644 1522 1702; x_wconf 87' lang='grc' dir='ltr'>ό</span> <span class='ocrx_word' id='word_1_129' title='bbox 1548 1630 1581 1704; x_wconf 87' lang='grc' dir='ltr'>δὲ</span> <span class='ocrx_word' id='word_1_130' title='bbox 1602 1639 1639 1702; x_wconf 81' lang='grc' dir='ltr'>τό</span> <span class='ocrx_word' id='word_1_131' title='bbox 1664 1661 1724 1701; x_wconf 83' lang='grc' dir='ltr'>κυ-</span> 
     </span>
    </p>

    <p class='ocr_par' dir='ltr' id='par_1_5' title="bbox 122 1737 1728 2267">
     <span class='ocr_line' id='line_1_11' title="bbox 122 1737 1724 1837; baseline 0.002 -31"><span class='ocrx_word' id='word_1_132' title='bbox 122 1762 150 1800; x_wconf 83' lang='grc' dir='ltr'>ιο</span> <span class='ocrx_word' id='word_1_133' title='bbox 179 1742 333 1833; x_wconf 86' lang='grc' dir='ltr'>ριῶτατον</span> <span class='ocrx_word' id='word_1_134' title='bbox 357 1737 444 1820; x_wconf 85' lang='grc' dir='ltr'>εἰδὼς</span> <span class='ocrx_word' id='word_1_135' title='bbox 469 1747 594 1830; x_wconf 85' lang='grc' dir='ltr'>αἴτι[ον,</span> <span class='ocrx_word' id='word_1_136' title='bbox 618 1747 746 1832; x_wconf 87' lang='grc' dir='ltr'>παντός]</span> <span class='ocrx_word' id='word_1_137' title='bbox 773 1747 971 1835; x_wconf 71' lang='grc' dir='ltr'>ἐπιστήμων·</span> <span class='ocrx_word' id='word_1_138' title='bbox 996 1753 1011 1810; x_wconf 92' lang='grc' dir='ltr'>ό</span> <span class='ocrx_word' id='word_1_139' title='bbox 1036 1737 1070 1811; x_wconf 87' lang='grc' dir='ltr'>δέ</span> <span class='ocrx_word' id='word_1_140' title='bbox 1092 1747 1285 1836; x_wconf 80' lang='grc' dir='ltr'>χρησόμενος</span> <span class='ocrx_word' id='word_1_141' title='bbox 1317 1738 1406 1831; x_wconf 83' lang='grc' dir='ltr'>[οἶδεν</span> <span class='ocrx_word' id='word_1_142' title='bbox 1435 1750 1501 1832; x_wconf 86' lang='grc' dir='ltr'>τοῦ]</span> <span class='ocrx_word' id='word_1_143' title='bbox 1528 1746 1659 1837; x_wconf 88' lang='grc' dir='ltr'>όργάνου</span> <span class='ocrx_word' id='word_1_144' title='bbox 1686 1746 1724 1810; x_wconf 84' lang='grc' dir='ltr'>τό</span> 
     </span>
     <span class='ocr_line' id='line_1_12' title="bbox 177 1845 1724 1946; baseline 0.002 -31"><span class='ocrx_word' id='word_1_145' title='bbox 177 1855 302 1917; x_wconf 81' lang='grc' dir='ltr'>τελικὸν</span> <span class='ocrx_word' id='word_1_146' title='bbox 327 1855 443 1918; x_wconf 80' lang='grc' dir='ltr'>αἴτιον·</span> <span class='ocrx_word' id='word_1_147' title='bbox 467 1859 485 1926; x_wconf 75' lang='grc' dir='ltr'>η</span> <span class='ocrx_word' id='word_1_148' title='bbox 513 1845 559 1940; x_wconf 85' lang='grc' dir='ltr'>[δὲ</span> <span class='ocrx_word' id='word_1_149' title='bbox 581 1853 673 1944; x_wconf 69' lang='grc' dir='ltr'>ὀρθ-ἠν</span> <span class='ocrx_word' id='word_1_150' title='bbox 698 1855 775 1944; x_wconf 87' lang='grc' dir='ltr'>ἔχει]</span> <span class='ocrx_word' id='word_1_151' title='bbox 803 1845 896 1932; x_wconf 81' lang='grc' dir='ltr'>δόξαν</span> <span class='ocrx_word' id='word_1_152' title='bbox 919 1853 989 1944; x_wconf 81' lang='grc' dir='ltr'>περὶ</span> <span class='ocrx_word' id='word_1_153' title='bbox 1015 1857 1163 1942; x_wconf 90' lang='grc' dir='ltr'>χαλινοῦ·</span> <span class='ocrx_word' id='word_1_154' title='bbox 1189 1851 1337 1942; x_wconf 87' lang='grc' dir='ltr'>μάνθανει</span> <span class='ocrx_word' id='word_1_155' title='bbox 1363 1852 1434 1946; x_wconf 77' lang='grc' dir='ltr'>[γὰρ</span> <span class='ocrx_word' id='word_1_156' title='bbox 1459 1858 1474 1917; x_wconf 91' lang='grc' dir='ltr'>ό</span> <span class='ocrx_word' id='word_1_157' title='bbox 1499 1853 1724 1943; x_wconf 87' lang='grc' dir='ltr'>χαλι]νοποιθς,</span> 
     </span>
     <span class='ocr_line' id='line_1_13' title="bbox 178 1953 1725 2052; baseline -0.001 -28"><span class='ocrx_word' id='word_1_158' title='bbox 178 1962 228 2024; x_wconf 86' lang='grc' dir='ltr'>ὅτι</span> <span class='ocrx_word' id='word_1_159' title='bbox 252 1953 373 2025; x_wconf 89' lang='grc' dir='ltr'>τοιόνδε</span> <span class='ocrx_word' id='word_1_160' title='bbox 398 1953 445 2026; x_wconf 86' lang='grc' dir='ltr'>δεῖ</span> <span class='ocrx_word' id='word_1_161' title='bbox 467 1963 521 2026; x_wconf 76' lang='grc' dir='ltr'>τὀν</span> <span class='ocrx_word' id='word_1_162' title='bbox 546 1963 674 2051; x_wconf 82' lang='grc' dir='ltr'>χαλινόν</span> <span class='ocrx_word' id='word_1_163' title='bbox 703 1958 792 2048; x_wconf 75' lang='grc' dir='ltr'>[εἶναι</span> <span class='ocrx_word' id='word_1_164' title='bbox 815 1961 910 2052; x_wconf 68' lang='grc' dir='ltr'>παρά]</span> <span class='ocrx_word' id='word_1_165' title='bbox 930 1972 984 2026; x_wconf 88' lang='grc' dir='ltr'>τοῦ</span> <span class='ocrx_word' id='word_1_166' title='bbox 1001 1961 1196 2051; x_wconf 83' lang='grc' dir='ltr'>χρησομένου</span> <span class='ocrx_word' id='word_1_167' title='bbox 1213 1971 1258 2044; x_wconf 87' lang='grc' dir='ltr'>τῷ</span> <span class='ocrx_word' id='word_1_168' title='bbox 1282 1965 1413 2050; x_wconf 89' lang='grc' dir='ltr'>χαλινῷ,</span> <span class='ocrx_word' id='word_1_169' title='bbox 1430 1961 1485 2026; x_wconf 90' lang='grc' dir='ltr'>καί</span> <span class='ocrx_word' id='word_1_170' title='bbox 1510 1961 1580 2046; x_wconf 83' lang='grc' dir='ltr'>[τ-λν</span> <span class='ocrx_word' id='word_1_171' title='bbox 1606 1963 1725 2047; x_wconf 86' lang='grc' dir='ltr'>αἰ]τίαν</span> 
     </span>
     <span class='ocr_line' id='line_1_14' title="bbox 171 2061 1727 2162; baseline 0.001 -30"><span class='ocrx_word' id='word_1_172' title='bbox 171 2063 298 2158; x_wconf 77' lang='grc' dir='ltr'>’ἀγνοῶν</span> <span class='ocrx_word' id='word_1_173' title='bbox 321 2079 403 2134; x_wconf 90' lang='grc' dir='ltr'>ποιεῖ</span> <span class='ocrx_word' id='word_1_174' title='bbox 425 2061 546 2134; x_wconf 86' lang='grc' dir='ltr'>τοιόνδε</span> <span class='ocrx_word' id='word_1_175' title='bbox 569 2070 717 2158; x_wconf 90' lang='grc' dir='ltr'>χαλινόν·</span> <span class='ocrx_word' id='word_1_176' title='bbox 746 2073 775 2154; x_wconf 78' lang='grc' dir='ltr'>[ἡ</span> <span class='ocrx_word' id='word_1_177' title='bbox 802 2063 835 2134; x_wconf 84' lang='grc' dir='ltr'>δὲ</span> <span class='ocrx_word' id='word_1_178' title='bbox 858 2065 1034 2162; x_wconf 71' lang='grc' dir='ltr'>ζω]γραφία</span> <span class='ocrx_word' id='word_1_179' title='bbox 1059 2081 1201 2159; x_wconf 80' lang='grc' dir='ltr'>μιμεῖται</span> <span class='ocrx_word' id='word_1_180' title='bbox 1225 2070 1261 2133; x_wconf 82' lang='grc' dir='ltr'>τό</span> <span class='ocrx_word' id='word_1_181' title='bbox 1286 2061 1365 2145; x_wconf 83' lang='grc' dir='ltr'>εἶδος</span> <span class='ocrx_word' id='word_1_182' title='bbox 1389 2081 1444 2135; x_wconf 85' lang='grc' dir='ltr'>τοῦ</span> <span class='ocrx_word' id='word_1_183' title='bbox 1461 2074 1602 2160; x_wconf 82' lang='grc' dir='ltr'>χαλινοῦ,</span> <span class='ocrx_word' id='word_1_184' title='bbox 1629 2069 1727 2155; x_wconf 85' lang='grc' dir='ltr'>[βλέ]-</span> 
     </span>
     <span class='ocr_line' id='line_1_15' title="bbox 177 2169 1728 2267; baseline 0.001 -28"><span class='ocrx_word' id='word_1_185' title='bbox 177 2200 279 2240; x_wconf 87' lang='grc' dir='ltr'>πουσα</span> <span class='ocrx_word' id='word_1_186' title='bbox 303 2177 341 2240; x_wconf 86' lang='grc' dir='ltr'>τό</span> <span class='ocrx_word' id='word_1_187' title='bbox 365 2185 476 2265; x_wconf 76' lang='grc' dir='ltr'>σχῆμα</span> <span class='ocrx_word' id='word_1_188' title='bbox 502 2187 558 2241; x_wconf 85' lang='grc' dir='ltr'>τοῦ</span> <span class='ocrx_word' id='word_1_189' title='bbox 584 2169 885 2267; x_wconf 88' lang='grc' dir='ltr'>δημιουργηθέντος·</span> <span class='ocrx_word' id='word_1_190' title='bbox 909 2179 981 2242; x_wconf 82' lang='grc' dir='ltr'>οὔτε</span> <span class='ocrx_word' id='word_1_191' title='bbox 1005 2177 1064 2248; x_wconf 78' lang='grc' dir='ltr'>τὴν</span> <span class='ocrx_word' id='word_1_192' title='bbox 1088 2179 1195 2266; x_wconf 87' lang='grc' dir='ltr'>χρείαν</span> <span class='ocrx_word' id='word_1_193' title='bbox 1220 2170 1336 2254; x_wconf 88' lang='grc' dir='ltr'>εἰδυῖα,</span> <span class='ocrx_word' id='word_1_194' title='bbox 1361 2183 1400 2253; x_wconf 89' lang='grc' dir='ltr'>ῶς</span> <span class='ocrx_word' id='word_1_195' title='bbox 1423 2183 1443 2252; x_wconf 76' lang='grc' dir='ltr'>ἡ</span> <span class='ocrx_word' id='word_1_196' title='bbox 1469 2176 1631 2266; x_wconf 86' lang='grc' dir='ltr'>χρωμένη,</span> <span class='ocrx_word' id='word_1_197' title='bbox 1656 2178 1728 2241; x_wconf 87' lang='grc' dir='ltr'>οὕτε</span> 
     </span>
    </p>

    <p class='ocr_par' dir='ltr' id='par_1_6' title="bbox 122 2275 1727 3020">
     <span class='ocr_line' id='line_1_16' title="bbox 122 2275 1726 2377; baseline 0 -31"><span class='ocrx_word' id='word_1_198' title='bbox 122 2296 150 2339; x_wconf 79' lang='lat'>1⁵</span> <span class='ocrx_word' id='word_1_199' title='bbox 178 2284 233 2347; x_wconf 88' lang='grc' dir='ltr'>τόν</span> <span class='ocrx_word' id='word_1_200' title='bbox 257 2284 371 2373; x_wconf 84' lang='grc' dir='ltr'>τρόπον</span> <span class='ocrx_word' id='word_1_201' title='bbox 395 2295 452 2360; x_wconf 82' lang='grc' dir='ltr'>τῆς</span> <span class='ocrx_word' id='word_1_202' title='bbox 476 2285 641 2365; x_wconf 78' lang='grc' dir='ltr'>ποιήσεως,</span> <span class='ocrx_word' id='word_1_203' title='bbox 665 2291 704 2360; x_wconf 85' lang='grc' dir='ltr'>ὡς</span> <span class='ocrx_word' id='word_1_204' title='bbox 728 2289 747 2358; x_wconf 79' lang='grc' dir='ltr'><strong>ἡ</strong></span> <span class='ocrx_word' id='word_1_205' title='bbox 775 2275 1037 2377; x_wconf 74' lang='grc' dir='ltr'>δημιουργήσασα</span> <span class='ocrx_word' id='word_1_206' title='bbox 1060 2285 1115 2350; x_wconf 86' lang='grc' dir='ltr'>τόν</span> <span class='ocrx_word' id='word_1_207' title='bbox 1139 2286 1280 2374; x_wconf 89' lang='grc' dir='ltr'>χαλινόν·</span> <span class='ocrx_word' id='word_1_208' title='bbox 1297 2287 1331 2349; x_wconf 91' lang='grc' dir='ltr'>ού</span> <span class='ocrx_word' id='word_1_209' title='bbox 1348 2284 1407 2375; x_wconf 84' lang='grc' dir='ltr'>γάρ</span> <span class='ocrx_word' id='word_1_210' title='bbox 1432 2289 1448 2349; x_wconf 90' lang='grc' dir='ltr'>ό</span> <span class='ocrx_word' id='word_1_211' title='bbox 1474 2283 1615 2374; x_wconf 80' lang='grc' dir='ltr'>μιμητλς</span> <span class='ocrx_word' id='word_1_212' title='bbox 1638 2289 1726 2348; x_wconf 87' lang='grc' dir='ltr'>ἑπισ-</span> 
     </span>
     <span class='ocr_line' id='line_1_17' title="bbox 178 2381 1724 2483; baseline 0.001 -31"><span class='ocrx_word' id='word_1_213' title='bbox 178 2389 289 2478; x_wconf 75' lang='grc' dir='ltr'>τῆμων</span> <span class='ocrx_word' id='word_1_214' title='bbox 315 2390 409 2468; x_wconf 86' lang='grc' dir='ltr'>ἐστίν,</span> <span class='ocrx_word' id='word_1_215' title='bbox 434 2392 506 2455; x_wconf 86' lang='grc' dir='ltr'>ούτε</span> <span class='ocrx_word' id='word_1_216' title='bbox 530 2382 795 2481; x_wconf 77' lang='grc' dir='ltr'>όρθοδοξαστικός,</span> <span class='ocrx_word' id='word_1_217' title='bbox 816 2395 855 2466; x_wconf 87' lang='grc' dir='ltr'>ῶς</span> <span class='ocrx_word' id='word_1_218' title='bbox 869 2389 894 2478; x_wconf 87' lang='lat'>¹)</span> <span class='ocrx_word' id='word_1_219' title='bbox 919 2401 1070 2483; x_wconf 86' lang='grc' dir='ltr'>μιμεῖται.</span> <span class='ocrx_word' id='word_1_220' title='bbox 1089 2431 1124 2440; x_wconf 92' lang='grc'>-</span> <span class='ocrx_word' id='word_1_221' title='bbox 1148 2393 1307 2479; x_wconf 85' lang='grc' dir='ltr'>Τέταρτον</span> <span class='ocrx_word' id='word_1_222' title='bbox 1332 2392 1383 2456; x_wconf 85' lang='grc' dir='ltr'>ἐπὶ</span> <span class='ocrx_word' id='word_1_223' title='bbox 1405 2391 1539 2466; x_wconf 79' lang='grc' dir='ltr'>τούτοις,</span> <span class='ocrx_word' id='word_1_224' title='bbox 1565 2391 1614 2455; x_wconf 88' lang='grc' dir='ltr'>ὅτι</span> <span class='ocrx_word' id='word_1_225' title='bbox 1636 2381 1724 2462; x_wconf 73' lang='grc' dir='ltr'>λύθη</span> 
     </span>
     <span class='ocr_line' id='line_1_18' title="bbox 178 2483 1727 2589; baseline 0 -28"><span class='ocrx_word' id='word_1_226' title='bbox 178 2506 240 2561; x_wconf 91' lang='grc' dir='ltr'>τῶν</span> <span class='ocrx_word' id='word_1_227' title='bbox 265 2497 442 2562; x_wconf 83' lang='grc' dir='ltr'>ἀκουόντων</span> <span class='ocrx_word' id='word_1_228' title='bbox 466 2499 549 2562; x_wconf 84' lang='grc' dir='ltr'>ἐστίν</span> <span class='ocrx_word' id='word_1_229' title='bbox 574 2505 593 2572; x_wconf 76' lang='grc' dir='ltr'>η</span> <span class='ocrx_word' id='word_1_230' title='bbox 618 2483 782 2582; x_wconf 82' lang='grc' dir='ltr'>ποιητικὴ,</span> <span class='ocrx_word' id='word_1_231' title='bbox 806 2498 843 2562; x_wconf 83' lang='grc' dir='ltr'>τό</span> <span class='ocrx_word' id='word_1_232' title='bbox 869 2499 922 2586; x_wconf 79' lang='grc' dir='ltr'>μέν</span> <span class='ocrx_word' id='word_1_233' title='bbox 946 2499 1127 2589; x_wconf 79' lang='grc' dir='ltr'>λογιστικόν</span> <span class='ocrx_word' id='word_1_234' title='bbox 1151 2509 1209 2573; x_wconf 80' lang='grc' dir='ltr'>τῆς</span> <span class='ocrx_word' id='word_1_235' title='bbox 1226 2495 1327 2588; x_wconf 77' lang='grc' dir='ltr'>ψυχῆς</span> <span class='ocrx_word' id='word_1_236' title='bbox 1344 2497 1499 2588; x_wconf 86' lang='grc' dir='ltr'>ἄγχουσοι,</span> <span class='ocrx_word' id='word_1_237' title='bbox 1515 2499 1553 2563; x_wconf 83' lang='grc' dir='ltr'>τό</span> <span class='ocrx_word' id='word_1_238' title='bbox 1571 2489 1604 2562; x_wconf 87' lang='grc' dir='ltr'>δέ</span> <span class='ocrx_word' id='word_1_239' title='bbox 1623 2497 1727 2570; x_wconf 88' lang='grc' dir='ltr'>παθη-</span> 
     </span>
     <span class='ocr_line' id='line_1_19' title="bbox 178 2596 1726 2695; baseline 0.001 -29"><span class='ocrx_word' id='word_1_240' title='bbox 178 2605 265 2667; x_wconf 88' lang='grc' dir='ltr'>τικόν</span> <span class='ocrx_word' id='word_1_241' title='bbox 290 2604 454 2694; x_wconf 80' lang='grc' dir='ltr'>τρέφουσα·</span> <span class='ocrx_word' id='word_1_242' title='bbox 478 2615 573 2670; x_wconf 86' lang='grc' dir='ltr'>τοῦτο</span> <span class='ocrx_word' id='word_1_243' title='bbox 599 2604 653 2693; x_wconf 85' lang='grc' dir='ltr'>μὲν</span> <span class='ocrx_word' id='word_1_244' title='bbox 670 2604 729 2695; x_wconf 89' lang='grc' dir='ltr'>γάρ</span> <span class='ocrx_word' id='word_1_245' title='bbox 746 2607 829 2668; x_wconf 85' lang='grc' dir='ltr'>ἐστιν</span> <span class='ocrx_word' id='word_1_246' title='bbox 847 2596 1014 2695; x_wconf 71' lang='grc' dir='ltr'>φιλήδονον</span> <span class='ocrx_word' id='word_1_247' title='bbox 1030 2604 1084 2669; x_wconf 85' lang='grc' dir='ltr'>καί</span> <span class='ocrx_word' id='word_1_248' title='bbox 1100 2605 1279 2695; x_wconf 90' lang='grc' dir='ltr'>φιλόλυπον·</span> <span class='ocrx_word' id='word_1_249' title='bbox 1296 2597 1379 2682; x_wconf 74' lang='grc' dir='ltr'>αὔξει</span> <span class='ocrx_word' id='word_1_250' title='bbox 1395 2596 1438 2687; x_wconf 89' lang='grc' dir='ltr'>δὲ,</span> <span class='ocrx_word' id='word_1_251' title='bbox 1456 2605 1493 2669; x_wconf 83' lang='grc' dir='ltr'>τό</span> <span class='ocrx_word' id='word_1_252' title='bbox 1517 2604 1572 2693; x_wconf 85' lang='grc' dir='ltr'>μὲν</span> <span class='ocrx_word' id='word_1_253' title='bbox 1595 2613 1726 2669; x_wconf 87' lang='grc' dir='ltr'>ποιοῦσα</span> 
     </span>
     <span class='ocr_line' id='line_1_20' title="bbox 180 2703 1726 2804; baseline -0.002 -28"><span class='ocrx_word' id='word_1_254' title='bbox 180 2711 363 2802; x_wconf 90' lang='grc' dir='ltr'>φιλόθρηνον</span> <span class='ocrx_word' id='word_1_255' title='bbox 381 2719 400 2786; x_wconf 76' lang='grc' dir='ltr'>η</span> <span class='ocrx_word' id='word_1_256' title='bbox 418 2705 589 2804; x_wconf 90' lang='grc' dir='ltr'>τραγῳδία,</span> <span class='ocrx_word' id='word_1_257' title='bbox 607 2713 644 2777; x_wconf 86' lang='grc' dir='ltr'>τό</span> <span class='ocrx_word' id='word_1_258' title='bbox 662 2703 694 2777; x_wconf 85' lang='grc' dir='ltr'>δέ</span> <span class='ocrx_word' id='word_1_259' title='bbox 711 2713 884 2804; x_wconf 79' lang='grc' dir='ltr'>φιλόγελων</span> <span class='ocrx_word' id='word_1_260' title='bbox 901 2719 920 2788; x_wconf 76' lang='grc' dir='ltr'>η</span> <span class='ocrx_word' id='word_1_261' title='bbox 939 2705 1097 2803; x_wconf 88' lang='grc' dir='ltr'>κωμῳδία.</span> <span class='ocrx_word' id='word_1_262' title='bbox 1114 2712 1174 2776; x_wconf 78' lang='grc' dir='ltr'>Καὶ</span> <span class='ocrx_word' id='word_1_263' title='bbox 1191 2713 1222 2778; x_wconf 94' lang='grc' dir='ltr'>τί</span> <span class='ocrx_word' id='word_1_264' title='bbox 1239 2703 1287 2778; x_wconf 89' lang='grc' dir='ltr'>δεῖ</span> <span class='ocrx_word' id='word_1_265' title='bbox 1300 2713 1370 2802; x_wconf 82' lang='grc' dir='ltr'>περί</span> <span class='ocrx_word' id='word_1_266' title='bbox 1386 2723 1448 2777; x_wconf 90' lang='grc' dir='ltr'>τῶν</span> <span class='ocrx_word' id='word_1_267' title='bbox 1465 2716 1591 2777; x_wconf 87' lang='grc' dir='ltr'>πολλῶν</span> <span class='ocrx_word' id='word_1_268' title='bbox 1606 2711 1726 2802; x_wconf 80' lang='grc' dir='ltr'>λέγεινς</span> 
     </span>
     <span class='ocr_line' id='line_1_21' title="bbox 124 2813 1726 2911; baseline 0 -29"><span class='ocrx_word' id='word_1_269' title='bbox 124 2831 151 2872; x_wconf 76' lang='lat'>²⁰</span> <span class='ocrx_word' id='word_1_270' title='bbox 179 2817 278 2883; x_wconf 83' lang='grc' dir='ltr'>Ἀλλά</span> <span class='ocrx_word' id='word_1_271' title='bbox 294 2818 347 2884; x_wconf 87' lang='grc' dir='ltr'>καί</span> <span class='ocrx_word' id='word_1_272' title='bbox 363 2830 425 2884; x_wconf 92' lang='grc' dir='ltr'>τῶν</span> <span class='ocrx_word' id='word_1_273' title='bbox 442 2823 583 2885; x_wconf 79' lang='grc' dir='ltr'>ἐπιεικῶν</span> <span class='ocrx_word' id='word_1_274' title='bbox 608 2819 661 2884; x_wconf 84' lang='grc' dir='ltr'>καί</span> <span class='ocrx_word' id='word_1_275' title='bbox 686 2819 786 2908; x_wconf 85' lang='grc' dir='ltr'>μέσων</span> <span class='ocrx_word' id='word_1_276' title='bbox 803 2813 954 2911; x_wconf 75' lang='grc' dir='ltr'>ἐπιτρίθει</span> <span class='ocrx_word' id='word_1_277' title='bbox 971 2824 1008 2887; x_wconf 85' lang='grc' dir='ltr'>τὸ</span> <span class='ocrx_word' id='word_1_278' title='bbox 1024 2820 1199 2895; x_wconf 87' lang='grc' dir='ltr'>παθητικόν</span> <span class='ocrx_word' id='word_1_279' title='bbox 1218 2825 1248 2886; x_wconf 86' lang='grc' dir='ltr'>ἐν</span> <span class='ocrx_word' id='word_1_280' title='bbox 1266 2831 1335 2897; x_wconf 89' lang='grc' dir='ltr'>ταῖς</span> <span class='ocrx_word' id='word_1_281' title='bbox 1359 2823 1539 2911; x_wconf 78' lang='grc' dir='ltr'>ἀλλοτρίαις</span> <span class='ocrx_word' id='word_1_282' title='bbox 1557 2829 1726 2909; x_wconf 84' lang='grc' dir='ltr'>συμφοραῖς</span> 
     </span>
     <span class='ocr_line' id='line_1_22' title="bbox 180 2920 1048 3020; baseline 0.003 -30"><span class='ocrx_word' id='word_1_283' title='bbox 180 2921 426 3005; x_wconf 81' lang='grc' dir='ltr'>συνοικτίζεσθαι</span> <span class='ocrx_word' id='word_1_284' title='bbox 451 2928 503 2991; x_wconf 85' lang='grc' dir='ltr'>καί</span> <span class='ocrx_word' id='word_1_285' title='bbox 527 2938 591 3004; x_wconf 89' lang='grc' dir='ltr'>τοῖς</span> <span class='ocrx_word' id='word_1_286' title='bbox 617 2929 792 3018; x_wconf 83' lang='grc' dir='ltr'>ἀλλοτρίοις</span> <span class='ocrx_word' id='word_1_287' title='bbox 817 2920 949 2993; x_wconf 79' lang='grc' dir='ltr'>ὀνείδεσι</span> <span class='ocrx_word' id='word_1_288' title='bbox 973 2954 1048 3020; x_wconf 87' lang='grc' dir='ltr'>συγ-</span> 
     </span>
    </p>
   </div>
   <div class='ocr_carea' id='block_1_5' title="bbox 125 3133 1733 4634">
    <p class='ocr_par' dir='ltr' id='par_1_7' title="bbox 125 3133 1733 4634">
     <span class='ocr_line' id='line_1_23' title="bbox 180 3133 1727 3233; baseline -0.003 -25"><span class='ocrx_word' id='word_1_289' title='bbox 180 3143 203 3208; x_wconf 84' lang='lat' dir='ltr'>f.</span> <span class='ocrx_word' id='word_1_290' title='bbox 225 3145 286 3208; x_wconf 87' lang='lat'>113</span> <span class='ocrx_word' id='word_1_291' title='bbox 302 3167 332 3208; x_wconf 86' lang='grc' dir='ltr'>ν.</span> <span class='ocrx_word' id='word_1_292' title='bbox 356 3143 461 3232; x_wconf 72' lang='grc' dir='ltr'>[γελᾶν</span> <span class='ocrx_word' id='word_1_293' title='bbox 486 3133 572 3207; x_wconf 82' lang='grc' dir='ltr'>οὐδέν</span> <span class='ocrx_word' id='word_1_294' title='bbox 590 3141 707 3208; x_wconf 83' lang='grc' dir='ltr'>ἄτοπον</span> <span class='ocrx_word' id='word_1_295' title='bbox 724 3145 917 3233; x_wconf 61' lang='grc' dir='ltr'>ἡγουμένων,</span> <span class='ocrx_word' id='word_1_296' title='bbox 936 3142 1004 3207; x_wconf 83' lang='grc' dir='ltr'>ἀλλ’</span> <span class='ocrx_word' id='word_1_297' title='bbox 1022 3148 1061 3218; x_wconf 86' lang='grc' dir='ltr'>ῶς</span> <span class='ocrx_word' id='word_1_298' title='bbox 1078 3145 1108 3207; x_wconf 92' lang='grc' dir='ltr'>ἐν</span> <span class='ocrx_word' id='word_1_299' title='bbox 1125 3133 1267 3218; x_wconf 88' lang='grc' dir='ltr'>παιδείας</span> <span class='ocrx_word' id='word_1_300' title='bbox 1285 3145 1375 3232; x_wconf 79' lang='grc' dir='ltr'>μοίρᾳ</span> <span class='ocrx_word' id='word_1_301' title='bbox 1391 3153 1494 3207; x_wconf 85' lang='grc' dir='ltr'>ταῦτα</span> <span class='ocrx_word' id='word_1_302' title='bbox 1510 3141 1727 3232; x_wconf 86' lang='grc' dir='ltr'>πραττόντων,</span> 
     </span>
     <span class='ocr_line' id='line_1_24' title="bbox 180 3243 1724 3339; baseline -0.001 -26"><span class='ocrx_word' id='word_1_303' title='bbox 180 3248 318 3314; x_wconf 85' lang='grc' dir='ltr'>κᾶπειτα</span> <span class='ocrx_word' id='word_1_304' title='bbox 344 3250 424 3338; x_wconf 83' lang='grc' dir='ltr'>μετά</span> <span class='ocrx_word' id='word_1_305' title='bbox 448 3243 586 3326; x_wconf 80' lang='grc' dir='ltr'>σπουδῆς</span> <span class='ocrx_word' id='word_1_306' title='bbox 610 3251 781 3316; x_wconf 88' lang='grc' dir='ltr'>ποιούντων</span> <span class='ocrx_word' id='word_1_307' title='bbox 806 3263 909 3316; x_wconf 86' lang='grc' dir='ltr'>ταῦτα</span> <span class='ocrx_word' id='word_1_308' title='bbox 928 3243 980 3316; x_wconf 81' lang='grc' dir='ltr'>διά</span> <span class='ocrx_word' id='word_1_309' title='bbox 995 3253 1050 3317; x_wconf 88' lang='grc' dir='ltr'>τόν</span> <span class='ocrx_word' id='word_1_310' title='bbox 1068 3250 1200 3338; x_wconf 82' lang='grc' dir='ltr'>ἐθισμόν</span> <span class='ocrx_word' id='word_1_311' title='bbox 1221 3255 1256 3314; x_wconf 82' lang='grc' dir='ltr'>Εἰ</span> <span class='ocrx_word' id='word_1_312' title='bbox 1272 3245 1363 3324; x_wconf 79' lang='grc' dir='ltr'>ούνή</span> <span class='ocrx_word' id='word_1_313' title='bbox 1390 3249 1540 3323; x_wconf 84' lang='grc' dir='ltr'>ποιητικὴ</span> <span class='ocrx_word' id='word_1_314' title='bbox 1567 3247 1724 3339; x_wconf 76' lang='grc' dir='ltr'>μιμητικὴ</span> 
     </span>
     <span class='ocr_line' id='line_1_25' title="bbox 173 3351 1728 3447; baseline -0.001 -26"><span class='ocrx_word' id='word_1_315' title='bbox 173 3353 287 3421; x_wconf 79' lang='grc' dir='ltr'>’παθῶν</span> <span class='ocrx_word' id='word_1_316' title='bbox 304 3359 398 3434; x_wconf 87' lang='grc' dir='ltr'>έστιν,</span> <span class='ocrx_word' id='word_1_317' title='bbox 415 3363 434 3430; x_wconf 76' lang='grc' dir='ltr'>ἡ</span> <span class='ocrx_word' id='word_1_318' title='bbox 462 3357 619 3447; x_wconf 79' lang='grc' dir='ltr'>μιμητικὴ</span> <span class='ocrx_word' id='word_1_319' title='bbox 645 3367 708 3421; x_wconf 90' lang='grc' dir='ltr'>τῶν</span> <span class='ocrx_word' id='word_1_320' title='bbox 724 3355 830 3423; x_wconf 92' lang='grc' dir='ltr'>παθῶν</span> <span class='ocrx_word' id='word_1_321' title='bbox 848 3353 932 3436; x_wconf 80' lang='grc' dir='ltr'>αὔξει</span> <span class='ocrx_word' id='word_1_322' title='bbox 948 3358 986 3423; x_wconf 83' lang='grc' dir='ltr'>τό</span> <span class='ocrx_word' id='word_1_323' title='bbox 1002 3358 1190 3443; x_wconf 84' lang='grc' dir='ltr'>παθητικόν,</span> <span class='ocrx_word' id='word_1_324' title='bbox 1206 3365 1226 3431; x_wconf 72' lang='grc' dir='ltr'><strong>ἡ</strong></span> <span class='ocrx_word' id='word_1_325' title='bbox 1246 3351 1365 3436; x_wconf 81' lang='grc' dir='ltr'>αύξασα</span> <span class='ocrx_word' id='word_1_326' title='bbox 1381 3359 1419 3422; x_wconf 87' lang='grc' dir='ltr'>τό</span> <span class='ocrx_word' id='word_1_327' title='bbox 1442 3355 1619 3430; x_wconf 86' lang='grc' dir='ltr'>παθητικόν</span> <span class='ocrx_word' id='word_1_328' title='bbox 1645 3361 1728 3421; x_wconf 90' lang='grc' dir='ltr'>εύνο-</span> 
     </span>
     <span class='ocr_line' id='line_1_26' title="bbox 125 3457 1727 3554; baseline -0.002 -26"><span class='ocrx_word' id='word_1_329' title='bbox 125 3487 153 3522; x_wconf 74' lang='grc' dir='ltr'>ιε</span> <span class='ocrx_word' id='word_1_330' title='bbox 182 3463 355 3553; x_wconf 87' lang='grc' dir='ltr'>μουμένοις]</span> <span class='ocrx_word' id='word_1_331' title='bbox 373 3466 499 3530; x_wconf 88' lang='grc' dir='ltr'>πόλεσιν</span> <span class='ocrx_word' id='word_1_332' title='bbox 518 3457 743 3548; x_wconf 73' lang='grc' dir='ltr'>ἀνεπιτήδειος,</span> <span class='ocrx_word' id='word_1_333' title='bbox 761 3457 856 3539; x_wconf 82' lang='grc' dir='ltr'>δῆλον</span> <span class='ocrx_word' id='word_1_334' title='bbox 874 3463 945 3547; x_wconf 74' lang='grc' dir='ltr'>τίν’)</span> <span class='ocrx_word' id='word_1_335' title='bbox 966 3465 1210 3554; x_wconf 64' lang='grc' dir='ltr'>[συναγόμενονγ.</span> <span class='ocrx_word' id='word_1_336' title='bbox 1229 3467 1272 3529; x_wconf 83' lang='grc' dir='ltr'>Τό</span> <span class='ocrx_word' id='word_1_337' title='bbox 1292 3464 1345 3554; x_wconf 88' lang='grc' dir='ltr'>μὲν</span> <span class='ocrx_word' id='word_1_338' title='bbox 1360 3457 1398 3534; x_wconf 72' lang='grc' dir='ltr'>δὴ</span> <span class='ocrx_word' id='word_1_339' title='bbox 1417 3474 1539 3554; x_wconf 89' lang='grc' dir='ltr'>πρῶτον</span> <span class='ocrx_word' id='word_1_340' title='bbox 1557 3463 1727 3552; x_wconf 87' lang='grc' dir='ltr'>κεφάλαιον</span> 
     </span>
     <span class='ocr_line' id='line_1_27' title="bbox 182 3563 1728 3663; baseline 0.001 -29"><span class='ocrx_word' id='word_1_341' title='bbox 182 3574 224 3644; x_wconf 84' lang='grc' dir='ltr'>εἰς</span> <span class='ocrx_word' id='word_1_342' title='bbox 247 3581 349 3635; x_wconf 87' lang='grc' dir='ltr'>ταῦτα</span> <span class='ocrx_word' id='word_1_343' title='bbox 374 3563 531 3661; x_wconf 78' lang='grc' dir='ltr'>διῄρηται.</span> <span class='ocrx_word' id='word_1_344' title='bbox 559 3611 599 3620; x_wconf 87' lang='lat'>-</span> <span class='ocrx_word' id='word_1_345' title='bbox 623 3573 667 3636; x_wconf 84' lang='grc' dir='ltr'>Τό</span> <span class='ocrx_word' id='word_1_346' title='bbox 693 3567 726 3636; x_wconf 87' lang='grc' dir='ltr'>δέ</span> <span class='ocrx_word' id='word_1_347' title='bbox 748 3571 817 3660; x_wconf 87' lang='grc' dir='ltr'>περὶ</span> <span class='ocrx_word' id='word_1_348' title='bbox 841 3568 942 3660; x_wconf 80' lang='grc' dir='ltr'>ψυχῆς</span> <span class='ocrx_word' id='word_1_349' title='bbox 966 3576 1008 3647; x_wconf 89' lang='grc' dir='ltr'>εἰς</span> <span class='ocrx_word' id='word_1_350' title='bbox 1033 3563 1086 3636; x_wconf 90' lang='grc' dir='ltr'>δύο</span> <span class='ocrx_word' id='word_1_351' title='bbox 1111 3574 1276 3661; x_wconf 87' lang='grc' dir='ltr'>τέμνεται·</span> <span class='ocrx_word' id='word_1_352' title='bbox 1300 3573 1338 3636; x_wconf 87' lang='grc' dir='ltr'>τό</span> <span class='ocrx_word' id='word_1_353' title='bbox 1362 3572 1417 3661; x_wconf 82' lang='grc' dir='ltr'>μὲν</span> <span class='ocrx_word' id='word_1_354' title='bbox 1441 3571 1501 3663; x_wconf 75' lang='grc' dir='ltr'>γάρ</span> <span class='ocrx_word' id='word_1_355' title='bbox 1525 3575 1608 3636; x_wconf 81' lang='grc' dir='ltr'>ἐστιν</span> <span class='ocrx_word' id='word_1_356' title='bbox 1633 3574 1728 3636; x_wconf 85' lang='grc' dir='ltr'>αὐτοῦ</span> 
     </span>
     <span class='ocr_line' id='line_1_28' title="bbox 182 3669 1728 3768; baseline 0.001 -28"><span class='ocrx_word' id='word_1_357' title='bbox 182 3669 319 3740; x_wconf 86' lang='grc' dir='ltr'>δεικνύον</span> <span class='ocrx_word' id='word_1_358' title='bbox 345 3676 500 3742; x_wconf 83' lang='grc' dir='ltr'>ἀθάνατον</span> <span class='ocrx_word' id='word_1_359' title='bbox 518 3677 577 3748; x_wconf 68' lang='grc' dir='ltr'>τὴν</span> <span class='ocrx_word' id='word_1_360' title='bbox 595 3674 709 3767; x_wconf 69' lang='grc' dir='ltr'>ψυχάν,</span> <span class='ocrx_word' id='word_1_361' title='bbox 725 3678 762 3743; x_wconf 86' lang='grc' dir='ltr'>τό</span> <span class='ocrx_word' id='word_1_362' title='bbox 781 3669 813 3741; x_wconf 88' lang='grc' dir='ltr'>δέ</span> <span class='ocrx_word' id='word_1_363' title='bbox 829 3677 888 3751; x_wconf 76' lang='grc' dir='ltr'>τὴν</span> <span class='ocrx_word' id='word_1_364' title='bbox 905 3679 997 3742; x_wconf 92' lang='grc' dir='ltr'>ποίαν</span> <span class='ocrx_word' id='word_1_365' title='bbox 1015 3676 1117 3768; x_wconf 80' lang='grc' dir='ltr'>ψυχὴν</span> <span class='ocrx_word' id='word_1_366' title='bbox 1135 3677 1290 3743; x_wconf 81' lang='grc' dir='ltr'>ἀθάνατον</span> <span class='ocrx_word' id='word_1_367' title='bbox 1309 3671 1357 3744; x_wconf 88' lang='grc' dir='ltr'>δεῖ</span> <span class='ocrx_word' id='word_1_368' title='bbox 1371 3674 1507 3768; x_wconf 79' lang='grc' dir='ltr'>νομίζειν</span> <span class='ocrx_word' id='word_1_369' title='bbox 1533 3671 1728 3743; x_wconf 89' lang='grc' dir='ltr'>διαστέλλον.</span> 
     </span>
     <span class='ocr_line' id='line_1_29' title="bbox 182 3775 1729 3876; baseline 0.001 -28"><span class='ocrx_word' id='word_1_370' title='bbox 182 3785 226 3848; x_wconf 86' lang='grc' dir='ltr'>Τό</span> <span class='ocrx_word' id='word_1_371' title='bbox 244 3784 298 3872; x_wconf 88' lang='grc' dir='ltr'>μὲν</span> <span class='ocrx_word' id='word_1_372' title='bbox 323 3779 374 3849; x_wconf 87' lang='grc' dir='ltr'>ούν</span> <span class='ocrx_word' id='word_1_373' title='bbox 397 3785 561 3875; x_wconf 77' lang='grc' dir='ltr'>πρό[τερον</span> <span class='ocrx_word' id='word_1_374' title='bbox 586 3776 648 3871; x_wconf 72' lang='grc' dir='ltr'>διά]</span> <span class='ocrx_word' id='word_1_375' title='bbox 676 3775 805 3850; x_wconf 89' lang='grc' dir='ltr'>τοιῶνδε</span> <span class='ocrx_word' id='word_1_376' title='bbox 821 3786 955 3876; x_wconf 86' lang='grc' dir='ltr'>πρόεισιν</span> <span class='ocrx_word' id='word_1_377' title='bbox 972 3787 1084 3876; x_wconf 86' lang='grc' dir='ltr'>λόγων.</span> <span class='ocrx_word' id='word_1_378' title='bbox 1102 3786 1136 3848; x_wconf 85' lang='grc' dir='ltr'><strong>Ἡ</strong></span> <span class='ocrx_word' id='word_1_379' title='bbox 1152 3783 1235 3875; x_wconf 77' lang='grc' dir='ltr'>ψυχὴ</span> <span class='ocrx_word' id='word_1_380' title='bbox 1255 3791 1289 3851; x_wconf 82' lang='grc' dir='ltr'>ού</span> <span class='ocrx_word' id='word_1_381' title='bbox 1305 3783 1462 3876; x_wconf 89' lang='grc' dir='ltr'>φθείρεται</span> <span class='ocrx_word' id='word_1_382' title='bbox 1486 3788 1544 3850; x_wconf 84' lang='grc' dir='ltr'>ύπό</span> <span class='ocrx_word' id='word_1_383' title='bbox 1569 3796 1626 3862; x_wconf 81' lang='grc' dir='ltr'>τῆς</span> <span class='ocrx_word' id='word_1_384' title='bbox 1652 3777 1729 3862; x_wconf 89' lang='grc' dir='ltr'>ίδίας</span> 
     </span>
     <span class='ocr_line' id='line_1_30' title="bbox 182 3885 1730 3985; baseline 0.003 -32"><span class='ocrx_word' id='word_1_385' title='bbox 182 3893 301 3967; x_wconf 85' lang='grc' dir='ltr'>κακίας·</span> <span class='ocrx_word' id='word_1_386' title='bbox 319 3892 355 3955; x_wconf 85' lang='grc' dir='ltr'>τό</span> <span class='ocrx_word' id='word_1_387' title='bbox 373 3891 415 3979; x_wconf 75' lang='grc' dir='ltr'>μθ.</span> <span class='ocrx_word' id='word_1_388' title='bbox 435 3891 631 3982; x_wconf 78' lang='grc' dir='ltr'>φθειρόμενον</span> <span class='ocrx_word' id='word_1_389' title='bbox 657 3893 715 3956; x_wconf 88' lang='grc' dir='ltr'>ύπό</span> <span class='ocrx_word' id='word_1_390' title='bbox 739 3903 797 3968; x_wconf 70' lang='grc' dir='ltr'>τῆς</span> <span class='ocrx_word' id='word_1_391' title='bbox 822 3885 900 3970; x_wconf 82' lang='grc' dir='ltr'>ἰδίας</span> <span class='ocrx_word' id='word_1_392' title='bbox 923 3896 1035 3969; x_wconf 89' lang='grc' dir='ltr'>κακίας</span> <span class='ocrx_word' id='word_1_393' title='bbox 1053 3885 1150 3958; x_wconf 78' lang='grc' dir='ltr'>ἀίδιόν</span> <span class='ocrx_word' id='word_1_394' title='bbox 1173 3899 1267 3959; x_wconf 87' lang='grc' dir='ltr'>ἐστιν·</span> <span class='ocrx_word' id='word_1_395' title='bbox 1284 3893 1315 3959; x_wconf 83' lang='grc' dir='ltr'>έν</span> <span class='ocrx_word' id='word_1_396' title='bbox 1332 3893 1392 3985; x_wconf 81' lang='grc' dir='ltr'>γάρ</span> <span class='ocrx_word' id='word_1_397' title='bbox 1415 3893 1537 3984; x_wconf 86' lang='grc' dir='ltr'>φθείρει,</span> <span class='ocrx_word' id='word_1_398' title='bbox 1561 3894 1598 3958; x_wconf 83' lang='grc' dir='ltr'>τό</span> <span class='ocrx_word' id='word_1_399' title='bbox 1623 3895 1730 3958; x_wconf 89' lang='grc' dir='ltr'>κακόν·</span> 
     </span>
     <span class='ocr_line' id='line_1_31' title="bbox 126 3990 1729 4093; baseline 0.004 -28"><span class='ocrx_word' id='word_1_400' title='bbox 126 4023 154 4065; x_wconf 71' lang='grc' dir='ltr'>ευ</span> <span class='ocrx_word' id='word_1_401' title='bbox 182 3998 218 4062; x_wconf 85' lang='grc' dir='ltr'>τό</span> <span class='ocrx_word' id='word_1_402' title='bbox 243 3993 294 4062; x_wconf 80' lang='grc' dir='ltr'>οὖν</span> <span class='ocrx_word' id='word_1_403' title='bbox 319 4000 378 4062; x_wconf 70' lang='lat' dir='ltr'>tra</span> <span class='ocrx_word' id='word_1_404' title='bbox 403 4009 457 4064; x_wconf 88' lang='grc' dir='ltr'>τοῦ</span> <span class='ocrx_word' id='word_1_405' title='bbox 482 3999 576 4088; x_wconf 89' lang='grc' dir='ltr'>μόνον</span> <span class='ocrx_word' id='word_1_406' title='bbox 603 3990 774 4088; x_wconf 89' lang='grc' dir='ltr'>δυναμένου</span> <span class='ocrx_word' id='word_1_407' title='bbox 798 4001 939 4092; x_wconf 90' lang='grc' dir='ltr'>φθείρειν,</span> <span class='ocrx_word' id='word_1_408' title='bbox 965 4001 1007 4091; x_wconf 78' lang='grc' dir='ltr'>μὴ</span> <span class='ocrx_word' id='word_1_409' title='bbox 1027 4000 1233 4092; x_wconf 90' lang='grc' dir='ltr'>φθειρόμενον,</span> <span class='ocrx_word' id='word_1_410' title='bbox 1251 3993 1360 4068; x_wconf 84' lang='grc' dir='ltr'>ἀΐδιον·</span> <span class='ocrx_word' id='word_1_411' title='bbox 1377 4009 1396 4076; x_wconf 79' lang='grc' dir='ltr'>η</span> <span class='ocrx_word' id='word_1_412' title='bbox 1415 4002 1475 4090; x_wconf 83' lang='grc' dir='ltr'>ἄρα</span> <span class='ocrx_word' id='word_1_413' title='bbox 1498 4000 1594 4093; x_wconf 75' lang='grc' dir='ltr'>ψυχθ,</span> <span class='ocrx_word' id='word_1_414' title='bbox 1621 3993 1729 4071; x_wconf 77' lang='grc' dir='ltr'>ἀίδιον.</span> 
     </span>
     <span class='ocr_line' id='line_1_32' title="bbox 183 4105 1729 4202; baseline 0.005 -34"><span class='ocrx_word' id='word_1_415' title='bbox 183 4105 243 4170; x_wconf 87' lang='grc' dir='ltr'>Καί</span> <span class='ocrx_word' id='word_1_416' title='bbox 259 4107 397 4195; x_wconf 89' lang='grc' dir='ltr'>ὅρμηται</span> <span class='ocrx_word' id='word_1_417' title='bbox 421 4110 436 4169; x_wconf 91' lang='grc' dir='ltr'>ὁ</span> <span class='ocrx_word' id='word_1_418' title='bbox 459 4106 554 4196; x_wconf 89' lang='grc' dir='ltr'>λόγος</span> <span class='ocrx_word' id='word_1_419' title='bbox 571 4106 631 4170; x_wconf 84' lang='grc' dir='ltr'>ἀπό</span> <span class='ocrx_word' id='word_1_420' title='bbox 649 4116 707 4182; x_wconf 83' lang='grc' dir='ltr'>τῆς</span> <span class='ocrx_word' id='word_1_421' title='bbox 725 4110 826 4182; x_wconf 83' lang='grc' dir='ltr'>αἰτίας</span> <span class='ocrx_word' id='word_1_422' title='bbox 844 4119 901 4184; x_wconf 83' lang='grc' dir='ltr'>τῆς</span> <span class='ocrx_word' id='word_1_423' title='bbox 918 4107 1090 4200; x_wconf 81' lang='grc' dir='ltr'>φθαρτικης</span> <span class='ocrx_word' id='word_1_424' title='bbox 1107 4120 1170 4175; x_wconf 93' lang='grc' dir='ltr'>τῶν</span> <span class='ocrx_word' id='word_1_425' title='bbox 1188 4110 1342 4202; x_wconf 85' lang='grc' dir='ltr'>φθαρτῶν·</span> <span class='ocrx_word' id='word_1_426' title='bbox 1360 4111 1413 4176; x_wconf 88' lang='grc' dir='ltr'>καί</span> <span class='ocrx_word' id='word_1_427' title='bbox 1434 4113 1518 4176; x_wconf 79' lang='grc' dir='ltr'>ἔστιν</span> <span class='ocrx_word' id='word_1_428' title='bbox 1543 4116 1600 4201; x_wconf 89' lang='grc' dir='ltr'>ούχ</span> <span class='ocrx_word' id='word_1_429' title='bbox 1624 4116 1729 4186; x_wconf 88' lang='grc' dir='ltr'>ἁπλῶς</span> 
     </span>
     <span class='ocr_line' id='line_1_33' title="bbox 183 4203 1729 4312; baseline 0.006 -38"><span class='ocrx_word' id='word_1_430' title='bbox 183 4213 407 4303; x_wconf 81' lang='grc' dir='ltr'>συλλογισμός,</span> <span class='ocrx_word' id='word_1_431' title='bbox 433 4211 502 4275; x_wconf 85' lang='grc' dir='ltr'>ἀλλ’</span> <span class='ocrx_word' id='word_1_432' title='bbox 531 4203 686 4290; x_wconf 82' lang='grc' dir='ltr'>ἀπόδειξις</span> <span class='ocrx_word' id='word_1_433' title='bbox 710 4217 876 4304; x_wconf 87' lang='grc' dir='ltr'>ἀναιροῦσα</span> <span class='ocrx_word' id='word_1_434' title='bbox 898 4215 958 4287; x_wconf 76' lang='grc' dir='ltr'>τὴν</span> <span class='ocrx_word' id='word_1_435' title='bbox 982 4215 1096 4308; x_wconf 88' lang='grc' dir='ltr'>φθοφάν</span> <span class='ocrx_word' id='word_1_436' title='bbox 1121 4223 1174 4284; x_wconf 81' lang='grc' dir='ltr'>ἀπ’</span> <span class='ocrx_word' id='word_1_437' title='bbox 1201 4223 1319 4297; x_wconf 85' lang='grc' dir='ltr'>αἰτίας·</span> <span class='ocrx_word' id='word_1_438' title='bbox 1344 4226 1384 4298; x_wconf 89' lang='grc' dir='ltr'>είς</span> <span class='ocrx_word' id='word_1_439' title='bbox 1410 4213 1443 4286; x_wconf 85' lang='grc' dir='ltr'>δέ</span> <span class='ocrx_word' id='word_1_440' title='bbox 1466 4219 1525 4292; x_wconf 69' lang='grc' dir='ltr'>τὴν</span> <span class='ocrx_word' id='word_1_441' title='bbox 1554 4221 1729 4312; x_wconf 86' lang='grc' dir='ltr'>τοῦλόγου</span> 
     </span>
     <span class='ocr_line' id='line_1_34' title="bbox 183 4311 1728 4417; baseline 0.006 -34"><span class='ocrx_word' id='word_1_442' title='bbox 183 4318 296 4384; x_wconf 88' lang='grc' dir='ltr'>τούτου</span> <span class='ocrx_word' id='word_1_443' title='bbox 321 4312 512 4409; x_wconf 81' lang='grc' dir='ltr'>διάρθρωσιν,</span> <span class='ocrx_word' id='word_1_444' title='bbox 537 4319 641 4384; x_wconf 83' lang='grc' dir='ltr'>πολλά</span> <span class='ocrx_word' id='word_1_445' title='bbox 666 4311 832 4410; x_wconf 76' lang='grc' dir='ltr'>διορίζεται</span> <span class='ocrx_word' id='word_1_446' title='bbox 847 4322 900 4387; x_wconf 88' lang='grc' dir='ltr'>καί</span> <span class='ocrx_word' id='word_1_447' title='bbox 916 4316 1131 4414; x_wconf 84' lang='grc' dir='ltr'>διαφερόντως·</span> <span class='ocrx_word' id='word_1_448' title='bbox 1149 4325 1180 4392; x_wconf 84' lang='grc' dir='ltr'>έν</span> <span class='ocrx_word' id='word_1_449' title='bbox 1199 4327 1264 4416; x_wconf 85' lang='grc' dir='ltr'>μὲν,</span> <span class='ocrx_word' id='word_1_450' title='bbox 1280 4330 1330 4393; x_wconf 88' lang='grc' dir='ltr'>ὅτι</span> <span class='ocrx_word' id='word_1_451' title='bbox 1352 4329 1474 4412; x_wconf 86' lang='grc' dir='ltr'>ἑκάστῳ</span> <span class='ocrx_word' id='word_1_452' title='bbox 1498 4339 1561 4394; x_wconf 91' lang='grc' dir='ltr'>τῶν</span> <span class='ocrx_word' id='word_1_453' title='bbox 1585 4327 1728 4417; x_wconf 86' lang='grc' dir='ltr'>φθαρτῶν</span> 
     </span>
     <span class='ocr_line' id='line_1_35' title="bbox 182 4422 1728 4526; baseline 0.006 -36"><span class='ocrx_word' id='word_1_454' title='bbox 182 4428 267 4492; x_wconf 83' lang='grc' dir='ltr'>ἐστίν</span> <span class='ocrx_word' id='word_1_455' title='bbox 291 4451 323 4490; x_wconf 90' lang='grc' dir='ltr'>τι</span> <span class='ocrx_word' id='word_1_456' title='bbox 345 4429 453 4503; x_wconf 85' lang='grc' dir='ltr'>κακόν,</span> <span class='ocrx_word' id='word_1_457' title='bbox 478 4431 509 4493; x_wconf 84' lang='grc' dir='ltr'>έν</span> <span class='ocrx_word' id='word_1_458' title='bbox 533 4422 622 4511; x_wconf 80' lang='grc' dir='ltr'>ζῴοις</span> <span class='ocrx_word' id='word_1_459' title='bbox 632 4426 670 4514; x_wconf 82' lang='lat'>⁴),</span> <span class='ocrx_word' id='word_1_460' title='bbox 694 4433 724 4494; x_wconf 85' lang='grc' dir='ltr'>ἐν</span> <span class='ocrx_word' id='word_1_461' title='bbox 749 4441 867 4518; x_wconf 66' lang='grc' dir='ltr'>φυτοῖς,</span> <span class='ocrx_word' id='word_1_462' title='bbox 891 4434 921 4495; x_wconf 85' lang='grc' dir='ltr'>ἑν</span> <span class='ocrx_word' id='word_1_463' title='bbox 946 4427 1086 4520; x_wconf 73' lang='grc' dir='ltr'>ἀψύχοις,</span> <span class='ocrx_word' id='word_1_464' title='bbox 1110 4439 1149 4510; x_wconf 88' lang='grc' dir='ltr'>ὡς</span> <span class='ocrx_word' id='word_1_465' title='bbox 1174 4428 1256 4518; x_wconf 80' lang='grc' dir='ltr'>ξύλῳ</span> <span class='ocrx_word' id='word_1_466' title='bbox 1280 4427 1444 4508; x_wconf 83' lang='grc' dir='ltr'>σηπεδών·</span> <span class='ocrx_word' id='word_1_467' title='bbox 1469 4429 1607 4526; x_wconf 74' lang='grc' dir='ltr'>έρυσίύη,</span> <span class='ocrx_word' id='word_1_468' title='bbox 1631 4445 1728 4524; x_wconf 83' lang='grc' dir='ltr'>φυτῷ·</span> 
     </span>
     <span class='ocr_line' id='line_1_36' title="bbox 125 4527 1733 4634; baseline 0.008 -41"><span class='ocrx_word' id='word_1_469' title='bbox 125 4555 154 4593; x_wconf 83' lang='grc' dir='ltr'>ω</span> <span class='ocrx_word' id='word_1_470' title='bbox 183 4531 352 4622; x_wconf 84' lang='grc' dir='ltr'>ὀφθαλμία,</span> <span class='ocrx_word' id='word_1_471' title='bbox 377 4528 457 4618; x_wconf 78' lang='grc' dir='ltr'>ζῴῳ.</span> <span class='ocrx_word' id='word_1_472' title='bbox 476 4573 518 4585; x_wconf 94' lang='lat'><em>-</em></span> <span class='ocrx_word' id='word_1_473' title='bbox 537 4535 669 4626; x_wconf 85' lang='grc' dir='ltr'>Ἕτερον</span> <span class='ocrx_word' id='word_1_474' title='bbox 695 4527 737 4614; x_wconf 85' lang='grc' dir='ltr'>δὲ,</span> <span class='ocrx_word' id='word_1_475' title='bbox 754 4539 828 4628; x_wconf 84' lang='grc' dir='ltr'>πρός</span> <span class='ocrx_word' id='word_1_476' title='bbox 845 4539 1043 4611; x_wconf 77' lang='grc' dir='ltr'>κατασκευὴν</span> <span class='ocrx_word' id='word_1_477' title='bbox 1059 4551 1116 4618; x_wconf 85' lang='grc' dir='ltr'>τῆς</span> <span class='ocrx_word' id='word_1_478' title='bbox 1142 4547 1338 4632; x_wconf 82' lang='grc' dir='ltr'>ἀποφατικῆς</span> <span class='ocrx_word' id='word_1_479' title='bbox 1360 4541 1540 4634; x_wconf 84' lang='grc' dir='ltr'>προτάσεως</span> <span class='ocrx_word' id='word_1_480' title='bbox 1555 4543 1590 4628; x_wconf 71' lang='lat'>⁶),</span> <span class='ocrx_word' id='word_1_481' title='bbox 1608 4544 1657 4608; x_wconf 88' lang='grc' dir='ltr'>ότι</span> <span class='ocrx_word' id='word_1_482' title='bbox 1682 4534 1733 4608; x_wconf 87' lang='grc' dir='ltr'>δεῖ</span> 
     </span>
    </p>
   </div>
   <div class='ocr_carea' id='block_1_6' title="bbox 182 4762 1732 5381">
    <p class='ocr_par' dir='ltr' id='par_1_8' title="bbox 182 4762 1732 5381">
     <span class='ocr_line' id='line_1_37' title="bbox 220 4762 1729 4843; baseline -0.001 -21"><span class='ocrx_word' id='word_1_483' title='bbox 220 4763 242 4838; x_wconf 83' lang='lat'>¹)</span> <span class='ocrx_word' id='word_1_484' title='bbox 261 4763 331 4836; x_wconf 64' lang='lat' dir='ltr'><strong>Coti</strong></span> <span class='ocrx_word' id='word_1_485' title='bbox 345 4765 469 4822; x_wconf 78' lang='lat' dir='ltr'><strong>confusa</strong></span> <span class='ocrx_word' id='word_1_486' title='bbox 483 4769 658 4823; x_wconf 76' lang='grc' dir='ltr'>Χολινοποικί.</span> <span class='ocrx_word' id='word_1_487' title='bbox 672 4795 708 4808; x_wconf 92' lang='grc'>-</span> <span class='ocrx_word' id='word_1_488' title='bbox 721 4770 927 4826; x_wconf 53' lang='lat' dir='ltr'>rarissime</span> <span class='ocrx_word' id='word_1_489' title='bbox 983 4769 1108 4843; x_wconf 79' lang='lat' dir='ltr'><strong>adjecto,</strong></span> <span class='ocrx_word' id='word_1_490' title='bbox 1120 4768 1221 4842; x_wconf 77' lang='grc' dir='ltr'>(ζῶον),</span> <span class='ocrx_word' id='word_1_491' title='bbox 1233 4766 1311 4840; x_wconf 82' lang='lat' dir='ltr'><strong>quod</strong></span> <span class='ocrx_word' id='word_1_492' title='bbox 1324 4765 1416 4821; x_wconf 88' lang='lat' dir='ltr'><strong>semel</strong></span> <span class='ocrx_word' id='word_1_493' title='bbox 1429 4762 1581 4820; x_wconf 87' lang='lat' dir='ltr'><strong>monuisse</strong></span> <span class='ocrx_word' id='word_1_494' title='bbox 1591 4763 1665 4820; x_wconf 86' lang='lat' dir='ltr'><strong>satis</strong></span> <span class='ocrx_word' id='word_1_495' title='bbox 1676 4771 1729 4836; x_wconf 82' lang='lat' dir='ltr'><strong>est,</strong></span> 
     </span>
     <span class='ocr_line' id='line_1_38' title="bbox 182 4853 1730 4928; baseline -0.001 -19"><span class='ocrx_word' id='word_1_496' title='bbox 182 4853 219 4926; x_wconf 89' lang='grc' dir='ltr'>Η,</span> <span class='ocrx_word' id='word_1_497' title='bbox 234 4853 284 4925; x_wconf 86' lang='lat' dir='ltr'>qui</span> <span class='ocrx_word' id='word_1_498' title='bbox 296 4853 411 4910; x_wconf 83' lang='lat' dir='ltr'><strong>inelusa</strong></span> <span class='ocrx_word' id='word_1_499' title='bbox 428 4854 458 4909; x_wconf 92' lang='lat' dir='ltr'>in</span> <span class='ocrx_word' id='word_1_500' title='bbox 472 4854 643 4927; x_wconf 70' lang='lat' dir='ltr'><strong>parenthesi</strong></span> <span class='ocrx_word' id='word_1_501' title='bbox 656 4855 825 4928; x_wconf 75' lang='lat' dir='ltr'><strong>amplificat,</strong></span> <span class='ocrx_word' id='word_1_502' title='bbox 839 4856 930 4915; x_wconf 89' lang='lat' dir='ltr'><strong>immo</strong></span> <span class='ocrx_word' id='word_1_503' title='bbox 982 4877 1019 4915; x_wconf 86' lang='lat' dir='ltr'>ne</span> <span class='ocrx_word' id='word_1_504' title='bbox 1030 4857 1121 4914; x_wconf 82' lang='lat' dir='ltr'><strong>nimia</strong></span> <span class='ocrx_word' id='word_1_505' title='bbox 1131 4856 1241 4913; x_wconf 84' lang='lat' dir='ltr'><strong>codicis</strong></span> <span class='ocrx_word' id='word_1_506' title='bbox 1253 4856 1309 4911; x_wconf 87' lang='lat' dir='ltr'>fide</span> <span class='ocrx_word' id='word_1_507' title='bbox 1320 4854 1428 4910; x_wconf 78' lang='lat' dir='ltr'><strong>similia</strong></span> <span class='ocrx_word' id='word_1_508' title='bbox 1438 4853 1630 4924; x_wconf 74' lang='lat' dir='ltr'><strong>retineantur,</strong></span> <span class='ocrx_word' id='word_1_509' title='bbox 1640 4871 1730 4925; x_wconf 90' lang='lat' dir='ltr'><strong>quan·</strong></span> 
     </span>
     <span class='ocr_line' id='line_1_39' title="bbox 183 4943 1694 5019; baseline -0.003 -20"><span class='ocrx_word' id='word_1_510' title='bbox 183 4943 219 4999; x_wconf 89' lang='lat' dir='ltr'>de</span> <span class='ocrx_word' id='word_1_511' title='bbox 239 4962 293 5000; x_wconf 87' lang='lat' dir='ltr'>suo</span> <span class='ocrx_word' id='word_1_512' title='bbox 313 4944 403 5018; x_wconf 70' lang='lat' dir='ltr'><strong>addit</strong></span> <span class='ocrx_word' id='word_1_513' title='bbox 423 4943 469 5001; x_wconf 88' lang='lat' dir='ltr'>uti</span> <span class='ocrx_word' id='word_1_514' title='bbox 493 4963 564 5002; x_wconf 87' lang='lat' dir='ltr'>mox</span> <span class='ocrx_word' id='word_1_515' title='bbox 587 4951 628 4999; x_wconf 77' lang='grc' dir='ltr'>τοῦ</span> <span class='ocrx_word' id='word_1_516' title='bbox 654 4953 723 5002; x_wconf 82' lang='lat' dir='ltr'><strong>ante</strong></span> <span class='ocrx_word' id='word_1_517' title='bbox 742 4951 851 5015; x_wconf 75' lang='grc' dir='ltr'>χαλινοῦ,</span> <span class='ocrx_word' id='word_1_518' title='bbox 870 4946 930 5003; x_wconf 89' lang='lat' dir='ltr'><strong>nisi</strong></span> <span class='ocrx_word' id='word_1_519' title='bbox 982 4949 1095 5006; x_wconf 84' lang='lat' dir='ltr'><strong>tnmvie</strong></span> <span class='ocrx_word' id='word_1_520' title='bbox 1114 4966 1173 5005; x_wconf 86' lang='lat' dir='ltr'>nen</span> <span class='ocrx_word' id='word_1_521' title='bbox 1191 4945 1381 5019; x_wconf 84' lang='lat' dir='ltr'><strong>negligenda.</strong></span> <span class='ocrx_word' id='word_1_522' title='bbox 1394 4975 1429 4988; x_wconf 91' lang='grc'>-</span> <span class='ocrx_word' id='word_1_523' title='bbox 1448 4946 1519 5002; x_wconf 82' lang='lat' dir='ltr'>Mox</span> <span class='ocrx_word' id='word_1_524' title='bbox 1537 4946 1566 5000; x_wconf 89' lang='lat' dir='ltr'>H</span> <span class='ocrx_word' id='word_1_525' title='bbox 1585 4945 1694 5014; x_wconf 77' lang='grc' dir='ltr'>ἑρνσίκη.</span> 
     </span>
     <span class='ocr_line' id='line_1_40' title="bbox 183 5035 1731 5110; baseline -0.004 -18"><span class='ocrx_word' id='word_1_526' title='bbox 183 5035 255 5107; x_wconf 84' lang='lat' dir='ltr'><strong>quid</strong></span> <span class='ocrx_word' id='word_1_527' title='bbox 272 5035 303 5091; x_wconf 91' lang='lat' dir='ltr'>in</span> <span class='ocrx_word' id='word_1_528' title='bbox 322 5053 375 5092; x_wconf 85' lang='lat' dir='ltr'>ora</span> <span class='ocrx_word' id='word_1_529' title='bbox 394 5036 456 5092; x_wconf 82' lang='lat' dir='ltr'><strong>eod.</strong></span> <span class='ocrx_word' id='word_1_530' title='bbox 477 5035 640 5094; x_wconf 87' lang='lat' dir='ltr'><strong>evanuerit.</strong></span> <span class='ocrx_word' id='word_1_531' title='bbox 1019 5039 1042 5110; x_wconf 73' lang='grc'>5)</span> <span class='ocrx_word' id='word_1_532' title='bbox 1060 5040 1096 5094; x_wconf 84' lang='grc' dir='ltr'>1ο</span> <span class='ocrx_word' id='word_1_533' title='bbox 1115 5035 1262 5108; x_wconf 77' lang='lat' dir='ltr'><strong>margine:</strong></span> <span class='ocrx_word' id='word_1_534' title='bbox 1283 5039 1342 5106; x_wconf 71' lang='grc' dir='ltr'>πρὸς</span> <span class='ocrx_word' id='word_1_535' title='bbox 1362 5035 1518 5091; x_wconf 70' lang='grc' dir='ltr'>κατασκευὴν</span> <span class='ocrx_word' id='word_1_536' title='bbox 1539 5038 1581 5092; x_wconf 75' lang='grc' dir='ltr'>τῆς</span> <span class='ocrx_word' id='word_1_537' title='bbox 1604 5037 1731 5104; x_wconf 77' lang='grc' dir='ltr'>ἀποφατι-</span> 
     </span>
     <span class='ocr_line' id='line_1_41' title="bbox 221 5123 1731 5199; baseline -0.001 -19"><span class='ocrx_word' id='word_1_538' title='bbox 221 5127 244 5198; x_wconf 74' lang='lat'>²)</span> <span class='ocrx_word' id='word_1_539' title='bbox 262 5125 329 5182; x_wconf 78' lang='lat' dir='ltr'><strong>fort.</strong></span> <span class='ocrx_word' id='word_1_540' title='bbox 352 5125 392 5180; x_wconf 78' lang='grc' dir='ltr'>ῶν.</span> <span class='ocrx_word' id='word_1_541' title='bbox 983 5135 1027 5191; x_wconf 75' lang='grc' dir='ltr'>κῆς</span> <span class='ocrx_word' id='word_1_542' title='bbox 1047 5135 1196 5199; x_wconf 76' lang='grc' dir='ltr'>προτίοιως.</span> <span class='ocrx_word' id='word_1_543' title='bbox 1214 5128 1297 5184; x_wconf 77' lang='lat' dir='ltr'><strong>Haec</strong></span> <span class='ocrx_word' id='word_1_544' title='bbox 1317 5130 1348 5182; x_wconf 77' lang='lat' dir='ltr'>ei</span> <span class='ocrx_word' id='word_1_545' title='bbox 1366 5125 1426 5181; x_wconf 71' lang='lat' dir='ltr'><strong>alia</strong></span> <span class='ocrx_word' id='word_1_546' title='bbox 1449 5123 1553 5198; x_wconf 73' lang='lat' dir='ltr'><strong>optimi</strong></span> <span class='ocrx_word' id='word_1_547' title='bbox 1577 5132 1648 5180; x_wconf 83' lang='lat' dir='ltr'><strong>sunt</strong></span> <span class='ocrx_word' id='word_1_548' title='bbox 1666 5129 1731 5197; x_wconf 80' lang='grc' dir='ltr'>διοφ·</span> 
     </span>
     <span class='ocr_line' id='line_1_42' title="bbox 219 5213 1732 5289; baseline 0.002 -19"><span class='ocrx_word' id='word_1_549' title='bbox 219 5215 242 5288; x_wconf 72' lang='grc'>3)</span> <span class='ocrx_word' id='word_1_550' title='bbox 260 5214 311 5272; x_wconf 84' lang='lat' dir='ltr'><strong>fol.</strong></span> <span class='ocrx_word' id='word_1_551' title='bbox 330 5216 367 5272; x_wconf 82' lang='lat'>45</span> <span class='ocrx_word' id='word_1_552' title='bbox 384 5217 421 5272; x_wconf 90' lang='grc' dir='ltr'>Η.</span> <span class='ocrx_word' id='word_1_553' title='bbox 982 5224 1068 5287; x_wconf 70' lang='grc' dir='ltr'>αυτοῦ,</span> <span class='ocrx_word' id='word_1_554' title='bbox 1081 5219 1144 5275; x_wconf 85' lang='lat' dir='ltr'><strong>fera</strong></span> <span class='ocrx_word' id='word_1_555' title='bbox 1155 5216 1248 5274; x_wconf 83' lang='lat' dir='ltr'><strong>codici</strong></span> <span class='ocrx_word' id='word_1_556' title='bbox 1259 5215 1399 5289; x_wconf 83' lang='lat' dir='ltr'><strong>aequalia,</strong></span> <span class='ocrx_word' id='word_1_557' title='bbox 1411 5213 1468 5273; x_wconf 89' lang='lat' dir='ltr'><strong>nisi</strong></span> <span class='ocrx_word' id='word_1_558' title='bbox 1480 5214 1559 5271; x_wconf 86' lang='lat' dir='ltr'><strong>forte</strong></span> <span class='ocrx_word' id='word_1_559' title='bbox 1569 5214 1732 5273; x_wconf 76' lang='lat' dir='ltr'><strong>scholiasta</strong></span> 
     </span>
     <span class='ocr_line' id='line_1_43' title="bbox 218 5305 1319 5381; baseline -0.005 -17"><span class='ocrx_word' id='word_1_560' title='bbox 218 5308 240 5379; x_wconf 85' lang='lat'>⁴)</span> <span class='ocrx_word' id='word_1_561' title='bbox 259 5306 359 5364; x_wconf 81' lang='lat' dir='ltr'><strong>Codex</strong></span> <span class='ocrx_word' id='word_1_562' title='bbox 377 5307 439 5364; x_wconf 84' lang='lat' dir='ltr'><strong>fera</strong></span> <span class='ocrx_word' id='word_1_563' title='bbox 458 5325 575 5381; x_wconf 85' lang='lat' dir='ltr'><strong>semper</strong></span> <span class='ocrx_word' id='word_1_564' title='bbox 588 5307 692 5365; x_wconf 83' lang='lat' dir='ltr'><strong>scribit</strong></span> <span class='ocrx_word' id='word_1_565' title='bbox 705 5313 765 5372; x_wconf 73' lang='grc' dir='ltr'>ζῶον</span> <span class='ocrx_word' id='word_1_566' title='bbox 783 5326 849 5365; x_wconf 84' lang='lat' dir='ltr'>eum</span> <span class='ocrx_word' id='word_1_567' title='bbox 868 5307 931 5364; x_wconf 79' lang='lat' dir='ltr'><strong>iote</strong></span> <span class='ocrx_word' id='word_1_568' title='bbox 982 5306 1132 5366; x_wconf 82' lang='lat' dir='ltr'><strong>vetustior</strong></span> <span class='ocrx_word' id='word_1_569' title='bbox 1151 5305 1251 5364; x_wconf 82' lang='lat' dir='ltr'><strong>codice</strong></span> <span class='ocrx_word' id='word_1_570' title='bbox 1270 5305 1319 5362; x_wconf 88' lang='lat' dir='ltr'><strong>eit.</strong></span> 
     </span>
    </p>
   </div>
   <div class='ocr_carea' id='block_1_7' title="bbox 0 0 2014 6068">
    <p class='ocr_par' dir='ltr' id='par_1_9' title="bbox 0 0 2014 6068">
     <span class='ocr_line' id='line_1_44' title="bbox 0 0 2014 6068; baseline 0 0"><span class='ocrx_word' id='word_1_571' title='bbox 0 0 2014 6068; x_wconf 95' lang='lat' dir='ltr'> </span> 
     </span>
    </p>
   </div>
  </div>
 </body>
</html>
