3978 6070
657 517 849 610 Symbolica
868 517 1003 590 ἰιινοιιιιι
1024 520 1173 591 nomina.
1639 537 1691 593 ιιι

147 700 210 755 τῶν
234 689 385 756 τοιούτων
408 689 605 781 πλασμάτων
631 693 685 756 οὐκ
710 689 808 766 αὑτάς
831 688 917 779 λέγει
939 688 996 766 τάς
1020 687 1121 780 ψυχάς
1152 692 1287 776 ἐκείνας,
1311 687 1353 758 ὧν
1378 685 1619 788 διαμνημονεύει
1643 713 1694 766 νῦν

146 797 255 888 ἡρώων
281 802 321 874 εἰς
344 797 387 862 τά
403 797 505 890 ἄλογοι
522 808 699 874 κατασπᾶν,
718 797 801 864 ἀλλά
816 792 903 876 ζώων
928 789 995 870 εἰδη
1023 796 1211 864 αἰνίσσεσθαι
1236 791 1288 866 διά
1310 793 1410 869 τῶνδε
1433 814 1495 870 τῶν
1520 808 1694 897 ὀνομάτων,

147 904 197 973 οἰα
220 908 420 997 προσήκοντα
444 907 500 995 μὲν
524 904 562 982 ἧν
587 919 652 984 τοῖς
677 901 930 998 ὀνομαζομένοις,
955 899 1007 974 διά
1031 899 1066 973 δέ
1088 933 1175 985 τινας
1199 907 1305 974 παθῶν
1329 911 1519 1000 προσθήκας,
1544 919 1695 1006 ἀνομοίως

147 1019 281 1093 ἐκείνους
306 1016 493 1108 μιμούμενα,
518 1017 690 1082 κατέπεσεν
714 1021 755 1090 εἰς
779 1017 910 1105 ἀλογίαν
929 1015 1178 1105 ἀφομοιουμένην
1196 1015 1318 1106 ἀλόγως
1340 1028 1404 1094 τοῖς
1428 1009 1536 1085 εἴδεσιν
1561 1025 1695 1106 ἐκείνων,

108 1149 120 1187 ι
148 1120 210 1188 οἷον
234 1126 296 1189 ἀπὸ
320 1135 378 1202 τῆς
402 1125 536 1215 Ὀρφέως
559 1119 641 1204 ζωῆς
664 1125 718 1189 καί
741 1134 799 1200 τῆς
823 1123 984 1214 Θαμύρου,
1008 1117 1091 1202 ζωὴν
1112 1113 1343 1213 ἐνδεικνύμενον
1368 1126 1520 1214 μουσικὴν
1547 1131 1602 1218 μέν
1625 1157 1696 1196 τινα

147 1231 290 1309 πάντως·
314 1225 365 1299 διά
389 1224 422 1300 δέ
444 1231 542 1309 πάθος
566 1231 699 1322 άλογον,
725 1228 788 1296 οἷον
813 1242 901 1319 μῖσος
924 1229 943 1304 ῆ
969 1226 1065 1311 ζῆλον
1089 1232 1109 1304 ἥ
1134 1257 1173 1308 τιΙ
1191 1231 1270 1298 ἀλλο
1297 1245 1458 1321 τοιοῦτον,
1483 1242 1524 1314 εἰς
1548 1241 1695 1326 μουσικόν

148 1341 325 1410 πίπτουσάν
350 1367 382 1407 τι
406 1336 493 1421 ζῶον·
519 1340 535 1407 ό
560 1333 597 1412 δη
615 1350 660 1424 τῷ
671 1340 695 1427 ¹)
714 1339 769 1427 μὲν
788 1334 864 1405 εἶναι
882 1339 1041 1428 μουσικόν,
1057 1340 1122 1429 ἔχει
1139 1351 1295 1433 συγγενῶς
1319 1341 1393 1432 πρός
1417 1343 1476 1414 τὴν
1502 1343 1695 1436 ἀνθρωπίνην

149 1450 312 1539 μουσικήν·
336 1458 381 1532 τῷ
406 1440 439 1514 δὲ
463 1443 501 1513 αὖ
525 1449 640 1539 άλογον
665 1443 825 1520 εἶναιτὴν
850 1447 1061 1540 ἀλογωθεῖσαν
1078 1441 1267 1538 ὑποδέχεται
1286 1446 1389 1539 ψυχὴν
1414 1443 1465 1517 διά
1488 1454 1522 1517 τί
1543 1453 1650 1532 πάθος·
1674 1463 1693 1531 ἡ

150 1557 210 1648 γάρ
223 1557 337 1624 τούτου
350 1557 511 1648 πρόσθεσις
524 1559 654 1648 ἀλογίας
667 1557 766 1630 αὐτὴν
781 1557 937 1648 ἀπέφηνεν
951 1559 1078 1624 οἰκείαν.
1092 1559 1310 1648 Τεκμαίρομαι
1323 1549 1472 1624 δὲταῦτα
1484 1555 1561 1626 εἰναι
1578 1562 1695 1649 ἀληθῆ,

98 1688 121 1726 ιυ
151 1657 233 1730 διότι
257 1667 310 1730 καί
332 1669 363 1733 ἐν
381 1667 495 1756 Γοργίᾳ
510 1666 658 1756 λέγοντος
674 1667 795 1739 ἤκουσα
811 1676 867 1731 τοῦ
886 1665 1071 1756 Σωκράτους
1087 1665 1160 1742 τοὺς
1177 1667 1298 1742 Μίνωας
1315 1668 1369 1732 καί
1392 1667 1464 1745 τοὺς
1488 1670 1621 1746 Αἰακούς
1645 1672 1698 1736 καί

149 1773 221 1849 τούς
246 1765 481 1864 Ῥαδαμάνθυας
506 1765 655 1851 δικαστάς
678 1778 709 1842 ἐν
734 1766 810 1858 ᾅδου
835 1785 897 1839 τῶν
914 1773 1021 1864 ψυχῶν
1042 1771 1278 1853 καθῆσθαι,καί
1302 1767 1353 1841 διά
1375 1775 1497 1842 τούτων
1521 1769 1588 1851 είδη
1615 1774 1696 1859 ζωῆς

150 1874 318 1948 δικαστικά
341 1883 560 1972 σημαίνοντος·
576 1882 596 1956 ῆ
621 1892 686 1960 πῶς
702 1885 825 1948 ἐκείνων
843 1872 1033 1965 διαζώντων,
1051 1881 1106 1946 τὀν
1122 1873 1201 1967 τῆδε
1218 1884 1284 1968 βίον
1302 1888 1334 1948 αἰ
1349 1885 1379 1948 ἐν
1397 1873 1473 1970 ᾅδου
1491 1879 1589 1974 ψυχαί
1605 1876 1694 1962 δίκης

150 1991 323 2083 ἐτύγχανον
334 2017 341 2030 ·

150 2213 173 2277 f.
193 2213 272 2278 172:
291 2214 326 2275 ἐκ
342 2209 402 2302 γάρ
418 2219 538 2274 τοῦτων
564 2203 721 2297 οἶμαικαὶ
740 2209 814 2292 [τῶν
830 2205 980 2272 τοιούτων
997 2204 1135 2296 έναρίγές
1148 2203 1175 2289 ²)
1200 2200 1277 2271 εἰναι
1293 2217 1386 2272 πᾶσιν
1407 2209 1469 2293 [ότι
1484 2219 1550 2287 τοῖς
1567 2211 1698 2300 ὀνόμασι

100 2336 123 2374 ¹⁵
150 2329 214 2384 τῶν
231 2318 340 2411 ἡρώων
358 2321 410 2406 εἰς]
436 2309 563 2396 ἔνδειξιν
580 2319 611 2382 έν
629 2327 694 2392 τοῖς
711 2315 818 2407 μύθοις
834 2327 954 2408 χρῆται
970 2325 1032 2381 τῶν
1050 2306 1138 2382 εἰδῶν
1160 2317 1240 2380 ὅλων
1265 2326 1323 2392 τῆς
1347 2310 1439 2394 ζωῆς,
1464 2321 1495 2383 ἐν
1520 2315 1562 2395 οἷς
1587 2322 1699 2385 έκεῖνοι

151 2421 356 2519 διαφερόντως
380 2429 435 2491 τὀν
461 2429 526 2512 βίον
552 2418 752 2518 διεζήγαγον,
776 2426 830 2491 καί
854 2416 906 2490 διά
922 2433 1016 2490 τοῦτο
1033 2425 1151 2500 ἐκείνας
1165 2425 1191 2511 ⁸)
1210 2424 1268 2501 τάς
1292 2417 1476 2504 δικαστικάς
1501 2426 1603 2517 ψυχάς
1627 2429 1699 2494 ἀντὶ

149 2546 213 2600 τῶν
237 2536 394 2600 παντοίων
411 2536 600 2625 παρείληφεν
618 2525 807 2599 δικαστικῶν
824 2527 955 2615 τάξεων,
972 2531 1062 2598 θείων
1079 2557 1115 2598 τε
1132 2532 1184 2598 καί
1198 2524 1379 2622 δαιμονίων,
1398 2535 1448 2627 ἀφ’
1470 2531 1511 2601 ὧν
1532 2543 1572 2614 ὡς
1589 2539 1700 2623 ἐοικεν,

149 2646 339 2736 ἐγίγνωσκον
363 2648 392 2708 οἰ
415 2643 555 2708 κοινωνοὶ
572 2651 634 2708 τῶν
651 2643 765 2733 λόγων,
782 2642 836 2706 καί
852 2641 926 2733 ὑπὲρ
944 2636 985 2706 ὧν
1003 2645 1058 2707 ούκ
1074 2632 1213 2725 ἥδεισαν,
1230 2633 1385 2708 διδάσκων
1403 2645 1465 2710 ἀπὸ
1480 2655 1542 2710 τῶν
1567 2655 1698 2736 μερικῶν

150 2753 203 2817 καί
227 2750 311 2817 κατά
334 2751 440 2841 σχέσιν
458 2751 529 2816 ἀντί
544 2763 608 2818 τῶν
623 2755 736 2817 όλικῶν
753 2752 807 2817 καί
823 2749 891 2815 καθ’
910 2745 1038 2841 ύπαρζιν
1060 2742 1228 2830 δικαστῶν,
1252 2750 1386 2817 ἐνταῦθα
1410 2743 1444 2818 δέ
1467 2752 1523 2830 τάς
1547 2753 1698 2841 μουσικάς

96 2890 122 2928 ιι
151 2863 222 2928 ἀντὶ
245 2872 309 2928 τῶν
333 2862 447 2951 ὁμοίων
471 2866 503 2926 ἐν
526 2871 572 2946 τῷ
581 2865 607 2946 ⁴)
623 2861 720 2926 παντί
736 2869 892 2950 μουσικῶν
909 2857 1026 2950 ψυχῶν,
1043 2858 1100 2937 τάς
1118 2861 1313 2952 ἐγνωσμένας
1339 2863 1410 2927 ἀντὶ
1433 2856 1502 2928 τῶν
1521 2863 1701 2954 ἀγνώστων,

150 2970 208 3046 τάς
232 2968 361 3045 ἀπαθεῖς
386 2969 456 3032 ἀντὶ
471 2977 535 3033 τῶν
560 2967 717 3058 ἐμπαθῶν,
741 2973 780 3044 ὡς
806 2973 833 3033 εἰ
857 2977 961 3058 σαφῶς
978 2970 1083 3060 ἔλεγεν
1108 2970 1167 3034 ὅσα
1191 2970 1363 3034 αἰνίσσεται
1388 2961 1440 3034 διά
1457 2969 1589 3038 τούτων.
1613 2961 1701 3035 Ἰδεῖν

151 3078 199 3160 ἀν,
223 3073 317 3164 εἶπεν,
341 3079 407 3142 οἵαν
432 3076 491 3150 τὴν
510 3077 653 3167 Ὀρφέως,
674 3079 740 3142 οίαν
756 3075 817 3150 τὴν
834 3076 980 3167 Θαμύρου
998 3072 1112 3164 ψυχὴν,
1130 3066 1181 3140 διά
1200 3065 1237 3151 δή
1256 3101 1289 3141 τι
1308 3074 1407 3152 πάθος
1430 3082 1471 3152 εἰς
1495 3075 1624 3153 κύκνους
1648 3077 1701 3140 καί

152 3179 287 3262 ἀηδόνας
303 3177 510 3259 εἰσπηδῶσαν.
529 3185 590 3250 Καί
605 3189 638 3250 τί
653 3186 691 3250 τό
708 3182 822 3262 πάθος;
840 3186 901 3249 ἀπό
914 3195 972 3260 τῆς
986 3183 1092 3273 ἑτέρας
1106 3183 1227 3248 τούτων
1244 3175 1484 3272 ἐνδεικνύμενος,
1503 3187 1597 3274 μίσει,
1614 3184 1701 3275 φησί,

152 3304 208 3358 τοῦ
232 3295 408 3384 γυναικείου
432 3292 549 3385 γένους,
575 3294 623 3357 ἵνα
649 3291 691 3379 μῆ
717 3296 752 3357 ἐκ
776 3293 922 3382 γυναικός
946 3292 1078 3384 γένηται
1107 3292 1171 3376 βίον
1197 3289 1386 3383 ἀνθρώπινον
1410 3294 1555 3383 ἑλομένη.
1579 3293 1636 3358 Διά
1660 3284 1698 3366 δή

99 3425 125 3464 ιε
153 3427 186 3466 τι
211 3403 298 3490 μίσος
323 3406 365 3477 εἰς
389 3400 500 3466 κύκνον
525 3399 647 3490 ᾤχετο,
671 3398 725 3464 καί
754 3409 904 3488 μουσικῆς
932 3402 1050 3490 ἔχουσα
1080 3390 1352 3476 δυσαπαλλάκτως
1376 3402 1430 3466 καί
1453 3403 1490 3466 τό
1515 3399 1702 3492 ἀνθρώπειον

152 3513 337 3578 ἐκκλίνουσα
353 3511 451 3603 γένος.
468 3511 529 3574 Καὶ
545 3515 560 3574 ό
579 3509 726 3600 Θαμύρας
743 3502 777 3574 δέ
794 3509 949 3598 μουσικός,
968 3507 1051 3574 ἀλλά
1068 3501 1119 3574 διά
1135 3507 1195 3581 τὴν
1211 3510 1286 3601 πρός
1302 3509 1359 3587 τάς
1376 3512 1496 3586 Μούσας
1517 3511 1699 3600 φιλοτιμίαν

152 3621 250 3711 πηρός
273 3620 436 3711 γενόμενος
452 3619 486 3702 ⁶).
505 3618 629 3693 Ἀλλως
646 3611 698 3683 οὖν
715 3623 734 3691 ῆ
754 3608 806 3682 διά
821 3617 935 3683 τούτου
953 3607 1131 3708 δηλουμένη
1151 3616 1249 3709 ψυχὴ,
1267 3617 1400 3709 μουσικὴ
1420 3618 1485 3708 μὲν,
1502 3619 1580 3708 πέρα
1597 3609 1631 3684 δὲ
1645 3627 1700 3682 τοῦ

153 3728 267 3819 μέτρου
292 3726 467 3817 φιλότιμος,
491 3717 661 3819 ἐπέδραμεν
688 3737 758 3803 ταῖς
782 3716 924 3810 ἀηδόσιν,

524 3947 566 4010 Αἰ
584 3969 620 4010 τε
644 3942 731 4033 θαμά
755 3951 917 4034 τρωπῶσιν
942 3941 995 4015 ἐῆν
1019 3943 1185 4033 πολυηχέα
1208 3942 1323 4032 φωνὴν,

98 4183 125 4222 ιο
153 4163 207 4227 καί
230 4154 360 4248 ᾄδουσαι
384 4163 488 4251 νυχίαι
511 4153 688 4227 διατελοῦσι
712 4151 987 4248 καλλωπιζόμεναι
1017 4167 1087 4233 ταῖς
1110 4159 1230 4220 ἑαυτῶν
1253 4155 1409 4230 ποικίλαις
1433 4153 1487 4217 καί
1510 4153 1701 4242 ἐναρμονίοις

153 4281 277 4361 φωναῖς.
302 4267 521 4360 Ἀποχρῆσθαι
545 4267 600 4357 μέν
625 4269 728 4334 τοίνυν
751 4267 832 4333 ἔοικε
855 4276 901 4351 τῷ
925 4263 1010 4330 κατά
1033 4266 1088 4329 τόν
1113 4262 1228 4355 Ὀρφέα

153 4489 176 4554 f.
204 4490 266 4553 172
291 4511 322 4553 v.
349 4484 447 4576 [μύθῳ
463 4487 486 4570 ⁰)
516 4475 666 4558 δηλοῦντι
695 4483 755 4554 τὴν
787 4477 983 4573 ἐξῃρημένην
1015 4484 1110 4546 αὐτοῦ
1143 4478 1294 4570 μετοικῆν
1323 4478 1384 4543 ἀπὸ
1409 4475 1623 4568 θηλυπρεποῦς
1648 4474 1702 4540 καί

154 4594 250 4670 ύντως
263 4593 511 4684 κεχαλασμένης·
526 4593 621 4669 ὅντως
634 4591 694 4684 γάρ
707 4588 757 4678 ἦν]
775 4597 802 4657 εἰ
814 4592 869 4656 καί
885 4589 968 4680 μετά
980 4588 1040 4662 τὴν
1054 4593 1171 4658 ἐκείνου
1188 4587 1342 4662 τελευτὴν
1361 4586 1590 4678 μεμερισμένως
1604 4588 1701 4660 αὐτῆς

157 4705 319 4793 μετέσχεν·
344 4706 360 4766 ό
384 4693 435 4766 διά
458 4712 521 4766 τῶν
547 4710 741 4793 σπαραγμῶν
765 4707 794 4766 οἱ
810 4700 900 4788 μῦθοι
924 4690 1071 4773 δηλοῦσιν
1088 4700 1141 4792 καί
1164 4699 1202 4764 τό
1226 4697 1395 4788 κεφάλαιον
1420 4697 1559 4770 αύτῆςη
1586 4685 1701 4768 Λέσύος

100 4843 127 4882 ιι
155 4802 327 4889 ὑπεδέξατο
341 4808 367 4898 ⁷)
392 4820 487 4875 τοῦτο
503 4809 557 4874 καί
572 4808 713 4899 κεφαλὴν
731 4809 866 4900 Ὀρφέως
882 4808 1134 4899 προσειρήκασιν·
1151 4805 1219 4873 ὅθεν
1236 4807 1290 4872 καὶ
1305 4805 1406 4896 ὄνομα
1426 4807 1516 4895 ἔσχεν
1540 4808 1559 4877 ῆ
1585 4795 1702 4868 Λεσύία

989 5093 1012 5168 ⁵)
1031 5093 1064 5148 A.
1086 5093 1287 5165 προσγενόμενος.

990 5185 1013 5257 ⁵)
1031 5183 1105 5240 Inde
1123 5183 1162 5239 M.
1181 5182 1277 5239 multa
1289 5199 1345 5238 om.
1359 5181 1496 5254 squallor
1507 5197 1585 5237 nuno
1603 5178 1702 5238 omnia

954 5279 968 5328 ἰ
1006 5273 1017 5328 i
1033 5315 1039 5330 .

969 5281 1070 5439 ΘξίΜ.
1091 5363 1188 5426 ἐδέξατο
1207 5365 1278 5416 τοῦτο
1298 5363 1337 5418 δὴ.
