3944 6074
692 521 820 614 Μαροι·
840 522 1049 614 θανατιῶντι,
1070 523 1230 616 Εμίααί,
1252 525 1467 600 Xenocratis.

1042 907 1112 974 KA'.

350 1123 431 1188 ’Ότι
456 1123 571 1194 ...θεν
595 1126 746 1216 τρίγωνον
771 1125 847 1190 αύτδ
871 1125 963 1216 φασίν
987 1130 1016 1190 οἱ
1039 1125 1108 1216 περὶ
1130 1125 1185 1190 τθν
1210 1116 1459 1216 Δερ[κυλλ]ίδην,
1477 1125 1609 1191 ἐοικέναι
1630 1137 1697 1202 τοῖς
1719 1125 1842 1217 πρώτοις

306 1225 447 1322 φύλαξιν,
473 1285 525 1301 ...
548 1231 608 1306 τὴν
627 1243 690 1297 τῶν
707 1232 809 1323 λύγων
826 1236 998 1317 κοινωνίαν,
1014 1243 1078 1299 τῶν
1096 1234 1150 1323 μὲν
1166 1257 1251 1325 περιε
1264 1284 1271 1297 .
1286 1283 1292 1298 .
1306 1284 1313 1298 .
1328 1243 1409 1298 υσῶν
1425 1234 1480 1300 τὸν
1496 1243 1620 1324 πρῶτον
1636 1237 1668 1300 έν
1691 1237 1843 1324 συμρωνίρ

306 1341 401 1432 λύγον
419 1345 506 1431 ἑχου.
520 1395 546 1410 ..
566 1351 624 1418 τῆς
640 1333 668 1406 δ’
685 1341 938 1417 ύποτενεινούσης
955 1342 973 1415 ἢ
992 1334 1177 1432 δυναμένης,
1194 1345 1309 1431 ἀμφοῖν
1326 1342 1399 1418 τοὺς
1416 1332 1450 1407 δὲ
1467 1343 1528 1406 άπὸ
1545 1342 1666 1408 τούτων
1681 1342 1842 1432 τετάρτους

307 1447 452 1539 ἀριθμοὺς
476 1458 565 1538 τρεῖς·
591 1443 799 1528 αὐξηθέντων,
817 1450 948 1515 ἑοικέναι
971 1461 1037 1526 τοῖς
1052 1451 1216 1541 τετάρταις
1232 1456 1263 1518 έν
1288 1447 1362 1526 οίςὸ
1386 1450 1442 1541 μέν
1466 1453 1551 1518 ἐστιν
1574 1451 1743 1542 ὁμοιότητι
1765 1453 1844 1540 ριλος

267 1582 280 1620 ι
310 1564 325 1624 ὁ
348 1550 391 1624 Ρ’·
415 1562 431 1622 θ
456 1548 491 1624 δέ
514 1561 569 1623 άνο
584 1559 653 1642 (fol.
670 1561 728 1642 42)
741 1561 836 1647 μαίων
851 1611 859 1628 .
873 1612 904 1628 ..

1045 1877 1118 1947 KE‘.

353 2145 382 2160 ..
398 2146 404 2160 .
418 2118 514 2186 περας
526 2149 533 2164 .
545 2147 571 2164 ..
595 2101 671 2161 εἰσιν
687 2149 694 2165 .
710 2149 717 2164 .
733 2147 740 2164 .
754 2097 849 2185 μοίων
867 2093 1007 2186 συναρθη
1023 2150 1031 2164 .
1047 2119 1146 2172 ..τας
1162 2093 1246 2161 λύειν
1256 2091 1279 2183 ¹)
1295 2103 1354 2170 τῆς
1369 2095 1528 2170 πολιτείας
1543 2147 1551 2163 .
1566 2147 1574 2163 .
1588 2147 1595 2164 .
1609 2119 1640 2171 ος
1657 2095 1711 2160 καί
1728 2095 1848 2187 Μάγνος

306 2209 322 2270 ὁ
352 2205 606 2294 Γεωμνίτρης...
630 2199 849 2295 περαρράζων,
874 2194 967 2282 δόξαν
991 2201 1116 2275 τὴν...
1138 2193 1383 2295 παραδείγματα
1406 2211 1451 2286 τῷ
1485 2203 1672 2294 ἀριθμῷ...
1696 2205 1849 2272 Πλάτωνα

306 2320 365 2388 τῆς
381 2321 443 2377 τῶν
460 2317 626 2378 πολιτειῶν
651 2337 782 2387 ...σαις
800 2313 894 2377 αύτθν
911 2309 1069 2377 ἀναθεῖναι
1085 2302 1135 2376 διά
1151 2310 1211 2386 τὴν
1231 2361 1258 2376 ..
1274 2363 1281 2376 .
1295 2307 1425 2401 θύματα
1441 2310 1538 2402 τιμὴν
1556 2302 1721 2377 δεικνύντα
1737 2313 1788 2376 ὅτι
1800 2362 1807 2376 .
1821 2362 1845 2376 ..

306 2418 444 2510 ἀριθμοῖς
461 2425 494 2486 αί
511 2421 600 2486 ποιαί
623 2413 796 2500 συζεύξεις.
812 2421 958 2508 ..μοίους
983 2423 1188 2486 ἀποτελοῦσιν
1208 2419 1280 2498 τούς
1304 2414 1337 2499 ἐξ
1361 2423 1421 2488 αύτ
1436 2474 1443 2489 .
1458 2473 1488 2489 ..
1511 2424 1543 2486 ἐν
1566 2431 1631 2497 τοῖς
1649 2422 1729 2504 βίοις
1744 2419 1798 2486 καί
1810 2425 1847 2496 ὡς

252 2547 279 2585 ιν
305 2525 365 2619 χρὴ
391 2526 462 2603 τούς
486 2528 641 2618 ἄρχοντας
664 2537 766 2592 ταῦτα
784 2525 922 2612 βλέπειν,
941 2527 989 2590 ίνοι
1007 2526 1136 2616 μένωσιν
1153 2531 1181 2592 οἱ
1196 2527 1382 2618 γεννώμενοι
1398 2538 1463 2604 τοϊς
1482 2503 1637 2619 πάτρασιν
1662 2529 1775 2610 ὅμοιοι,
1797 2528 1848 2592 καὶ

306 2633 350 2725 μὴ
376 2624 414 2699 δι’
439 2635 655 2724 ἀνομοιότητα
678 2639 719 2710 εἰς
743 2633 845 2707 άλλην
868 2645 1065 2723 μεταστῶσιν
1089 2637 1250 2701 πολιτείαν
1274 2635 1334 2708 τὴν
1358 2636 1546 2728 ὁμοιότητα,
1569 2648 1628 2713 της
1651 2647 1707 2703 τοῦ
1732 2636 1847 2729 ἀγαθοῦ

306 2738 383 2807 εἶναι
411 2744 612 2832 συστοίχους,
636 2735 808 2831 λαμύάνειν
834 2733 868 2807 δὲ
890 2743 945 2808 καὶ
967 2737 1118 2833 περιόδων
1143 2744 1290 2834 άριθμθν,
1315 2748 1373 2836 ούχ
1401 2752 1442 2823 ὡς
1465 2744 1537 2811 καθ’
1562 2746 1761 2837 Εἱμαρμένην
1788 2755 1847 2810 τῶν

305 2841 442 2916 συνόδων
458 2850 641 2941 γενομένων,
656 2850 780 2925 ἀλλ’ὡς
797 2851 984 2940 θρειλόντων
1002 2861 1065 2916 τῶν
1083 2846 1344 2944 συζευγνυμένων,
1358 2850 1442 2918 κατά
1459 2853 1518 2926 τὴν
1534 2855 1755 2945 προσήκουσαν
1772 2855 1848 2942 ώραν

304 2969 360 3022 τοῦ
376 2952 559 3049 ζεύγνυσθαι
576 2969 634 3034 τῆς
646 2959 781 3034 ἡλιαίας·
799 2959 853 3023 καί
870 2953 947 3024 εἶναι
960 2971 1073 3025 τοῦτον
1089 2961 1143 3026 τὸν
1161 2961 1266 3052 καιρθν
1279 2964 1310 3028 ἐν
1327 2973 1367 3050 τῇ
1383 2964 1562 3054 συμμετρίᾳ
1573 2971 1636 3028 τῶν
1653 2961 1849 3053 γαμούντων,

306 3069 355 3132 ίνα
378 3065 447 3131 καθ’
472 3068 599 3141 ἠλικίαν
622 3058 859 3135 παιδοποιῶσιν.

1041 3389 1112 3452 ΚΣ’.

253 3508 279 3547 ιι

351 3607 429 3672 ’Ότι
453 3617 508 3672 τοῦ
525 3605 677 3697 τριγώνου
694 3607 807 3672 τούτου
826 3597 978 3672 δείκνυσιν
995 3603 1183 3696 Πυθαγύριοι
1199 3602 1255 3680 τάς
1279 3613 1341 3669 τῶν
1361 3604 1551 3693 ἑπταμήνων
1576 3601 1631 3667 καί
1653 3604 1847 3692 ἑννεαμήνων

307 3715 457 3806 εύγονίας,
480 3716 535 3781 καί
552 3714 609 3790 τάς
633 3724 696 3780 τῶν
720 3714 909 3804 ὁκταμήνων
926 3712 1094 3803 πτερώσεις·
1111 3713 1187 3778 είσὶν
1203 3711 1262 3805 γάρ
1287 3717 1382 3777 αὐτοῦ
1402 3717 1430 3777 οί
1452 3711 1587 3802 ἀριθμοὶ,
1611 3719 1674 3774 τῶν
1698 3712 1769 3798 περί
1792 3711 1848 3782 τλν

306 3821 359 3913 ὀρθ
375 3875 382 3892 .
397 3875 427 3890 ..
451 3825 624 3914 γλωχίνων·
648 3823 781 3890 ἐκάλουν
807 3815 841 3889 δέ
863 3823 944 3887 οὕτω
968 3821 1025 3898 τάς
1048 3821 1117 3911 περί
1140 3830 1198 3898 τῆς
1216 3823 1286 3902 (fol.
1303 3823 1345 3888 42
1361 3825 1405 3902 v.)
1430 3819 1514 3893 ...ἢ
1539 3819 1610 3911 περὶ
1633 3818 1694 3886 τὴν
1719 3816 1848 3909 ὸρθὴν’)

306 3981 313 3995 .
328 3981 335 3995 .
350 3981 357 3996 .
370 3919 463 4002 τθῖ.
479 3986 486 4001 .
501 3987 508 4001 .
532 3938 617 4000 ἐστιν
635 3920 678 4014 ἶ,
694 3931 776 4020 μετά
792 3943 851 4009 τῆς
867 3932 940 4022 τριά
954 3982 960 3996 .
975 3982 1003 3996 ..
1027 3941 1090 3996 τῶν
1107 3935 1257 4020 πλευρῶν·
1274 3930 1340 4021 τρίς
1364 3929 1464 4022 γάρ..
1479 3979 1485 3994 .
1499 3928 1621 4018 θέμενοι
1635 3938 1776 3994 ποιοῦσιν
1796 3930 1848 3992 τὀν

251 4062 279 4100 ιν
305 4028 360 4111 ᾗ.
376 4095 406 4111 ..
427 4041 627 4130 ἐννεάμηνον.
651 4042 730 4108 Ὅτι
745 4033 851 4112 ἐπειδὴ
871 4033 930 4106 άδυ
945 4093 952 4108 .
968 4093 997 4110 ..
1021 4034 1174 4110 εἶναιτὴν
1192 4028 1356 4128 διάμετρον
1373 4047 1431 4114 τῆς
1450 4040 1593 4104 πλευ...
1612 4040 1721 4128 ῥητῆς·
1738 4038 1774 4100 ού
1791 4033 1847 4126 γάρ

307 4155 392 4216 ἐστιν
416 4151 613 4241 τετράγωνος
637 4153 749 4239 ἀρι...
772 4149 972 4241 τετραγώνου
997 4140 1169 4230 διπλάσιος,
1192 4140 1217 4230 ᾧ
1241 4145 1294 4210 καί
1318 4135 1424 4220 δῆλον.

1017 4466 1136 4558 [νιν]

349 4687 429 4752 ’Ότι
455 4685 657 4774 ...μμετρία
673 4687 756 4750 Ιευτιν
774 4681 902 4776 μεγέθη,
919 4683 973 4747 καί
989 4685 1039 4749 ὅτι
1055 4685 1233 4773 Ἐπίκουρος
1257 4673 1373 4771 ψευδῶς
1389 4689 1485 4746 ποιῶν
1506 4679 1620 4770 μέτρον
1643 4677 1703 4750 τλν
1728 4677 1845 4768 ἄτομον

304 4795 431 4859 πάντων
455 4791 628 4881 ...μάτων
645 4793 697 4857 καί
713 4798 729 4856 ὁ
747 4793 946 4883 Ξενοκράτης
963 4791 1022 4864 τὴν
1039 4791 1158 4880 ἄτομον
1173 4797 1369 4882 γραμματῶν
1384 4797 1551 4879 γραμμῶν,
1568 4786 1740 4859 ἐπενύησαν
1765 4787 1845 4850 ούτω

303 4902 407 4993 λέγειν
431 4905 459 4966 οἱ
482 4899 668 4993 Πυθαγύριοι
691 4902 744 4966 ιιαί
760 4901 904 4987 Πλάτων,
919 4910 979 4976 τῆς
993 4903 1127 4990 πλευρᾶς
1144 4901 1238 4976 ούσης
1264 4951 1291 4966 ..
1309 4907 1365 4974 ,ῆς
1387 4895 1447 4971 τὴν
1473 4887 1640 4986 διάμετρον
1664 4892 1764 4985 ῥητὴν
1789 4897 1845 4982 οὐχ

304 5007 421 5093 άπλως,
445 5012 546 5074 ἀλ...
571 5005 614 5086 οἷς
638 4998 786 5075 δύνανται
809 5006 1019 5102 τετραγώνοις
1043 5017 1098 5072 τοῦ
1123 4997 1357 5074 διπλασίου...

340 5260 363 5336 ¹)
382 5259 452 5319 cod.
471 5259 492 5318 f.
510 5259 547 5316 42
564 5257 668 5332 inoipit
686 5273 754 5314 oum
766 5255 902 5315 ονοιιίᾱῑε
919 5257 935 5312 7
954 5253 1049 5313 versi·
1137 5255 1161 5328 ¹)
1181 5253 1251 5312 Ood.
1269 5254 1292 5312 f.
1308 5255 1344 5312 42
1362 5271 1391 5311 v.
1406 5252 1482 5310 Post
1493 5254 1510 5309 7
1523 5249 1690 5309 versiculos
1707 5247 1842 5317 amissos,

303 5348 380 5406 culis
399 5354 430 5406 et
447 5346 548 5422 porgit
564 5363 634 5404 oum
651 5345 815 5404 multorum
832 5343 958 5401 lacunis.
1101 5343 1215 5400 multae
1233 5344 1357 5402 lacunae
1377 5345 1571 5399 metatorum
