4022 6072
281 567 334 624 126
851 554 1001 630 Sanctus
1020 556 1254 648 Hieronymus

278 749 346 789 rum
358 747 476 804 quoque
488 728 627 787 versibus
638 727 743 786 iisdem
754 726 924 801 praedictus
936 731 1025 798 poete
1078 727 1259 786 derivantur.
1278 731 1317 786 Et
1329 733 1512 804 Keutifcuon
1523 733 1546 806 ¹)
1559 733 1589 789 id
1602 738 1649 790 est
1661 733 1766 792 bestse
1784 733 1823 792 si-

278 820 411 878 condidit
423 837 506 893 opus,
526 819 565 876 ed
579 818 749 875 eurumdem
767 835 925 874 numerum
943 817 1023 873 litte·
1078 835 1178 889 gnum,
1198 821 1248 876 vel
1266 820 1423 892 vexillum,
1443 822 1522 895 quod
1548 823 1579 878 iu
1598 826 1695 880 Kouto
1717 824 1821 894 fertur,

276 931 385 982 rarum,
405 911 484 984 quod
503 908 611 966 idcirco
630 909 751 968 vocavit
768 907 924 978 Odissiem,
945 907 1025 979 quod
1077 908 1146 966 hinc
1165 911 1272 978 oritnr;
1293 912 1430 984 quemvis
1443 913 1547 970 lances
1563 932 1680 986 quoque
1698 919 1763 971 tots
1781 914 1824 971 di·

280 1003 426 1060 Odesseos
443 1001 561 1070 planis,
584 997 616 1054 id
640 1004 687 1056 est
709 996 807 1054 Ulixis
826 1014 955 1054 errorem
976 996 1025 1052 de·
1078 1003 1294 1070 cutancntos,
1308 1006 1391 1074 perte
1405 1019 1458 1076 pro
1471 1008 1534 1060 toto
1546 1005 1650 1076 positu
1665 1022 1745 1061 more
1758 1021 1824 1078 poe·

278 1092 399 1150 scribut.
1079 1088 1145 1158 tice,
1164 1090 1250 1147 velut
1269 1091 1451 1148 Prudentius
1470 1092 1501 1148 in
1512 1093 1748 1166 Psychomaohis
1766 1101 1823 1152 tes·

314 1183 393 1252 Quis
404 1198 476 1238 vero
489 1185 575 1238 vetes
588 1178 638 1235 hic
651 1185 741 1252 utque
755 1177 950 1252 philosophus
963 1177 1025 1250 plu·
1076 1184 1160 1236 tetur
1178 1180 1281 1239 diceus
1291 1181 1330 1256 3);

278 1273 353 1330 rims
373 1271 490 1328 dixerut
508 1287 584 1343 quse
598 1268 710 1326 Christi
728 1267 825 1338 gestis
846 1273 927 1324 certe
945 1267 1026 1323 vide-

277 1362 388 1419 bantur
397 1377 484 1434 posse
496 1375 669 1430 congruere,
679 1357 768 1430 longe
778 1356 840 1430 jsm
852 1361 921 1430 post
934 1355 1024 1413 cbris-

277 1450 377 1508 tisnse
396 1449 466 1506 fidei
484 1449 590 1520 lucem,
605 1464 658 1521 per
670 1446 773 1502 mundi
785 1445 904 1502 climate
923 1446 1024 1502 oleris·

278 1540 352 1597 sime
365 1539 538 1608 redientem,
553 1538 691 1594 coelestis
704 1537 815 1610 puriter
833 1555 868 1593 ec
887 1541 1024 1594 terrenus
1078 1537 1109 1590 et
1127 1531 1274 1604 Virgilius
1293 1533 1323 1588 in
1342 1533 1383 1590 V⁰
1401 1535 1551 1593 Aeneidos
1561 1537 1599 1607 ⁴):

278 1629 442 1704 sapientise
462 1628 619 1701 splendore
638 1633 758 1685 utentes
781 1627 839 1685 viri
864 1627 1026 1699 religiosis·
1094 1660 1298 1730 ferratasque
1309 1659 1398 1716 ,uda
1411 1663 1438 1716 οι
1452 1663 1542 1716 acuta
1556 1661 1678 1731 wide
1691 1663 1798 1717 mm

278 1719 354 1794 simi,
367 1719 516 1776 Patricius
529 1718 806 1791 Hierosolymorum
819 1718 946 1791 praesul,
967 1718 1025 1792 Op·

275 1808 376 1878 timus,
396 1809 519 1866 Cosmus
537 1814 627 1880 atque
650 1805 819 1880 Simplicius
832 1806 860 1878 ¹),
879 1823 934 1862 nec
960 1825 1020 1864 non
1077 1801 1156 1856 item
1174 1799 1204 1856 in
1224 1800 1300 1858 IX⁰:

276 1899 439 1969 Eudochiu,
453 1899 571 1955 Leontii
584 1897 757 1970 Philosophi
773 1895 844 1968 filie,
863 1895 1023 1953 Theodosii
1304 1945 1339 1983 ac
1357 1929 1444 1986 dun-3
1462 1930 1620 1986 dmm
1638 1931 1740 1986 com-3·

275 2005 348 2044 vero
366 1987 490 2046 minoris
502 1987 619 2061 conjux,
634 2004 670 2043 es
682 1986 858 2058 diligentius
871 1985 1023 2058 perlegen-

276 2075 1022 2149 tee,srbitrutisuntopusexillissptissimeposse
1110 2070 1208 2127 (leuse
1226 2087 1298 2126 vero
1322 2070 1418 2143 prime
1437 2090 1490 2128 our
1512 2071 1750 2129 Homerocenton
1771 2071 1822 2129 vel

275 2167 419 2240 componi,
438 2167 519 2241 quod
531 2167 562 2224 in
575 2165 686 2224 christi
697 2165 816 2224 leudem
836 2165 1022 2222 solummodo
1078 2158 1315 2215 Homerocentrs
1333 2159 1553 2230 inscriberetur,
1566 2161 1640 2216 hsec
1652 2161 1717 2217 fuit.
1730 2161 1823 2234 Impe

276 2257 361 2314 velut
379 2257 411 2313 in
429 2274 498 2314 eum
511 2257 678 2330 specialiter
691 2257 842 2313 conditum
860 2256 1021 2329 legeretur.
1075 2255 1158 2305 rebor
1176 2248 1352 2318 Archadius,
1367 2249 1489 2322 majoris
1506 2249 1664 2306 Theodosii
1683 2250 1771 2322 filius,
1791 2255 1822 2306 et

277 2345 508 2404 Consideruntes
518 2346 612 2420 igitur
622 2346 733 2420 puriter
745 2365 782 2402 ex
792 2347 948 2403 amborum
952 2362 1023 2418 poe·
1074 2340 1170 2397 freter
1188 2340 1319 2410 Honorii,
1334 2341 1620 2414 Constantinopolim
1639 2342 1774 2412 moriens,
1789 2342 1822 2396 fi-

276 2455 346 2495 scon
358 2438 561 2496 voluminibus
573 2437 697 2508 mixtim,
710 2455 790 2494 nunc
804 2455 841 2493 ex
858 2437 922 2506 lieo,
942 2455 1022 2494 nunc
1075 2432 1133 2488 lies
1148 2435 1209 2488 tres
1228 2429 1348 2503 dimisit,
1360 2431 1584 2506 Pulcherism⁵)
1605 2431 1750 2506 videlicet,
1766 2434 1822 2489 Ar-

281 2545 318 2584 ex
331 2528 392 2598 ills,
407 2529 493 2601 qussi
505 2529 595 2585 flores
607 2527 813 2584 vernuntiores
827 2527 1021 2584 solertissime
1075 2521 1211 2579 chudiem
1231 2528 1262 2578 et
1281 2521 1433 2592 Merinum,
1453 2540 1528 2595 quse
1548 2521 1718 2578 castitatem
1737 2540 1825 2600 suum·

281 2618 505 2689 decerpserunt:
524 2615 575 2689 qui
596 2615 759 2690 cespitibus
783 2615 884 2687 novis,
904 2623 939 2671 ut
956 2615 1023 2671 locs
1075 2611 1139 2668 Deo
1159 2611 1300 2682 dicentes,
1312 2609 1343 2666 in
1356 2617 1500 2684 perpetuu
1513 2611 1651 2667 castitate
1670 2611 1819 2682 vixerunt,

278 2704 397 2776 singule
415 2708 584 2777 posuerunt,
598 2709 800 2776 competenter
818 2704 939 2772 inserts,
960 2721 1023 2760 coe·
1074 2717 1257 2774 puerumque
1270 2700 1429 2774 parvulum
1442 2699 1818 2771 octovidelioetsnnorum,

277 2792 398 2850 lestiurn
419 2791 530 2849 Christi
548 2791 703 2864 virtutum,
722 2809 797 2864 quos
815 2792 915 2850 iectus
932 2793 1021 2849 bomo
1074 2788 1274 2847 Theodosium
1287 2789 1338 2864 qui
1351 2790 1453 2863 junior
1471 2790 1570 2848 dictus
1588 2795 1643 2848 est
1661 2790 1821 2848 Pulcheris

276 2882 409 2958 patravit
421 2882 558 2950 interris,
570 2881 724 2938 historiam
738 2881 945 2940 decentissime
960 2901 1024 2939 oon·
1074 2897 1146 2937 vero
1165 2898 1231 2936 cum
1250 2885 1331 2938 esset
1344 2880 1431 2938 valde
1444 2882 1575 2955 prudeus
1587 2887 1618 2938 et
1637 2880 1728 2938 animi
1745 2881 1821 2953 vigi·

277 2980 421 3032 texerent.
441 2974 523 3047 Opus
542 2989 612 3030 vero
632 2979 769 3046 coeptum
787 2971 913 3029 feliciter
933 2981 1022 3044 utque
1075 2969 1174 3040 lentis,
1185 2969 1346 3042 prudenter
1359 2987 1393 3026 sc
1405 2970 1568 3042 vigilanter
1580 2970 1665 3027 irene
1678 2970 1757 3026 rexit
1770 2969 1822 3026 im·

276 3063 443 3137 perfeetum
453 3061 665 3120 convenienter
675 3065 962 3131 Homeroccotouem,
973 3059 1022 3117 vel
1076 3058 1157 3132 perii,
1178 3059 1270 3118 donec
1282 3059 1377 3117 freter
1389 3060 1428 3117 ed
1438 3061 1594 3134 regiminis
1607 3067 1739 3117 aetutem
1756 3079 1820 3135 per·

276 3158 509 3212 Homeroceutrc
518 3159 710 3222 vocaverunt,
723 3169 830 3209 nomen
845 3151 873 3208 ei
883 3150 1023 3207 videlicet
1075 3148 1200 3205 veniret.
1229 3149 1286 3204 Hic
1304 3148 1398 3222 igitur
1417 3167 1485 3206 cum
1501 3149 1672 3223 juventutis
1691 3145 1821 3206 aetutem

277 3245 466 3317 imponentes
488 3261 526 3301 ex
545 3243 661 3301 duobus
679 3251 819 3300 constens
844 3240 1022 3312 nominibus,
1076 3239 1305 3309 conscendisset,
1326 3239 1535 3297 convenienter
1551 3239 1615 3312 jsrn
1628 3239 1773 3296 ducturus
1791 3257 1821 3294 u·

279 3333 470 3409 etymologiis
483 3333 608 3390 solerter
620 3332 777 3406 inspectis;
791 3339 825 3388 ut
834 3333 1022 3388 homerocen·
1075 3345 1187 3396 xorem,
1199 3329 1292 3401 jussit
1305 3329 1362 3385 sibi
1375 3347 1428 3402 per
1440 3326 1591 3402 subjectus
1608 3335 1705 3384 terres
1718 3327 1821 3400 quseri

277 3433 378 3482 tonem
396 3424 446 3481 vel
465 3423 688 3479 homerocentrs
711 3439 767 3478 nos
793 3419 904 3477 nostris
922 3419 1022 3476 verbis
1076 3418 1127 3490 qui
1139 3418 1293 3492 regalibus
1306 3419 1446 3476 thelsmis
1465 3419 1641 3492 dignissime
1659 3419 1820 3476 videretur.

1149 1307 1370 1382 Impatiensque
1388 1324 1491 1366 moros
1508 1313 1592 1367 conto
1608 1312 1690 1382 petit,

1404 1399 1541 1469 increpat
1559 1414 1626 1466 ore;

165 3505 168 3510 ’
277 3514 487 3587 exprimentes,
505 3513 628 3568 Horueri
645 3513 761 3583 puncto
784 3527 854 3566 vere
873 3508 1022 3582 possimus
1112 3509 1185 3563 Erat
1198 3514 1298 3565 sutem
1310 3509 1438 3566 Athenis
1449 3509 1496 3566 vir
1514 3510 1710 3582 philosophus
1733 3513 1821 3566 bson-

278 3604 382 3660 diooro.
1076 3599 1138 3654 tius
1157 3599 1284 3668 nomine,
1303 3597 1353 3670 qui
1371 3609 1432 3656 tres
1452 3598 1529 3658 filios
1548 3599 1662 3671 hebuit,
1681 3606 1712 3656 et
1730 3618 1820 3656 unem

313 3693 378 3749 Non
392 3691 471 3748 enim
484 3689 519 3748 de
533 3690 685 3764 praedicto
698 3695 786 3763 poete
797 3694 895 3747 totum
914 3705 1022 3760 corpus
1075 3688 1216 3745 feminum
1235 3705 1312 3758 quse
1324 3687 1407 3759 prius
1424 3689 1572 3746 Athenois
1590 3693 1698 3746 vocuts
1716 3695 1770 3759 est,
1789 3695 1821 3745 et

278 3779 455 3849 essnmitur;
469 3776 522 3836 sed
532 3778 619 3851 qussi
632 3785 781 3850 punctum,
796 3779 875 3850 quod
886 3795 1023 3850 sssump·
1076 3797 1095 3834 s
1113 3785 1198 3850 putre
1211 3777 1431 3851 philosophicus
1448 3776 1622 3851 disciplinas
1640 3777 1822 3834 sufficienter

279 3875 310 3924 to
322 3867 442 3940 negotio
456 3867 606 3940 competit,
620 3868 656 3924 de
669 3867 742 3924 locis
762 3869 825 3924 suis
845 3867 1022 3939 excerpitur.
1076 3869 1238 3938 instructu,
1257 3885 1332 3940 quse
1352 3867 1487 3940 speciose
1505 3885 1622 3941 quoque
1648 3867 1707 3924 init
1732 3885 1821 3940 super

279 3957 324 4014 Ne
343 3957 420 4012 forte
438 3973 510 4013 vere
529 3955 565 4011 de
579 3956 713 4012 centonis
726 3957 774 4012 vel
793 3955 886 4012 centri
904 3955 1022 4012 nomine
1077 3975 1178 4012 omnes
1192 3955 1249 4012 sibi
1263 3961 1524 4027 contemporaneus
1537 3956 1686 4013 mulieres.
1700 3957 1822 4013 Moritu-

283 4046 451 4115 [sententie]
468 4045 632 4115 dubitetur,
646 4045 875 4119 interpretemur
892 4045 1025 4119 apertius
1076 4063 1129 4102 rus
1142 4051 1243 4100 sutem
1255 4043 1399 4101 Leontius
1418 4051 1502 4116 peter
1522 4045 1722 4101 substantium
1735 4063 1821 4102 susm

278 4135 349 4208 quid
367 4142 528 4208 utrumque
542 4134 696 4207 significet,
710 4137 760 4192 vel
774 4135 810 4192 de
824 4135 911 4209 cujus
930 4132 1022 4191 fontis
1075 4135 1247 4192 uuiversum
1267 4132 1379 4190 dimisit
1392 4134 1509 4191 duobus
1528 4134 1673 4192 muribus:
1693 4133 1821 4190 feminee

279 4225 394 4299 origine
414 4225 573 4282 derivetur.
1075 4245 1147 4286 vero
1165 4227 1245 4283 solos
1258 4225 1404 4282 ducentos
1417 4225 1500 4281 dedit
1512 4242 1627 4282 eureos.
1641 4225 1715 4282 Cum
1727 4225 1822 4296 igitur

315 4317 370 4372 Est
380 4315 474 4388 igitur
486 4317 583 4372 Kenio
596 4314 722 4388 (seuseu),
734 4313 764 4370 id
774 4319 928 4386 estpuupo
939 4331 1023 4384 gree·
1074 4317 1128 4373 ills
1141 4316 1226 4388 qussi
1235 4317 1318 4389 juste
1330 4321 1532 4386 quaereretur,
1547 4316 1626 4388 quod
1639 4322 1752 4388 quanto
1772 4315 1821 4372 de·

279 4424 348 4462 cum
366 4405 490 4462 verbnm
506 4405 729 4476 perissomeuou
742 4404 772 4460 id
786 4410 841 4476 est,
861 4403 1024 4461 circumfle·
1076 4407 1189 4465 bilioris
1209 4411 1290 4464 osset
1303 4423 1403 4479 sexus,
1417 4413 1501 4463 tento
1514 4407 1583 4480 plus
1595 4406 1789 4463 haereditetis
1802 4424 1821 4462 s

278 4513 351 4552 xum
365 4493 452 4567 cujus
477 4511 603 4568 persons
629 4494 758 4552 secunde
784 4497 915 4563 Kentcs;
934 4493 1023 4550 tertis
1075 4504 1159 4571 petre
1179 4495 1329 4569 suscipere
1348 4495 1509 4566 debuisset,
1524 4495 1567 4552 sic
1581 4513 1647 4552 sem
1658 4501 1744 4568 pstor
1756 4512 1821 4551 con·

278 4601 350 4642 vero
368 4586 483 4652 Keutc,·
498 4583 630 4656 plureles
642 4601 714 4640 vero
727 4583 830 4656 prims,
848 4581 979 4638 secunde
992 4586 1023 4636 et
1076 4588 1190 4644 solatus
1204 4591 1263 4643 est:
1283 4607 1299 4638 s
1310 4585 1395 4642 Duce
1408 4583 1462 4641 tibi
1476 4603 1550 4657 ques
1563 4585 1656 4643 habes
1669 4585 1820 4642 sufficiunt

279 4673 368 4730 tertis
386 4676 556 4741 Keretomeu,
577 4675 711 4743 Keutcts
729 4675 878 4730 Kentosiu.
897 4671 937 4727 lit
953 4671 1023 4727 hinc
1075 4675 1285 4744 haereditates,
1306 4673 1338 4731 id
1355 4677 1404 4730 est
1416 4675 1607 4746 pulchritudo
1626 4675 1681 4732 tibi
1700 4693 1752 4748 per
1769 4693 1821 4732 ne·

276 4779 384 4820 nomen
402 4763 523 4820 verbale
546 4764 657 4818 Keutro
676 4757 725 4818 vel
749 4749 890 4817 Kent'rcu.
909 4759 1022 4815 Oontus
1077 4771 1175 4822 turem
1189 4765 1634 4836 collota,perm0voromo1us
1648 4765 1755 4822 stodiis
1774 4782 1821 4821 μ.

278 4871 403 4928 quoque,
424 4851 522 4922 idest,
536 4853 631 4924 hesta,
651 4869 710 4924 quo
730 4851 910 4924 praeliantes
929 4848 1023 4906 nostri
1077 4855 1196 4926 pientia,
1215 4854 1296 4909 Hueo
1315 4853 1409 4926 igitur
1422 4852 1480 4909 dno
1493 4853 1569 4911 dous
1588 4873 1655 4911 cum
1674 4855 1819 4911 virtutum

279 4947 438 5002 Kentouriai
456 4943 487 5000 id
506 4951 565 5011 est,
584 4947 775 5016 puuprmtur,
796 4961 833 5000 ex
856 4943 912 5000 hoc
932 4943 1022 5000 verbo
1077 4941 1177 5000 studio
1196 4943 1278 4998 cultu
1296 4947 1326 4998 te
1343 4941 1521 4998 ditissimum
1534 4948 1566 4998 et
1584 4943 1821 5016 potentissimum

315 5172 339 5246 ¹)
350 5173 419 5234 Ant
431 5189 509 5232 nors
521 5170 665 5246 quaedum
678 5169 728 5228 hic
748 5174 828 5242 sunt,
840 5175 892 5228 eut
907 5171 1024 5228 fallitur
1110 5177 1134 5248 ³)
1152 5193 1181 5233 v.
1202 5177 1261 5231 116.
1280 5175 1393 5232 Putrol.
1413 5178 1464 5232 lot.
1483 5181 1504 5230 t.
1524 5189 1563 5231 nx
1583 5175 1637 5231 col.
1657 5174 1700 5231 39.

278 5264 407 5339 Moyses.
1111 5267 1134 5334 ⁴)
1154 5262 1278 5338 Aeneid,
1297 5281 1325 5334 v,
1344 5280 1372 5321 v.
1391 5265 1460 5335 2095
1479 5280 1519 5334 rx,
1539 5277 1568 5320 v.
1586 5265 1647 5320 520.

312 5357 335 5429 ²)
353 5354 470 5412 Nomen
489 5361 662 5430 corrupt-um
680 5359 712 5412 et
730 5351 907 5411 inauditum.
1111 5355 1135 5428 Β)
1155 5354 1225 5411 Cod.
1245 5357 1482 5413 Pulcherrimcm
1500 5353 1549 5412 hic
1568 5359 1599 5413 et
1617 5356 1706 5430 psulo
1725 5361 1801 5430 post.
