4006 6074
283 501 302 555 ε
538 487 673 562 Divisio
692 486 771 560 libri
789 511 812 558 x
832 485 933 578 Reip.
956 523 967 536 ·
990 485 1083 558 Pars
1095 484 1226 576 prima,
1248 486 1290 558 de
1307 483 1436 576 poetice
1453 475 1490 572 ἕ.
1509 494 1534 561 1,
1554 489 1581 543 2.

283 665 307 730 f.
324 666 385 731 112
401 663 512 751 [μ.ονες,
526 659 583 735 τάς
597 658 680 749 μετά
697 658 755 731 τὴν
772 658 890 749 γένεσιν
907 652 986 738 ζωάς
1003 657 1217 723 ὑποτάττουσι
1233 667 1299 734 τοῖς
1315 660 1499 747 κρείττοσιν·
1515 668 1619 722 ταῦτα
1636 656 1692 747 μέν
1708 659 1775 722 ἐστι
1790 655 1833 721 τά

284 770 441 860 κεφάλαια
457 759 548 834 τοῦδε
561 778 615 832 τοῦ
630 760 760 852 βιύλίου.
779 806 817 815 -
831 768 874 830 Τὸ
889 757 922 832 δὲ
935 759 986 830 οὖν
999 777 1121 856 πρῶτον
1134 765 1241 852 πάλιν]
1257 771 1299 843 εἰς
1312 767 1452 856 τέτταρα
1468 759 1635 856 [διῄρηται.
1653 807 1689 816 -
1707 774 1832 857 Πρῶτον

284 879 339 968 μὲν
363 877 423 970 γάρ
449 879 556 962 αὐτοῦ]
583 875 672 964 μέρος
696 875 774 951 ἐστὶ,
799 875 837 938 τό
861 866 998 937 δεικνύον
1026 873 1070 959 [τί
1086 865 1206 946 δήποτε
1223 874 1290 939 ἐστὶ
1307 877 1462 964 μίμημα]
1480 876 1533 939 καὶ
1549 877 1595 950 τίς
1616 880 1635 948 ἡ
1663 875 1833 964 μιμητική·

283 986 338 1052 καί
361 997 456 1050 τοῦτο
481 976 514 1050 δέ
540 983 718 1075 [ἐργάσεται
741 974 930 1070 διε]λόμενος
945 978 979 1065 ¹),
1005 987 1044 1056 ὡς
1069 981 1147 1046 ἄλλο
1172 981 1227 1070 μέν
1245 985 1312 1046 ἐστι
1327 983 1365 1046 τό
1382 981 1518 1046 καθόλου
1538 981 1603 1065 [καί
1626 984 1668 1066 ἐν]
1696 990 1833 1070 φυσικοῖς

242 1117 256 1160 ⁵
284 1095 338 1159 καὶ
360 1096 391 1160 έν
415 1103 592 1182 τεχνητοῖς·
616 1091 695 1156 ἀλλο
724 1083 769 1176 [δὲ
791 1092 829 1155 τὸ
854 1091 1003 1180 μερικδν]
1027 1088 1043 1154 6
1067 1081 1105 1162 δὴ
1131 1089 1245 1154 τούτου
1271 1091 1399 1180 μετέχει
1414 1091 1543 1181 πρώτως
1558 1091 1597 1176 ²)·
1622 1088 1701 1154 ἄλλο
1727 1080 1772 1175 [δὲ
1795 1089 1833 1152 τύ

284 1203 410 1288 τούτου]
436 1193 564 1269 εἴδωλον
589 1211 715 1291 μερικοῦ
741 1201 877 1289 μερικόν,
902 1197 964 1264 οἷον
991 1201 1032 1286 [ἐν
1058 1198 1112 1287 μὲν
1130 1202 1279 1288 φυσικοῖς]
1298 1199 1335 1264 τδ
1360 1210 1416 1264 τοῦ
1441 1198 1602 1290 ἀνθρώπου
1626 1188 1717 1282 εἶδος,
1740 1198 1794 1261 καί
1817 1201 1833 1261 6

283 1312 330 1386 τίς
358 1308 553 1400 [ἄνθρωπος]
577 1308 631 1373 καί
653 1313 672 1381 η
698 1306 787 1373 εἰκὼν
811 1317 866 1371 τοῦ
890 1307 974 1383 τινὸς
998 1306 1169 1398 ἀνθρώπου·
1198 1310 1240 1393 [ἐν
1258 1298 1290 1372 δέ
1306 1317 1370 1383 τοῖς
1395 1311 1585 1396 τεχνη]τοῖς,
1610 1309 1648 1371 τό
1672 1298 1750 1382 εἶδος
1773 1315 1832 1382 τῆς

282 1417 402 1493 κλίνης,
428 1415 482 1481 καί
505 1421 525 1490 ἡ
551 1417 598 1492 τίς
625 1417 740 1502 [κλίνη,
764 1414 828 1501 καί]
855 1416 893 1480 τδ
917 1415 1014 1491 ἐοικός
1039 1426 1079 1501 τῇ
1104 1418 1208 1503 κλίνῃ·
1232 1417 1286 1480 καί
1309 1421 1340 1481 ἐν
1365 1414 1420 1505 μέν
1444 1427 1509 1493 τοῖς
1537 1417 1727 1506 [τεχνητοῑς]
1752 1425 1831 1504 τρεῖς

282 1523 414 1598 ποιηταί
436 1527 563 1601 κλίνης·
587 1519 748 1615 ζωγράφος
780 1533 836 1589 τοῦ
866 1525 1070 1614 μιμήματος,
1093 1526 1269 1601 κλινοποιός
1300 1535 1357 1601 τῆς
1389 1525 1471 1600 τινος
1499 1527 1625 1601 κλίνης,
1649 1523 1715 1600 θεὸς
1750 1526 1827 1610 [τοῦ]

231 1653 257 1691 1⁰
283 1624 381 1710 εἴδους
406 1644 463 1711 τῆς
487 1635 605 1710 κλίνης·
630 1644 685 1698 τοῦ
709 1632 770 1724 γάρ
795 1632 843 1698 ἀεί
866 1631 964 1716 ὄντος,
990 1643 1113 1697 τοιοῦτο
1138 1624 1171 1698 δὲ
1193 1633 1231 1698 τὸ
1252 1624 1331 1708 εἶδος
1344 1631 1371 1719 ³)
1391 1635 1487 1709 αἴτιος
1512 1631 1588 1708 θεός·
1612 1644 1670 1709 τῆς
1695 1624 1728 1699 δὲ
1751 1634 1833 1709 τινὀς

284 1745 392 1820 κλίνης
416 1747 432 1807 6
457 1735 645 1834 δημιουργὸς
669 1745 767 1819 αὐτῆς
783 1740 867 1807 κατά
883 1743 921 1807 τό
938 1731 1026 1816 είδος·
1042 1751 1097 1806 τοῦ
1122 1731 1156 1805 δέ
1173 1741 1367 1830 μιμήματος,
1385 1745 1400 1804 ό
1418 1732 1623 1818 εἰδωλοποιός.
1642 1747 1693 1805 Ἐν
1712 1733 1745 1806 δὲ
1767 1753 1831 1818 τοῖς
1911 1761 1914 1766 “

284 1861 433 1940 φυσικοῖς,
458 1860 512 1914 τοῦ
538 1849 593 1939 μέν
618 1841 715 1926 είδους
740 1851 838 1926 α’ίτιος
863 1848 939 1926 θεός·
963 1858 1018 1913 τοῦ
1043 1839 1077 1914 δὲ
1092 1848 1185 1927 τινός,
1203 1849 1333 1938 τυχδνὸ
1356 1851 1471 1938 πατέρ·
1487 1859 1542 1914 τοῦ
1566 1839 1600 1914 δὲ
1622 1847 1829 1938 ὁμοιώματος,

284 1957 378 2023 πάλιν
395 1962 410 2021 6
427 1951 596 2050 ζωγράφος.
615 1955 675 2021 Καί
700 1949 809 2022 διελὼν
834 1949 972 2046 ὁρίζεται
990 1957 1120 2046 μίμημα
1136 1951 1213 2021 εἷναι
1230 1957 1266 2021 τό
1284 1967 1339 2021 τοῦ
1356 1956 1438 2032 τινδς
1455 1947 1593 2039 εἴδωλον,
1610 1958 1627 2020 6
1643 1961 1710 2023 ἐστι
1726 1957 1831 2046 τρίτον

284 2067 345 2130 ἀπὸ
369 2075 424 2130 τοῦ
448 2057 546 2140 είδους
570 2075 628 2139 τῆς
652 2065 770 2139 κλίνης·
794 2059 832 2139 ἦν
858 2053 891 2128 δέ
915 2068 954 2139 ὡς
980 2062 1104 2139 ἀληθῶς
1127 2063 1235 2140 κλίνης
1259 2064 1296 2130 τό
1313 2055 1402 2148 εἶδος,
1421 2067 1493 2127 ἀλλ’
1519 2065 1590 2128 σύτε
1614 2069 1633 2136 η
1659 2065 1705 2139 τίς
1730 2065 1832 2136 κλίνη·

230 2186 257 2232 ¹5
285 2171 369 2263 μετά
391 2171 451 2263 γάρ
475 2195 567 2236 τινων
592 2170 672 2244 αὑτὴ
699 2161 851 2261 διαφορῶν
876 2172 1003 2262 γέγονέν
1028 2198 1075 2248 τις
1098 2174 1201 2256 κλίνη,
1226 2173 1305 2238 ἀλλο
1325 2199 1357 2238 τι
1381 2167 1458 2236 ούσα
1480 2171 1566 2263 παρά
1588 2173 1625 2237 τό
1650 2164 1738 2249 εἶδος·
1762 2175 1832 2238 ούτε

282 2286 391 2366 πολλῷ
416 2281 510 2346 πλέον
534 2279 572 2345 τό
590 2271 718 2345 είδωλον
736 2267 844 2357 αὐτῆς,
861 2280 930 2344 ὥστ’
953 2274 1108 2353 εἶναιτὴν
1126 2279 1303 2370 μιμητικὴν
1322 2291 1375 2344 τοῦ
1393 2281 1454 2346 ἀπὸ
1471 2289 1530 2356 τῆς
1555 2278 1701 2356 ἀληθείας
1725 2283 1832 2370 τρίτου

285 2381 485 2480 δημιουργόν·
509 2379 580 2456 οὐδὲ
602 2387 663 2478 γάρ
678 2393 698 2462 κ]
716 2389 763 2463 τίς
780 2388 870 2459 κλίνη
882 2386 908 2470 ⁴)
927 2388 1058 2477 μίμημα
1074 2398 1129 2453 τοῦ
1147 2381 1255 2465 εἴδους,
1273 2386 1343 2452 ἀλλ’
1361 2379 1501 2477 ὑποδοχή
1528 2413 1585 2464 τις·
1610 2382 1634 2471 ῲ
1659 2387 1712 2452 καί
1736 2379 1831 2460 δῆλον

284 2499 333 2562 ὅτι
357 2499 391 2562 οὐ
415 2495 529 2570 νοητόν
552 2487 708 2585 λαμύάνει
732 2485 888 2571 τδέἷδος·
911 2500 951 2570 ἡν
974 2494 1034 2586 γάρ
1059 2494 1096 2560 ἀν
1120 2507 1175 2561 τοῦ
1203 2506 1317 2569 νοητοῦ
1341 2495 1379 2560 τὸ
1404 2494 1554 2569 αἰσθητόν
1580 2497 1727 2586 μίμημα,
1751 2500 1790 2572 ὡς
1815 2500 1831 2558 6

285 2601 438 2695 Τίμαι-θ)

229 2847 257 2890 ευ
284 2819 307 2886 ί.
327 2821 390 2887 112
406 2843 436 2886 ν.
456 2819 498 2904 [ος
514 2811 608 2903 εἶπεν,
625 2820 696 2882 ἀλλ’
713 2819 745 2882 ἐν
762 2819 867 2895 αὐτοῖς
883 2818 916 2883 ὃν
934 2829 998 2894 τοῖς
1022 2816 1114 2896 τισίν,
1138 2817 1158 2883 ἀ
1182 2809 1219 2890 δὴ
1246 2817 1436 2907 μετέχονται
1452 2827 1507 2881 τοῦ
1531 2807 1639 2894 εἴδους,
1658 2820 1713 2882 ούκ
1728 2818 1786 2908 ἄρα
1810 2824 1829 2892 ἡ

284 2925 428 2991 τούτου...
439 2922 464 3014 ⁶)
483 2936 596 2998 νοητοῦ
614 2925 752 3014 μετέχει·
770 2925 926 3016 μιμητικὴ
946 2917 974 2991 δ’
991 2920 1042 2991 οὖν
1060 2929 1178 2999 ἐστινη
1199 2917 1386 3016 δημιουργὸς
1410 2915 1547 2989 εἰδώλων
1573 2924 1749 3016 ἀπάγουσα]
1775 2937 1833 3004 τῆς

284 3035 361 3110 ὅλης
385 3031 561 3118 ἀλη]θείας·
581 3033 619 3097 τό
643 3033 703 3124 γάρ
728 3024 819 3121 εἶδος]
839 3033 962 3111 ἀληθῶς
978 3033 1024 3117 ἀν,
1042 3040 1095 3098 καί
1111 3035 1144 3100 ὄν
1161 3039 1229 3100 ἑστι
1246 3034 1349 3122 μόνον,
1370 3027 1451 3117 [σόη
1474 3035 1564 3105 κλίνη
1592 3031 1727 3123 βάθρον]
1754 3034 1833 3100 ἀλλο

285 3133 319 3207 δέ
335 3131 433 3222 οὐδὲν,
452 3139 502 3230 ἀφ’
520 3134 554 3205 ού
570 3144 675 3230 τρίτον
697 3141 793 3226 [ἐστὶν
809 3143 846 3206 τδ
864 3143 1005 3232 μίμημα]
1025 3153 1083 3218 τῆς
1099 3143 1266 3225 κλίνης,ού
1284 3141 1417 3230 μετέχον
1435 3152 1490 3205 τοῦ
1506 3131 1604 3217 εἴδους
1626 3145 1694 3220 ἴτης
1711 3143 1830 3230 κλίνης]

285 3247 355 3313 ἀλλ’
381 3247 578 3336 ὡμοιωμένον
603 3249 676 3338 πρὸς
694 3250 732 3314 τό
749 3248 892 3339 μετέχον.
911 3289 953 3300 -
974 3249 1134 3340 [Δεύτερον
1151 3241 1185 3314 δέ
1202 3247 1294 3340 μετά]
1315 3257 1410 3314 τοῦτο
1427 3248 1515 3340 μέρος
1538 3247 1606 3314 ἐστὶ
1629 3259 1685 3314 τοῦ
1708 3248 1833 3339 πρώτου

231 3383 259 3425 οι
288 3355 482 3446 [κεφαλαίου,
499 3346 646 3442 δεικνύον]
663 3361 702 3433 ὡς
716 3356 776 3447 ἀρα
792 3367 878 3422 πᾶσα
893 3357 1043 3432 ποιητικὴ
1066 3358 1233 3448 [μιμητική
1249 3361 1308 3444 τις]
1324 3357 1418 3434 ἐστίν,
1436 3359 1490 3422 καί
1506 3349 1638 3422 δεικνύει
1649 3359 1703 3423 τὸν
1721 3337 1834 3448 τρόπον

288 3469 423 3551 [τοῦτοη
449 3465 498 3528 ὅτι
522 3462 588 3554 μέν]
617 3476 760 3554 μιμεῖται
776 3475 836 3542 πᾶς
854 3466 988 3542 ποιητὴς
1005 3467 1118 3556 λόγους
1135 3466 1200 3552 [καί
1216 3466 1303 3557 ἔργα]
1325 3467 1398 3550 βίων
1420 3463 1628 3553 ἀνθρωπίνων,
1653 3455 1758 3537 δῆλον·
1780 3466 1835 3530 καί

285 3573 334 3638 ὅτι
360 3572 531 3658 [παντοῖοι]
548 3571 603 3636 καί
622 3583 717 3637 τοῦτο
741 3564 846 3647 δῆλον·
871 3569 933 3637 οἷον
958 3573 1167 3664 στρατήγους,
1190 3571 1393 3661 [νομοθέτας]
1411 3572 1554 3663 ῥήτορας,
1577 3571 1737 3652 τέκτονας,
1762 3596 1835 3636 ναυ·

284 3679 416 3771 πηγούς·
440 3681 561 3766 ού[κοῦν
585 3679 618 3766 ἢ]
644 3670 725 3745 οἶδεν
750 3685 765 3744 6
789 3680 924 3758 ποιητὴς
941 3682 995 3745 καί
1011 3679 1093 3744 αύτά
1110 3684 1211 3746 ἐκεῖνα
1229 3681 1286 3744 ὅσα
1304 3678 1370 3766 [καί
1394 3675 1454 3764 σία]
1482 3687 1634 3768 μιμεῖται·
1652 3673 1713 3742 οἷον
1738 3701 1834 3766 στρα-

285 3796 413 3876 τηγεῖν,
438 3785 629 3876 ῥητορεύειν,
654 3785 851 3877 νομοθετεῖν,
876 3799 1066 3880 ναυπηγεῖν,
1091 3785 1110 3860 ἢ
1137 3785 1218 3851 αύτά
1242 3785 1296 3875 μὲν
1321 3791 1377 3850 οἰκ
1400 3775 1481 3850 οἶδε·
1505 3783 1667 3874 μιμεῖσθαι
1691 3777 1724 3848 δέ
1749 3783 1831 3848 αύτά

232 3916 260 3963 ιο
288 3891 380 3980 μόνον
404 3885 496 3973 οἶδεν,
521 3883 572 3956 διά
597 3883 635 3956 δαί
662 3918 753 3958 τινων
773 3893 981 3984 όμοιωμάτων
1006 3893 1205 3983 φαινομένων·
1230 3897 1301 3958 ἀλλ’
1327 3884 1413 3968 εἰδὼς
1432 3892 1497 3983 μὲν,
1520 3897 1575 3959 οὐκ
1599 3892 1635 3956 ἀν
1659 3918 1706 3968 τις
1730 3895 1833 3957 έλοιτο

275 3998 389 4092 μένειν
413 3998 464 4063 έπί
488 4008 552 4074 τοῖς
578 4009 639 4063 τῶν
663 4001 811 4090 χειρόνων
836 4003 945 4094 ἔργοις,
968 4002 1080 4066 ἑαυτὸν
1105 4004 1284 4089 ἀποστερῶν
1307 4009 1370 4063 τῶν
1395 3994 1554 4086 μειζόνων,
1571 4005 1598 4064 εί
1623 3997 1665 4090 μὴ
1691 3990 1833 4074 παιδείας

287 4105 376 4170 ἕνεκα
399 4099 652 4197 μεταχειρίζοιτο
676 4107 718 4173 τά
741 4100 854 4174 είδωλα
872 4107 898 4196 ⁷)
922 4111 979 4200 πρὸ
1008 4120 1071 4174 τῶν
1096 4108 1268 4181 ἀληθινῶν·
1293 4099 1390 4182 ούδείς
1415 4106 1474 4197 γάρ
1498 4108 1534 4172 ἀν
1560 4099 1760 4173 σπουδάσειεν
1784 4107 1835 4172 ἐπὶ

287 4224 352 4290 τοῖς
368 4216 504 4305 χείροσιν
522 4215 593 4280 ἀντὶ
608 4225 671 4281 τῶν
689 4217 867 4306 ἀμεινόνων,
886 4219 1048 4308 ἀμφότερα
1065 4208 1242 4306 δυνάμενος·
1258 4217 1402 4280 λείπεται
1419 4209 1470 4279 οὖν
1487 4217 1597 4306 ἀγνοίᾳ
1621 4226 1683 4280 τῶν
1708 4212 1834 4288 ἀληθῶν

288 4314 474 4428 σπουδάζειν
500 4323 594 4389 αὐτόν
618 4327 649 4389 έν
666 4335 731 4401 τοῖς
748 4326 936 4414 μιμήμασιν.
955 4331 991 4390 Εἰ
1007 4319 1058 4390 οὖν
1074 4335 1134 4401 πᾶς
1150 4323 1286 4401 ποιητὴς
1303 4317 1422 4409 σπουδῇ
1440 4322 1481 4388 τά
1499 4323 1672 4414 μιμήματα
1689 4323 1835 4413 μέτεισιν,

327 4591 350 4667 ¹)
368 4591 419 4649 fol.
437 4591 474 4648 43
492 4591 530 4648 Η.
550 4593 644 4665 Saepe
662 4609 718 4650 om.
737 4613 749 4644 ν
769 4595 952 4665 imeneorum.
1091 4591 1137 4648 elo
1156 4588 1292 4663 adducis,
1312 4589 1409 4662 quoad
1427 4589 1475 4647 fes
1493 4589 1558 4661 erit,
1577 4589 1608 4646 in
1620 4604 1743 4646 censum
1755 4605 1836 4646 revo-

325 4683 348 4758 ῖ)
367 4683 472 4754 πρώτως
484 4682 522 4738 Η.
536 4681 605 4739 Cod.
619 4686 726 4754 πρῶτος,
740 4683 791 4741 vix
808 4700 867 4740 non
885 4688 1038 4740 correctus
1091 4680 1246 4737 orbentur.

291 4771 389 4846 prime
407 4790 506 4830 meum
1126 4768 1148 4842 θ)
1166 4768 1234 4824 Huc
1247 4784 1344 4842 usque
1356 4767 1541 4840 Holstenius,
1554 4783 1634 4822 nune
1647 4765 1737 4823 rubro
1754 4783 1834 4824 nune

325 4864 348 4938 3)
365 4862 418 4918 Bis
438 4862 501 4918 eod.
514 4862 607 4918 hebet
624 4866 639 4920 ἢ
661 4864 705 4924 τίς.
723 4862 803 4920 Oorr.
816 4863 874 4921 He
894 4885 931 4926 τις
949 4881 1038 4938 quem
1090 4864 1168 4916 tetro
1187 4857 1397 4932 liquoreum,
1411 4857 1533 4915 videtur
1544 4855 1683 4912 alaeriter
1700 4859 1731 4912 σε
1748 4855 1835 4928 plene

289 4968 380 5023 aegre
398 4969 458 5007 non
470 4949 630 5023 sequimur,
653 4950 747 5007 codici
758 4952 807 5009 vel
821 4952 852 5007 in
865 4953 1037 5010 ementibus
1091 4946 1221 5004 codicem
1233 4945 1352 5020 legisse,
1366 4943 1545 5018 depinxisse,
1559 4944 1705 5000 hausisse.
1718 4942 1777 4999 Hie
1790 4959 1838 4999 su-

290 5041 451 5098 edheerere
477 5039 641 5114 cupientes.
667 5040 826 5098 Caeterum
844 5043 874 5098 Η
896 5060 956 5100 non
980 5041 1039 5100 sibi
1090 5037 1152 5094 bito
1165 5038 1276 5109 haeret,
1290 5038 1414 5094 lacunas
1427 5035 1532 5110 aperit,
1546 5035 1737 5108 postmodum
1749 5033 1836 5090 anxie

290 5146 407 5202 semper
426 5135 552 5187 constet.
1089 5127 1266 5200 recognitas,
1281 5131 1311 5184 et
1325 5125 1465 5184 secundis
1483 5125 1563 5182 euris
1582 5125 1650 5198 plus
1667 5124 1766 5181 minus
1784 5124 1837 5181 im-

324 5221 349 5291 ⁴)
369 5224 418 5281 Τίς
438 5223 522 5282 κλίνης
541 5219 648 5277 inserit
665 5219 695 5275 Η
714 5225 745 5276 σί
763 5219 857 5276 eodiei
874 5219 966 5276 addit.
1091 5217 1198 5289 pletas.

325 5305 349 5379 ⁵)
368 5307 416 5364 Ad
431 5308 543 5365 calcem
555 5309 700 5382 parellele
711 5315 849 5367 veterum
861 5309 927 5366 λοσε
940 5327 958 5363 ιε
970 5309 1039 5363 Pro·
1126 5307 1149 5379 ⁷)
1168 5305 1219 5361 fol.
1239 5308 1274 5360 44
1293 5306 1331 5362 Η.
