4008 6068
252 349 290 408 so
868 342 1017 418 Sanctus
1036 345 1188 436 erotus

253 519 287 584 τί
303 516 436 582 κωλύσει
452 517 506 582 καὶ
521 517 624 608 ἕτερόν
638 541 670 582 τι
683 525 745 580 τῶν
761 520 896 610 λογικῶν
914 541 1001 582 κτισ-
1055 521 1235 603 conceditis,
1260 526 1294 588 et
1319 523 1366 590 ita
1392 544 1484 608 posse
1506 545 1540 590 se
1563 525 1690 607 habere,
1722 527 1799 611 quid

257 625 365 717 ράτων
389 635 431 711 τῇ
449 623 581 709 τοιαύτῃ
599 623 778 715 χρήσασθαι
794 635 878 714 ρωνῄ
890 651 897 704 ;
916 631 943 690 εἰ
967 617 1000 692 δὲ
1055 629 1217 713 impediet,
1240 631 1318 716 quin
1341 630 1404 699 elis
1426 632 1580 717 quaedum
1600 633 1799 702 rationabilis

256 726 376 810 οὐδενὸς
400 735 506 823 ἑτέρου
530 733 655 823 φέρεταί
677 758 709 798 τι
729 745 882 816 τοιοῦτον,
907 735 1000 823 μόνον
1055 742 1202 805 creature
1224 740 1334 805 eedem
1356 740 1573 825 appellatione
1599 746 1720 809 utatur.
1736 742 1801 810 Ve-

256 833 290 908 θὲ
314 846 398 909 ἐστιν
430 848 501 909 nou
525 844 563 908 τὸ
588 847 691 935 ρήμα,
717 834 813 918 δῆλόν
842 847 926 909 ἑστιν
951 845 1001 908 ὅτι
1056 869 1126 912 rum
1151 847 1178 912 si
1201 848 1277 933 quid
1300 849 1402 914 simile
1420 847 1500 914 nulli
1517 849 1611 915 alteri
1636 852 1800 936 competit,

255 975 313 1043 περ
330 955 388 1042 οὐχ
404 953 458 1018 ἕνα
474 961 537 1016 τῶν
553 951 680 1018 πάντων
692 953 804 1018 ἑαυτὸν
818 944 914 1030 ελθὼς,
928 951 1002 1018 ἀλλ’
1056 955 1112 1021 sed
1146 955 1243 1021 solius
1278 956 1352 1021 Filii
1385 978 1489 1023 sermo
1523 958 1575 1039 sit,
1610 957 1718 1043 palem
1752 963 1801 1026 est

257 1061 334 1127 αὐτὸ
358 1070 416 1138 τῆς
440 1070 495 1126 τοῦ
520 1061 641 1152 Πατρθς
665 1063 768 1137 οὐσίας
787 1063 824 1128 ι”ο
847 1051 924 1126 Ιίθιον
948 1062 1002 1126 καὶ
1056 1063 1142 1148 quod
1164 1063 1231 1148 ipse
1254 1085 1318 1129 non
1341 1085 1375 1130 se
1397 1065 1575 1131 considerat
1602 1089 1702 1132 unum
1733 1089 1800 1134 esse

256 1178 301 1252 τῷ
317 1168 504 1259 γεννήσαντι
521 1161 747 1259 συγκατέταξε,
765 1167 818 1234 καὶ
838 1168 891 1233 σὺν
916 1172 1002 1250 αὐτῷ
1058 1191 1097 1236 ex
1120 1171 1285 1252 creaturis,
1309 1171 1365 1236 sed
1388 1171 1449 1237 sibi
1471 1171 1611 1239 vindieat
1626 1174 1712 1257 quod
1726 1195 1802 1258 pro·

257 1278 438 1368 νοοθμενος,
462 1278 514 1342 καθ
537 1281 613 1365 ημῖν
639 1267 774 1342 δέδωκεν
805 1267 928 1354 εἰδέναι,
953 1280 1003 1342 ὅτι
1057 1276 1165 1364 prium
1187 1282 1236 1343 est
1258 1278 1455 1344 substantiae
1470 1277 1576 1344 Petris
1591 1284 1624 1345 et
1636 1280 1801 1364 genitoris,

256 1409 313 1476 περ
338 1388 384 1460 εἴη
411 1385 532 1476 Πατρθς
557 1383 705 1458 ἀληθινοῦ
729 1385 871 1477 γέννημα
894 1384 1004 1459 ἀληθι-
1058 1409 1096 1454 eo
1118 1385 1213 1452 simul
1236 1407 1308 1452 eum
1330 1385 1388 1452 illo
1414 1385 1608 1469 intellectus,
1639 1387 1736 1453 talem
1767 1409 1802 1454 se

257 1494 318 1559 νόν·
342 1495 391 1560 ὅτι
414 1493 474 1585 γάρ
499 1492 645 1570 ἀληθινός
670 1498 754 1559 ἐστιν
779 1495 892 1574 ὀλλὺς,
909 1495 1003 1560 ἄκουε
1058 1493 1150 1558 nobis
1172 1493 1259 1558 dedit
1276 1493 1426 1579 intelligi,
1442 1493 1563 1560 seilicet
1578 1493 1663 1579 quod
1677 1499 1726 1560 est
1741 1493 1803 1560 Pa-

257 1603 405 1694 λέγοντος
429 1600 583 1666 Ἰωάννου·
600 1601 662 1665 Kal
685 1599 777 1688 ἐσμὲν
799 1605 830 1666 ἐν
855 1611 900 1686 τῷ
924 1606 1004 1674 ἀλη-
1059 1602 1119 1668 tris
1142 1602 1207 1668 veri
1229 1603 1485 1688 erigentium,
1519 1603 1595 1688 quie
1627 1625 1721 1668 verus
1754 1605 1804 1668 est

259 1711 331 1796 θινῷ
355 1717 416 1798 tie
440 1713 535 1777 αὑτοῦ
560 1715 662 1785 Ἰησοῦ
686 1716 817 1800 Χριστοῦ
834 1710 869 1794 ¹).
1060 1708 1171 1775 Filius.
1195 1708 1281 1776 Audi
1303 1709 1461 1776 Joonnem
1477 1710 1632 1778 aientem:
1659 1709 1729 1776 ‘Et
1750 1733 1804 1776 su·

1061 1840 1132 1884 mus
1154 1818 1187 1883 in
1210 1839 1287 1885 vero
1310 1817 1393 1884 Filio
1416 1819 1484 1904 ejus
1506 1818 1584 1885 Jesu
1607 1817 1734 1885 Christo
1750 1869 1780 1902 ς.
1883 1812 1888 1831 “

303 2142 479 2233 Κεφάλαιον
499 2152 568 2210 ΑΒ.
585 2143 734 2234 Ἐκλογαὶ
752 2147 854 2234 ῥητῶν
872 2141 954 2233 μετά
971 2148 1189 2233 συλλογισμῶν
1207 2147 1242 2208 ἐκ
1257 2152 1316 2218 τῆς
1332 2153 1441 2220 καινῆς
1464 2133 1628 2221 διαθήκης,
1652 2143 1702 2208 ὅτι
1725 2141 1803 2216 Θεὸς

259 2251 344 2318 κατά
368 2252 455 2342 φύσιν
479 2257 495 2316 θ
521 2253 600 2337 Υἱὸς,
625 2257 652 2318 εἰ
675 2244 709 2318 δὲ
731 2263 837 2327 τοῦτο,
861 2254 896 2318 οὐ
919 2253 1052 2342 ποίημα,
1077 2243 1148 2317 οὐδὲ
1171 2254 1309 2342 κτίσμα..

304 2362 418 2448 Caput.
443 2363 578 2429 XXXII.
609 2363 711 2431 Verba
733 2363 861 2430 collecto
883 2383 953 2429 oum
977 2362 1174 2447 syttoqismis
1196 2383 1235 2429 οε
1257 2383 1337 2430 nouo
1357 2363 1567 2443 Τοοθοοιεαῦο,
1589 2363 1672 2446 quod
1693 2361 1806 2429 Filius

259 2473 304 2542 sit
325 2494 369 2561 exi
387 2478 508 2541 αοθατσ
530 2471 641 2556 Deum
663 2477 693 2538 et
716 2473 747 2539 st
767 2470 870 2553 Deis,
894 2491 968 2556 erqo
989 2491 1088 2556 neque
1110 2491 1189 2554 opus
1209 2472 1332 2555 fautum
1353 2469 1403 2538 vet
1424 2477 1575 2538 creatum.

871 2789 987 2856 ’Άλλο
1017 2827 1056 2838 -
1080 2790 1194 2859 Aliud.

301 3008 376 3077 Ὀτι
392 3013 426 3075 ἐκ
438 3019 493 3074 τοῦ
506 3005 533 3091 ²)
549 3008 763 3098 πληρώματος
781 3011 875 3073 αὐτοῦ
891 3006 1006 3083 πάντες
1108 3012 1124 3044 “
1143 3011 1234 3089 Quod
1256 3032 1295 3077 ex
1318 3010 1386 3095 ejus
1408 3008 1606 3095 plenitudine
1621 3031 1730 3076 omnes
1746 3031 1805 3076 nos

260 3125 350 3210 ἡμεῖς
374 3109 528 3206 ἐλάθομεν
541 3114 568 3203 ⁸)
592 3121 619 3182 εἰ
647 3116 727 3206 μόνῃ
752 3117 790 3182 τὸ
822 3116 1005 3182 παντέλειον
1060 3119 1239 3205 accepimus
1257 3169 1283 3198 „.
1308 3117 1442 3202 siquod
1465 3117 1733 3203 perfectissimum
1755 3120 1805 3183 est

261 3239 302 3314 τῇ
322 3227 389 3312 θείᾳ
405 3227 582 3317 τετήρηται
601 3225 696 3316 φύσει,
714 3224 770 3290 ἅτε
795 3216 833 3296 δή
860 3225 913 3288 καὶ
938 3215 1007 3289 deo·
1061 3227 1121 3294 soli
1151 3225 1276 3292 divinus
1298 3229 1432 3292 naturae
1455 3228 1653 3291 reservatum
1675 3230 1733 3307 est,
1758 3225 1805 3290 ite

262 3337 339 3428 μένῃ
363 3345 426 3400 τῶν
441 3334 512 3424 παρ’
532 3334 637 3424 ἑτέρου
655 3325 799 3424 μηθενὸς,
816 3337 955 3424 πληροῦν
973 3324 1006 3398 δὲ
1061 3338 1098 3398 ut
1124 3331 1215 3398 nullo
1237 3331 1302 3399 elie
1330 3355 1366 3398 re
1398 3333 1439 3399 ob
1470 3332 1538 3399 ullo
1560 3331 1624 3399 ulio
1650 3333 1804 3419 indigeat,

263 3449 384 3534 μᾶλλον
408 3445 522 3534 ἔχουσῃ
549 3466 586 3509 τε
616 3441 670 3506 καὶ
694 3440 855 3530 ἰσχυοθσῃ,
881 3440 923 3506 τά
947 3441 1006 3505 ὅσα
1060 3443 1159 3509 immo
1174 3441 1306 3527 plenum
1328 3442 1446 3509 hebeat
1461 3443 1546 3527 quod
1568 3442 1667 3508 habet
1683 3445 1716 3508 et
1732 3463 1804 3509 oon·

262 3577 319 3644 περ
342 3551 379 3619 ἂν
403 3556 502 3628 αὐτῆς
524 3549 659 3642 ὑπάρχοι
682 3541 829 3616 δεκτικά·
853 3560 948 3615 τοῦτο
973 3539 1007 3614 δέ
1061 3552 1169 3618 firmet
1190 3550 1307 3618 fortius
1334 3573 1552 3638 quaecumque
1574 3550 1608 3618 in
1630 3552 1700 3637 ipsa
1723 3551 1805 3618 exis·

263 3663 348 3727 ἐστιν
372 3664 403 3726 ἐν
420 3665 552 3750 Χριστῷ,
569 3668 633 3735 πῶς
649 3657 686 3724 άν
704 3659 749 3732 εἴη
769 3668 827 3734 τῆς
851 3656 933 3734 θείας
958 3659 1008 3720 οὐ·
1061 3663 1130 3725 tere
1152 3658 1312 3744 congruit,
1336 3679 1435 3744 oeque
1461 3659 1503 3724 sit
1525 3658 1560 3724 in
1583 3657 1711 3724 Christo
1733 3657 1806 3743 ple·

264 3769 331 3843 σίας
355 3768 531 3858 άλλθτριος,
555 3765 629 3832 ὁτά
644 3767 764 3842 ἐκείνης
788 3768 930 3855 ἐνεργῶν,
953 3763 1007 3828 καὶ
1062 3765 1191 3848 nitudo‚
1215 3766 1375 3850 quomodo
1397 3765 1459 3832 erit
1484 3788 1504 3832 s
1534 3765 1641 3831 divino
1668 3766 1805 3833 essentia

263 3885 358 3942 τοῦτο
373 3879 524 3966 ὑπάρχον,
536 3877 611 3964 ὅπερ
625 3875 660 3940 ἂν
678 3876 797 3948 ἐκείνην
814 3870 1006 3963 ὁρισαίριεθα,
1062 3873 1193 3956 alienus,
1210 3897 1309 3960 quum
1323 3873 1410 3942 illius
1425 3896 1522 3960 opere
1537 3879 1697 3960 operetur,
1710 3874 1804 3960 idque

264 3985 349 4050 κατά
372 4009 408 4077 γε
431 3987 487 4051 τὸν
511 3995 569 4062 τῆς
590 3986 791 4061 τελειότητος
806 3984 919 4076 λόγον;
942 3992 1007 4058 σῦς
1063 3981 1201 4066 idipsum
1223 3981 1266 4047 sit
1280 3979 1409 4066 qualem
1425 4003 1495 4047 eam
1511 3980 1642 4046 definire
1666 3985 1805 4066 oportet,

265 4091 302 4158 άν
316 4087 368 4158 οὖν
382 4084 507 4182 δέχοιτο
522 4091 581 4163 τήν
599 4091 695 4168 οὕτως
712 4092 846 4183 ἔχουσαν
862 4101 917 4156 τοῦ
940 4094 1008 4154 rtet
1063 4094 1095 4156 et
1102 4090 1197 4174 juxte
1209 4088 1413 4173 perfectionis
1425 4089 1573 4155 notitiem
1585 4091 1618 4154 et
1630 4088 1805 4154 rationem!

266 4200 353 4292 φύσιν
378 4195 454 4267 εἶναι
484 4198 640 4291 γενητήν,
665 4199 832 4266 ἀκούσεται
855 4195 914 4289 γάρ
939 4197 1006 4286 μεθ’
1063 4198 1227 4276 Quomodo
1251 4218 1329 4283 ergo
1352 4197 1479 4264 admitti
1501 4201 1609 4282 queat,
1621 4197 1695 4262 talis
1707 4218 1807 4281 quum

264 4315 365 4398 ήμῶν·
389 4309 428 4374 Τί
451 4307 510 4399 γάρ
534 4308 616 4396 ἔχεις
633 4305 649 4372 θ
666 4309 720 4372 οὐκ
744 4298 853 4382 ἔλαθες
866 4303 909 4390 ⁴)!
934 4307 1008 4394 ὅπερ
1064 4308 1105 4373 sit
1121 4305 1180 4372 sibi
1196 4309 1322 4386 natura,
1338 4326 1411 4371 eum
1427 4325 1495 4370 esse
1511 4302 1659 4370 foetum?
1674 4303 1807 4368 Anubis

265 4419 350 4482 ἐστιν
374 4409 597 4483 ὰσεθέστατον.
1064 4435 1139 4480 sune
1154 4413 1264 4479 audiet
1275 4412 1375 4479 istud:
1394 4411 1504 4490 “Quid
1519 4411 1620 4477 habes
1636 4411 1721 4494 quod
1742 4431 1807 4476 nou

1065 4521 1215 4605 occepisti
1228 4523 1260 4601 ,Ξ
1285 4520 1370 4606 quod
1386 4524 1468 4586 esset
1484 4517 1717 4604 impiissimum.

303 4791 324 4866 ι)
343 4808 354 4848 1
373 4791 395 4849 J
396 4809 414 4850 ο
431 4807 459 4862 v,
477 4791 521 4847 20.
1065 4787 1177 4845 duntur
1194 4785 1358 4859 sequentia.

303 4883 391 4958 ¹)Ex
408 4881 472 4939 eod.
490 4882 541 4940 fol.
561 4883 622 4953 219,
640 4884 723 4940 oot2
739 4883 837 4940 oollst.
857 4899 925 4939 cum
943 4880 1008 4938 edd.
1099 4879 1267 4954 ³)Joan.1,
1289 4877 1330 4932 16.

267 4971 322 5028 ool.
340 4971 393 5028 587
403 4973 437 5042 B,
451 4972 503 5030 ubi
517 4978 586 5046 post
598 4972 690 5030 verba
703 4977 813 5047 γεννηθὲν
826 4975 873 5026 ὑπό
887 4993 949 5034 τινος
963 4970 1011 5027 ed·
1099 4973 1122 5042 ⁴)
1139 4985 1152 5026 1
1171 4968 1236 5026 (ior.
1256 4982 1297 5034 lv,
1318 4969 1345 5024 7.
