3978 6070
323 527 376 584 146
659 515 734 590 Neo
753 517 852 604 Fato,
872 537 978 610 neque
996 517 1219 591 Providentia
1237 517 1375 592 libertas
1393 516 1535 591 tollitur.

323 691 376 756 καί
400 691 642 780 ουνεμφαίνεται
664 688 749 780 παρά
771 701 830 767 τῆς
853 691 1014 780 προνοίας,
1037 682 1146 767 λάόοις
1177 689 1213 756 ἂν
1238 693 1360 756 ἐκτῶν
1385 694 1416 756 ἑν
1447 698 1494 773 τῷ
1526 680 1651 773 δεκάτῳ
1674 697 1737 754 τῶν
1759 689 1862 778 Νόμων

326 797 493 890 ῥηθέντων·
517 799 604 891 λέγει

325 1017 350 1082 f.
377 1017 439 1083 195
464 1039 514 1081 κε
538 1012 598 1104 γάρ
622 1015 672 1079 ότι
695 1012 751 1104 μὲν
775 1015 809 1079 οίι
827 1006 969 1097 βιάζεται
985 1013 1023 1078 τό
1040 1017 1087 1104 ἐφ’
1104 1019 1217 1102 ημϊνη
1236 1012 1416 1104 Εἱμαρμένη
1438 1011 1459 1086 ἦ
1482 1011 1621 1104 πρόνοια·
1646 1011 1742 1078 ταυτί
1763 1008 1866 1103 γράψω

328 1114 363 1187 δὲ
385 1120 545 1212 συντεμὼν
568 1119 626 1198 τάς
651 1121 763 1212 ῥήσεις·
792 1112 944 1193 ’Ἐπειδὴ
962 1118 987 1204 ¹)
1012 1113 1139 1187 κατίθεν
1163 1127 1253 1210 ημῶν
1277 1120 1335 1196 τάς
1362 1114 1487 1212 πράξεις
1511 1125 1527 1186 ό
1553 1119 1696 1205 βασιλεὺς
1718 1118 1867 1210 ίμψόχους

291 1253 305 1293 ι
333 1230 463 1310 ,οὔσας
487 1229 541 1294 καί
564 1229 687 1300 πολλὴν
712 1228 767 1318 μέν
792 1228 907 1318 ἀρετὴν
932 1231 963 1295 ίιν
988 1232 1097 1306 αὐταῖς
1121 1224 1225 1313 οὖσαν,
1250 1227 1374 1300 πολλ’λν
1399 1219 1432 1295 θὲ
1447 1230 1560 1294 κακίαν
1582 1229 1670 1318 (ὅπερ
1693 1223 1731 1304 ἧν
1754 1237 1810 1293 τοῦ
1825 1225 1866 1316 ἐφ’

332 1343 437 1426 ,ἡμῖν
458 1326 551 1422 ίθιον)
574 1337 804 1426 ἐμηχανήσατο
820 1347 880 1402 ποῦ
896 1340 1038 1426 κείμενον
1062 1339 1193 1404 ἕκαστον
1218 1347 1281 1402 τῶν
1303 1346 1413 1428 μερῶν,
1430 1336 1545 1427 ἀρετὴν
1566 1337 1622 1426 μὲν
1646 1346 1789 1418 νικῶσαν,
1813 1341 1869 1410 ητ-

332 1498 344 1527 ,
360 1446 505 1534 τωμένην
531 1437 565 1511 δὲ
587 1447 712 1528 κακίαν,
728 1449 759 1510 ἐν
775 1454 821 1528 τῷ
836 1445 933 1510 παντί
948 1447 1080 1536 παρέχοι
1094 1467 1119 1527 ,·
1144 1457 1240 1512 τοῦτο
1256 1437 1290 1511 δέ
1304 1441 1343 1521 ἥν
1360 1448 1502 1536 προνοίας
1520 1437 1609 1528 ίθιον,
1625 1454 1719 1511 πᾶσιν
1736 1443 1869 1534 χρῆσθαι

326 1553 411 1619 κατά
434 1554 472 1619 τό
497 1545 630 1619 θυνατόν
654 1558 696 1630 είς
719 1553 757 1618 τό
782 1551 912 1642 ἀγαθόν·
940 1553 1199 1644 “μ.εμηχάνηται
1216 1546 1254 1626 δὴ
1275 1555 1350 1644 πρός
1373 1563 1479 1636 τοῦτο,
1494 1564 1583 1620 ποῖον
1606 1553 1790 1645 γιγνόμενον
1814 1551 1871 1634 ἀεὶ,

332 1663 453 1742 ,ποίαν
477 1653 568 1752 ἕδραν
593 1652 642 1726 θεῖ
663 1655 937 1750 μεταλαμόάνειν·
961 1673 1020 1738 τῆς
1045 1653 1078 1727 δέ
1101 1663 1248 1754 γενέσεως
1275 1672 1331 1728 τοῦ
1362 1663 1453 1727 ποίου
1483 1662 1584 1744 τινός,
1609 1665 1727 1750 ἀφῆκεν
1751 1664 1783 1725 ίν
1806 1669 1873 1734 ταῖς

274 1789 300 1828 ιο
332 1768 549 1853 ,βουλήσεσιν
572 1767 714 1832 ἑκάστων
738 1773 828 1857 ἡμῶν
852 1765 910 1844 τάς
935 1770 1054 1844 αἰτίας·
1079 1769 1140 1857 ὅπη
1166 1767 1227 1861 γάρ
1251 1767 1288 1833 ἂν
1312 1767 1447 1860 ἐπιθυμῇ
1472 1771 1527 1835 καί
1550 1769 1653 1847 ὁποῖός
1677 1793 1726 1844 τις
1751 1767 1794 1832 ὧν
1816 1766 1873 1839 τόν

332 1927 345 1956 ,
361 1873 475 1965 ψυχὴν,
493 1873 593 1960 ταότη
613 1866 727 1965 σχεθόν
744 1875 875 1954 ἕκαστος
891 1877 946 1942 καί
960 1887 1100 1954 τοιοῦτος
1116 1878 1238 1969 γίνεται
1253 1877 1336 1953 ἅπας
1351 1883 1443 1968 ἡμῶν
1458 1930 1485 1960 ,.
1502 1884 1552 1944 Δι’
1568 1873 1610 1944 ὧν
1625 1878 1664 1944 τό
1681 1871 1876 1956 αότιξοόσιον

327 1983 470 2072 μάλιστα
493 1977 585 2062 σώζει
607 1992 666 2058 της
690 1979 791 2073 ψυχῆς
815 1984 871 2049 καί
893 1985 931 2050 τό
955 1988 1002 2075 ἐρ’
1027 1990 1123 2072 ἡμῖν·
1147 1986 1185 2051 τό
1209 1985 1269 2079 γάρ
1301 1987 1389 2052 ποιόν
1421 1995 1480 2063 τῆς
1504 1981 1604 2068 ζωῆς,
1628 1995 1688 2062 τῆς
1719 1983 1875 2075 ἡμετέρας

325 2089 483 2182 ἠρτῆσθαι
497 2092 687 2176 βουλήσεως,
700 2091 760 2164 τὴν
775 2093 997 2183 προαιρετικὴν
1014 2083 1144 2180 δύναμιν
1161 2093 1360 2170 ἀποκαλέσας
1372 2096 1403 2159 ὲν
1416 2094 1540 2172 τούτοις
1557 2093 1717 2179 βοόλησιν·
1733 2102 1874 2159 τοιοῦτον

328 2191 362 2266 δὲ
373 2199 419 2282 όν,
431 2209 497 2276 πῶς
509 2200 721 2266 συντάττεται
732 2201 806 2290 πρός
820 2199 879 2274 τὴν
895 2200 1102 2290 Εἱμαρμένην,
1117 2199 1299 2266 ἐπάκουσον·
1315 2208 1328 2238 '¹
1342 2194 1579 2288 Meroessfflest)
1592 2201 1646 2293 μὲν
1659 2201 1766 2266 τοίνυν
1778 2198 1873 2276 πάθος

275 2324 302 2364 1⁸
333 2360 346 2389 ,
364 2309 487 2398 μέτοχα
503 2304 605 2398 ψυχῆς
620 2311 652 2374 ἑν
676 2313 799 2384 ἑαυτοῖς
815 2309 996 2396 κεκτημένα
1012 2308 1072 2378 τόν
1088 2320 1147 2385 τῆς
1164 2301 1345 2398 μεταόολῆς
1362 2311 1465 2375 αἰτίαν
1479 2362 1505 2390 ,,
1523 2311 1686 2376 καὶτοῦτο
1702 2309 1801 2375 πάλιν
1826 2299 1874 2374 θιά

328 2419 366 2482 τό
390 2415 435 2505 ἐφ’
460 2423 536 2505 ημῖν
560 2415 664 2482 εἰπών·
693 2408 923 2504 “μεταόάλλον
949 2409 992 2498 δὲ,
1017 2417 1121 2506 φησίν,
1145 2419 1272 2506 φέρεται
1294 2417 1379 2483 κατά
1402 2416 1461 2490 τόν
1484 2427 1543 2494 τῆς
1567 2419 1765 2506 ΕΙμαρμένης
1788 2409 1874 2494 τάξιν

333 2524 417 2604 ,καί
439 2523 533 2613 νόμον
547 2573 574 2603 ,.
599 2523 660 2587 Καὶ
675 2533 739 2599 πῶς
756 2523 899 2613 φέρεται;
920 2523 1002 2588 ’καί
1020 2527 1070 2589 ότι
1086 2525 1284 2614 ταττόμενον
1301 2530 1342 2601 είς
1359 2524 1419 2597 τὴν
1436 2525 1640 2616 ὀφειλομένην
1656 2529 1744 2608 αὐτῷ
1761 2523 1875 2615 χώραν,

334 2631 553 2721 ,σμικρότερα
578 2629 633 2720 μὲν
647 2631 673 2717 ⁸)
697 2641 760 2695 τῶν
783 2630 867 2706 ἠθῶν
893 2623 1149 2720 μεταόάλλοντα,
1166 2631 1324 2698 ἐλάττονα
1340 2630 1425 2698 κατά
1447 2633 1485 2698 τό
1508 2643 1567 2710 τῆς
1590 2631 1694 2724 χώρας
1717 2623 1874 2712 ἐπίπεδον,

335 2741 461 2821 ,πλείω
485 2731 519 2805 θέ
543 2739 767 2827 μεταπεσόντα
789 2745 831 2816 εἰς
856 2738 967 2823 βάθος,
992 2740 1034 2804 τά
1057 2761 1094 2805 τε
1117 2740 1205 2806 κάτω
1228 2741 1386 2833 λεγόμενα
1418 2741 1476 2807 όσα
1500 2732 1581 2826 ᾅθην
1604 2741 1659 2806 καί
1689 2738 1733 2805 τά
1757 2739 1875 2807 τούτων

274 2878 302 2918 ιο
337 2848 502 2940 ,ἐχόμενα
525 2841 773 2936 ἐπονομάζοντες
797 2839 915 2938 σρόθρα
941 2840 1111 2939 φοόοῦνται
1128 2899 1154 2929 ,.
1177 2855 1240 2914 Τοῦ

329 3065 353 3133 f.
380 3052 462 3133 196:
487 3089 542 3130 τον
567 3064 622 3154 μὲν
646 3058 698 3130 οόν
722 3065 777 3131 τόν
800 3063 916 3155 τρόπον
940 3066 997 3130 οόκ
1019 3055 1204 3154 έκόαίνομεν
1226 3073 1286 3140 τῆς
1310 3062 1520 3154 Εἱμαρμένης,
1536 3060 1620 3129 ἀλλά
1642 3059 1729 3129 κατά
1751 3061 1826 3140 τοὺς
1848 3067 1877 3128 ἐν
1946 3071 1947 3090 ’

331 3177 412 3261 αὐτῇ
437 3173 550 3263 νόμους
565 3172 732 3264 φορόμιθα,
751 3167 1008 3264 μεταόάλλοντες
1024 3169 1109 3237 κατά
1124 3170 1182 3248 τάς
1198 3166 1289 3255 ζωάς,
1306 3171 1404 3262 κόριοι
1427 3183 1486 3249 τῆς
1510 3163 1689 3262 μιταόολῆς
1712 3171 1815 3250 όντες,
1838 3177 1876 3246 είς

331 3283 427 3348 ἄλλον
450 3281 505 3347 καί
529 3282 626 3347 ἄλλον
649 3281 747 3346 τόπον
766 3279 936 3374 άγιώτερον
953 3279 974 3354 ἦ
991 3280 1288 3371 τιμωρητικότιρον
1302 3281 1322 3353 ἢ
1341 3281 1395 3345 καί
1420 3281 1513 3371 μέσον
1537 3279 1730 3370 ἀμφοτέρων·
1756 3283 1877 3371 εἴρηται

331 3383 366 3456 δὲ
388 3391 442 3456 καί
464 3392 503 3456 τό
525 3389 632 3456 πάντα
655 3389 841 3470 ουντάττον,
866 3391 920 3456 καί
943 3393 993 3456 ότι
1016 3391 1145 3481 πρόνοια
1168 3389 1222 3455 καί
1244 3393 1261 3454 ὁ
1283 3381 1377 3454 τοῦθο
1392 3399 1448 3454 τοῦ
1464 3388 1581 3466 παντός
1606 3387 1752 3473 βασιλεὺς
1778 3396 1821 3466 είς
1844 3389 1874 3453 όν

278 3520 305 3558 ιο
331 3497 385 3563 καί
408 3503 498 3587 ἡμεῖς
521 3485 771 3590 ἀναθράμοντες,
795 3496 931 3565 ἐνταῦθα
953 3494 1184 3590 περιγράψομεν
1207 3497 1263 3562 τόν
1286 3496 1434 3587 περὶτοῦ
1457 3496 1554 3588 μόθου
1578 3497 1749 3587 σόμπαντα
1773 3497 1876 3588 λόγον.
1945 3493 1946 3496 '

331 3711 473 3800 Πρόκλου
486 3712 602 3776 Λυκίου
615 3714 818 3778 Πλατωνικοῦ
834 3703 984 3802 θιαθόχου
1000 3719 1041 3790 είς
1056 3713 1112 3778 τόν
1125 3717 1156 3778 ἑν
1170 3713 1321 3797 Πολιτείᾳ
1331 3723 1387 3778 τοῦ
1400 3711 1569 3790 Πλάτωνος
1583 3711 1678 3802 μῦθον
1694 3713 1877 3804 ὑπόμνημα.

367 3975 389 4044 ι)
408 3971 483 4030 'Pam
501 3972 528 4029 is
547 3971 631 4028 locus
644 3989 734 4044 quam
747 3973 824 4029 alter
842 3972 931 4046 paulo
949 3971 1028 4030 infra
1045 3972 1078 4028 in
1130 3999 1211 4052 γιγν...
1225 3975 1420 4050 μιταλαμόάνον
1434 3980 1566 4041 οἰκίζεσθαι
1576 3984 1620 4034 καί
1632 3979 1700 4041 τίνας
1709 3983 1773 4033 ποτέ
1783 3982 1877 4046 τόπους,

330 4061 432 4120 codiee
451 4061 612 4128 asterisci&
631 4068 667 4118 ut
686 4062 765 4137 apud
790 4081 846 4120 nos
870 4064 1007 4136 virguliS,
1026 4080 1078 4119 no·
1131 4073 1174 4129 τῆς
1194 4071 1243 4120 δί...
1265 4072 1290 4122 τό
1310 4071 1381 4122 ποίου
1400 4089 1422 4122 τ.
1442 4073 1525 4141 ἂρῆκι
1544 4073 1625 4132 ταῖς..,
1644 4071 1764 4124 όκείστοτι
1784 4075 1850 4124 καί...

330 4157 422 4224 tatur,
434 4151 472 4209 of.
485 4153 587 4209 Herm.
599 4151 739 4210 'Paubner
747 4173 775 4228 p.
785 4155 1004 4226 341,21„904A.
1013 4172 1077 4212 νοτ.
1166 4155 1278 4229 ²)1bid.
1291 4173 1354 4213 νοτ.
1367 4159 1445 4210 τοίνυν
1458 4157 1530 4210 πονο·
1543 4159 1615 4213 ὅσα..
1628 4159 1680 4212 ἔστι
1693 4159 1877 4233 ψυχῆς-..ροσε
1944 4181 1945 4184 ·

330 4245 414 4302 ίπιιόὴ
435 4249 546 4298 κατεῖδεν
559 4247 630 4315 ἡμῶν
645 4247 657 4298 ό
672 4245 784 4310 βασιλεὺς
800 4247 923 4317 ίμψόχους
943 4248 1015 4308 οόσας
1033 4253 1077 4309 τὰς
1129 4244 1296 4318 intorjmta,
1314 4244 1506 4317 μιταόάλλοντα
1519 4252 1545 4302 θι
1559 4249 1696 4322 φίριται...
1717 4247 1875 4325 [ίλαττοι]...

330 4333 455 4406 πράξεις...
475 4350 531 4388 om.
558 4335 617 4405 όπιρ
635 4329 665 4390 όν
685 4338 728 4388 τοῦ
746 4335 786 4406 ἐφ’
806 4337 865 4404 άμῒν
889 4335 958 4389 ἴδιον.
977 4331 1079 4390 Codex
1131 4339 1200 4408 post
1224 4337 1339 4390 ίπίπιδον
1359 4334 1402 4392 sio
1420 4335 1521 4409 plura:
1542 4339 1737 4410 μιταποριόιτιιι
1756 4341 1836 4393 πλιίω
1853 4341 1875 4390 όί

331 4427 431 4480 autem
449 4428 552 4478 noster
565 4423 660 4479 malfia
672 4422 803 4496 negligit
813 4423 991 4497 interposita
1008 4429 1078 4480 ante
1130 4431 1174 4478 καί
1193 4425 1333 4497 άδικοίτιρα
1344 4446 1453 4497 μιταπ...
1466 4433 1520 4500 λιγ.
1533 4430 1583 4480 τῶν
1596 4429 1679 4481 τόπων
1695 4429 1743 4481 όσιι
1758 4430 1839 4502 ᾍδην
1852 4449 1875 4481 τι

331 4513 549 4585 ίμηχανάσατο...
570 4511 635 4569 odd.
655 4517 704 4566 τῶν
724 4517 804 4584 μερῶν
823 4518 929 4567 νικῶσαν
949 4515 1077 4585 ἀρετήν...
1131 4534 1154 4566 κ.
1174 4535 1195 4567 τ.
1217 4534 1239 4567 τ.
1259 4516 1294 4582 ίχ.
1315 4517 1363 4567 τῶν
1383 4515 1510 4584 όνομάτοιν
1529 4516 1567 4569 ίπ.
1587 4537 1609 4569 σ.
1629 4537 1654 4588 ρ.

331 4613 400 4675 post
417 4603 522 4673 παρέχοι
540 4609 669 4676 pergunt
692 4603 793 4674 μάλιστ’
818 4605 848 4657 ἂν
872 4609 915 4657 καί
935 4607 1015 4676 ρ’ᾴστυ
1034 4609 1077 4657 καί
1166 4602 1191 4676 ³)
1208 4601 1248 4657 Μ.
1268 4605 1419 4674 σμικρότερα
1438 4604 1490 4674 μίν.
1509 4602 1557 4660 Sic
1580 4603 1676 4661 Phto.
1697 4603 1772 4662 Οοᾶ.
1792 4611 1824 4663 σθ
1840 4603 1874 4662 Η.

331 4697 430 4762 ἄριστα,
455 4697 633 4764 μεμηχάνηται
657 4693 686 4750 δὴ
713 4697 772 4763 πρός
792 4699 842 4745 πᾶν
867 4697 940 4747 τοῦτο
965 4694 1034 4746 ποῖόν
1054 4713 1078 4745 τι
1132 4690 1197 4748 sine
1215 4689 1349 4763 apicibus
1367 4711 1535 4763 σμικροτιινιν.
