3944 6074
427 527 620 602 Aristotelis
639 536 840 621 ανριιικοαίο
859 533 906 604 ad
925 529 1080 606 Platonis
1098 531 1366 623 Rempublicam.
1617 541 1670 598 189

120 709 158 772 τὸ
175 704 286 796 λεχθὲν
304 711 342 780 ῶς
361 703 510 793 μέγιστον
528 702 646 794 ἀγαθὸν
664 707 694 768 ἐν
712 715 781 781 ταῖς
799 707 983 787 πολιτείαις,
1002 706 1039 770 τὸ
1055 704 1086 770 ἓν
1103 707 1153 770 ὅτι
1171 706 1312 793 μάλιστα
1327 705 1468 797 γίνεσθαι
1484 706 1544 780 τὴν
1568 707 1670 784 πόλιν,

120 817 289 906 φθαρτικὸν
315 817 413 888 αὐτῆς
437 817 575 901 ὑπῆρχεν
601 814 678 888 όλως
704 823 760 888 τῆς
784 815 915 888 πόλεως.
942 819 975 876 Ιίἰ
1006 809 1057 879 οὖν
1082 815 1120 878 τὸ
1144 807 1251 891 ἑνίζειν
1275 813 1335 886 τὴν
1360 815 1451 878 πόλιν
1477 818 1669 906 οἰναιρετικόν

120 931 188 990 ἐστι
211 934 269 999 τῆς
293 924 430 996 πόλεως,
455 923 492 985 τὸ
518 911 550 985 θὲ
574 922 708 985 ἑκάστου
734 921 870 1011 ἀγαθὸν,
896 917 929 987 οὗ
960 923 1044 986 ἐστίν
1077 921 1212 1012 ἀγαθὸν,
1238 924 1390 987 σωστικόν
1420 929 1504 990 ἐστιν
1537 926 1591 989 καί
1615 928 1670 989 οὐκ

121 1031 326 1120 ἀναιρετικὸν,
351 1031 493 1094 λείπεται
518 1029 597 1092 ἄλλο
622 1054 664 1110 τι,
689 1029 707 1099 J
734 1031 771 1094 τὸ
795 1026 903 1110 ἑνίζειν
928 1030 987 1104 τὴν
1004 1031 1096 1095 πόλιν
1115 1031 1156 1120 μὴ
1176 1027 1253 1096 εἰναι
1273 1043 1331 1108 τῆς
1355 1035 1474 1109 πόλεως
1499 1033 1617 1124 ἀγαθὸν
1637 1037 1670 1119 ι),

120 1146 160 1214 ὡς
184 1141 236 1204 ἕνα
261 1137 421 1228 ἄνθρωπον
447 1136 545 1206 αὐτὴν
572 1137 642 1201 οίντὶ
665 1141 783 1213 πόλεως
809 1150 931 1217 ποιοῦνς
949 1140 1026 1229 Πρὸς
1045 1131 1078 1205 δὲ
1101 1141 1222 1212 ταύτην
1240 1141 1300 1214 τὴν
1325 1135 1474 1212 ἐπιθολλν
1495 1153 1550 1206 τοῦ
1574 1143 1671 1232 λόγου

121 1241 168 1312 θεῖ
188 1247 302 1338 λέγειν,
327 1247 376 1310 ὅτι
400 1248 437 1310 τὸ
462 1244 493 1310 έν
518 1248 574 1310 οὐκ
598 1247 665 1310 ἔστι
690 1258 831 1311 τοιοῦτον
857 1244 919 1312 οἷον
945 1250 1037 1322 αὐτὸς
1062 1242 1217 1315 ὑπέλαθεν
1241 1252 1279 1314 τὸ
1303 1250 1421 1338 ἄτομον
1446 1251 1500 1314 καί
1523 1252 1560 1314 τὸ
1574 1251 1600 1338 ²)
1624 1259 1669 1334 τῷ

121 1353 251 1482 ίιιρθμιρ,
276 1359 316 1428 εἰς
334 1377 551 1443 οκατογαγεν
569 1379 628 1424 τη
614 1354 748 1427 νπόλιν,
767 1346 836 1426 οὸι.
855 1355 906 1419 λο
903 1380 950 1445 ον
966 1357 1039 1440 8)
1008 1360 1139 1430 ο.ηςἐπ
1121 1381 1206 1446 ιγει
1222 1381 1295 1448 τρ
1265 1357 1372 1428 οτλν
1397 1359 1599 1490 σίιμπαμιγ.
1578 1358 1669 1422 πόλιν

120 1467 253 1550 (εκ
193 1488 253 1554 γα
278 1466 482 1527 τωιτολλων
507 1459 767 1550 ανθοω·ωνέ
744 1463 892 1550 τόλις,α)
875 1401 957 1528 ἆθλα
939 1463 1051 1549 )το
1069 1475 1173 1554 κρι
1158 1490 1212 1530 ον
1235 1491 1298 1531 των
1323 1490 1379 1557 με
1366 1491 1434 1548 ων
1459 1465 1670 1529 καίθσυνοι-

119 1571 223 1664 γωγόν
248 1573 332 1636 ἐστιν
357 1571 454 1644 οὕτως
478 1595 540 1634 των
557 1575 727 1654 ὀλλων
712 1599 751 1647 ως
769 1597 809 1635 υ.
800 1595 860 1662 ερ
849 1573 919 1660 ι’χον
945 1576 1005 1637 αἰτ
1007 1583 1060 1652 ῶν,
1076 1575 1129 1637 καί
1153 1567 1230 1638 εἶναι
1253 1577 1376 1640 τελικὸν
1402 1576 1454 1639 αἰτ
1457 1600 1511 1650 ιον,
1538 1578 1609 1638 ἀλλ’
1636 1577 1669 1638 οιί

121 1680 278 1744 συναίτιον
303 1703 334 1742 τι
359 1679 412 1742 καὶ
436 1679 556 1743 ὑλικόν·
582 1679 647 1743 ἐπεὶ
672 1681 724 1744 καί
748 1691 803 1744 τοῦ
828 1680 973 1766 σώματος
997 1687 1086 1768 ἡμῶν
1112 1687 1146 1746 ἐκ
1169 1685 1294 1746 πολλῶν
1320 1683 1426 1763 ὄντος,
1451 1683 1582 1748 ἕκαστον
1607 1691 1669 1746 τῶν

120 1795 150 1854 ἐν
169 1791 253 1870 αὐτῷ
271 1797 371 1877 μερῶν
395 1787 426 1850 ἕν
451 1787 483 1850 τί
506 1791 601 1868 ἐστιν,
628 1787 698 1850 ἀλλ’
717 1794 755 1862 ὡς
772 1791 831 1860 ίίλν,
852 1798 907 1852 τοῦ
926 1791 998 1853 όλου
1017 1800 1111 1854 τοῦτο
1128 1791 1164 1854 τὸ
1189 1791 1229 1855 ἕν·
1254 1790 1290 1856 τὸ
1308 1783 1340 1855 δὲ
1358 1790 1498 1878 μάλιστα
1523 1789 1553 1854 έν
1570 1789 1666 1854 τοῦτο’

121 1898 260 1962 ἐστιντὸ
279 1895 407 1984 συνέχον
423 1895 460 1958 τὸ
478 1905 577 1982 σῶμα,
596 1896 659 1960 εἴτε
676 1897 769 1988 λόγος
786 1893 826 1970 εἷς
844 1897 979 1985 φυσικὸς,
998 1899 1061 1962 εἴτε
1078 1897 1131 1960 καί
1155 1895 1218 1988 ψυχ
1223 1900 1238 1970 J
1265 1925 1321 1975 τις,
1347 1891 1386 1964 δι’
1412 1896 1449 1972 ἦν
1465 1897 1496 1964 έν
1516 1899 1553 1962 τὸ
1578 1897 1669 1986 σῶμοί

120 2011 216 2079 ἐστιν,
231 2004 283 2067 καί
306 2013 409 2067 ταῦτα
433 2005 468 2066 έκ
491 2007 617 2066 πολλῶν
642 2005 684 2068 όν.
711 2007 824 2068 Διττὸν
841 1999 891 2068 οὖν
910 2006 947 2068 τὸ
964 2003 1030 2076 ένῆ
1057 2007 1094 2069 τὸ
1119 2007 1237 2088 ὑλικὸν,
1260 2007 1279 2078 J
1306 2008 1343 2073 τό
1369 2008 1502 2090 τελικὸν,
1528 2007 1581 2071 καὶ
1605 2006 1672 2071 ἐπεὶ

121 2108 228 2192 ένίζειν
253 2112 335 2176 θέλει
359 2111 418 2181 τὴν
442 2111 544 2192 πόλιν,
563 2115 620 2200 οὐχ
638 2119 676 2187 ῶς
694 2119 735 2188 εἰς
752 2115 857 2177 ὑλικὸν
876 2113 973 2183 αιἰτλν
990 2115 1013 2197 5)
1033 2114 1063 2178 έν
1081 2115 1240 2205 κατάγων,
1261 2125 1444 2204 μηχανᾶται
1464 2114 1523 2185 τὸν
1548 2115 1664 2188 ἕνωσιν,

123 2227 193 2286 ἀλλ’
218 2229 258 2296 εἰς
283 2222 319 2286 τὸ
344 2221 469 2284 τελικὸν
495 2221 548 2282 καί
573 2221 650 2284 αὐτὸ
674 2222 711 2284 τὸ
737 2219 864 2309 ἀγαθὸν,
890 2210 936 2283 ὸιὸ
961 2221 1014 2284 καί
1039 2221 1088 2310 ἀρ’
1107 2215 1140 2285 οὗ
1164 2231 1257 2284 πᾶσιν
1282 2227 1301 2294 J
1327 2221 1441 2296 ἕνωσις.
1458 2219 1553 2286 Ὀθεν
1578 2219 1631 2282 καί
1655 2221 1669 2282 ὁ

124 2328 294 2418 Σωκράτης
318 2337 413 2392 τοῦτο
428 2321 532 2404 ζητῶν
550 2328 586 2390 τὸ
604 2327 634 2392 ἓν
649 2323 685 2408 ⁶),
704 2332 738 2391 οὐ
756 2329 792 2390 τὸ
812 2327 941 2418 ἄτομον,
958 2333 998 2402 ῶς
1015 2329 1151 2415 εἴπομεν,
1169 2325 1252 2391 ἀλλοί
1271 2329 1308 2392 τὸ
1333 2327 1460 2416 συνέχον
1485 2325 1543 2397 τὴν
1568 2326 1670 2407 πόλιν,

124 2447 309 2526 μηχανᾶται
332 2434 391 2506 τὴν
416 2437 576 2498 κοινωνίαν
601 2434 661 2507 τὴν
685 2439 715 2500 έν
741 2446 805 2510 τοῖς
822 2438 992 2516 πλείστοις,
1017 2442 1057 2511 ὡς
1081 2438 1236 2524 όμονοιίας
1261 2439 1363 2500 αἰτίαν
1380 2435 1434 2500 καὶ
1455 2433 1667 2498 οἰστασιοίστον

124 2546 223 2617 αὐτὴν
248 2543 478 2634 φυλάττουσαν·
496 2547 572 2608 όταν
588 2537 639 2608 οὖν
656 2546 746 2633 λέγῃ,
765 2545 802 2607 τὸ
818 2541 849 2608 ἓν
867 2546 1000 2633 ἀναιρεῖν
1014 2543 1041 2629 7)
1065 2543 1124 2615 τὴν
1147 2543 1250 2620 πόλιν,
1276 2545 1313 2609 τὸ
1338 2535 1371 2609 δὲ
1393 2543 1527 2608 ἑκάστου
1553 2541 1670 2632 ἀγαθὸν

124 2649 233 2732 σώζειν
257 2655 399 2730 ἕκαστον,
425 2649 631 2742 αἰτιασόμεθα
655 2652 714 2722 τὴν
731 2653 838 2741 ἑτέραν
863 2651 1025 2741 πρότασιν,
1043 2650 1080 2716 τὸ
1105 2650 1135 2716 ἒν
1160 2656 1257 2717 ἐκεῖνο
1281 2645 1515 2782 λριμθοίνουσαν,
1539 2651 1610 2740 οὐχί
1634 2652 1671 2714 τὸ

124 2763 305 2853 συναγωγὸν
329 2770 385 2825 τοῦ
409 2759 547 2834 πλήθους
573 2759 626 2824 καὶ
649 2761 841 2842 συνεκτικὸν,
860 2758 941 2823 οἰλλοί
959 2761 995 2825 τὸ
1013 2760 1129 2823 ὑλικόν·
1154 2769 1230 2824 τοῶτ
1232 2784 1248 2824 ο
1271 2757 1330 2850 γοίρ
1356 2759 1550 2846 ἀναιρετικὸν
1575 2757 1670 2832 ὅντως

124 2882 179 2934 τοῦ
202 2869 341 2944 πλήθους
366 2867 418 2932 καὶ
441 2879 498 2943 τῆς
516 2868 671 2944 ὁλότητος
697 2869 785 2956 μέρος
802 2866 847 2944 οἰι,
866 2867 935 2930 ἀλλ’
954 2871 1012 2957 οὐχ
1036 2871 1118 2944 ὅλον,
1137 2873 1202 2933 ἑκει
1192 2892 1235 2932 νο
1260 2859 1293 2933 δέ
1318 2785 1448 2950 οώζειθ)
1438 2891 1521 2955 )ομε
1513 2857 1670 2946 ιζόνωςτὸ

125 2982 207 3060 ὅλον,
233 2975 424 3066 συμπαθείας
449 2973 483 3042 ὃν
509 2978 607 3039 αἴτιον
632 2976 685 3040 καί
709 2980 862 3066 ὁμονοίας.

169 3094 195 3151 Τ
199 3088 281 3176 ρίτον
307 3087 408 3150 τοίνυν
434 3083 493 3156 τὴν
519 3083 719 3173 αὐτάρκειαν,
744 3085 847 3174 φησὶν,
874 3079 1014 3172 αρανίζει
1038 3110 1057 3148 τ
1084 3110 1095 3160 ς
1125 3085 1244 3158 πόλεως
1271 3085 1307 3148 τὸ
1331 3084 1402 3147 λίαν
1428 3081 1526 3152 αὐτὸν
1552 3073 1670 3158 ἑνίζειν·

126 3193 370 3282 αὐταρκέστερον
388 3191 448 3282 γὸρ
465 3193 530 3266 ἑνὸς
548 3184 656 3281 ἀνδρὸς
674 3193 766 3270 οἰκία,
785 3193 837 3254 καί
853 3191 943 3266 πόλις
960 3193 1067 3266 οἰκίας·
1085 3185 1113 3254 εἷ
1128 3185 1178 3254 οὖν
1197 3192 1232 3254 τὸ
1252 3187 1350 3262 ἦττον
1368 3190 1398 3256 έν
1417 3188 1672 3279 αὐταρκέστερον,

70 3339 81 3372 2
126 3307 165 3376 ῶς
189 3301 279 3376 πόλις
304 3301 411 3380 οἰκίας,
436 3301 489 3363 καί
514 3295 594 3375 οἶκος
618 3301 683 3374 ἑνὸς
708 3293 827 3389 ἀνδρὸς,
846 3302 882 3363 τὸ
901 3303 1021 3388 μᾶλλον
1040 3299 1070 3363 έν
1088 3295 1186 3372 ἧττον
1212 3303 1294 3362 ἐστιν
1320 3301 1481 3388 αὔταρκες.
1506 3297 1604 3360 Ποίλιν
1631 3288 1667 3366 δὴ

126 3407 179 3471 καὶ
203 3403 291 3483 οὗτος
306 3406 331 3494 9)
358 3409 484 3497 ὀλίγος
500 3401 658 3494 λαμθοίνει
674 3407 760 3495 παρὰ
777 3407 835 3480 τὸν
854 3410 1034 3495 ὁμωνυμίαν
1051 3418 1105 3471 τοῦ
1122 3408 1187 3482 ἑνὸς
1212 3409 1266 3470 τὸν
1288 3409 1418 3495 ἔλεγχον
1436 3413 1543 3484 ποιῶν,
1567 3404 1669 3491 ὥσπερ

126 3517 179 3581 καί
200 3515 218 3580 ’ὁ
242 3516 398 3607 πρότερος·
422 3519 512 3591 πόλις
535 3514 596 3607 γίρ
621 3517 718 3591 οἰκίας
743 3516 796 3579 καί
812 3516 876 3589 ἑνὸς
897 3507 1003 3605 οἰνὸρὸς
1021 3517 1112 3594 οἰκία,
1129 3515 1182 3578 καί
1203 3515 1449 3604 αὐταρκέστερον
1473 3513 1527 3576 καί
1551 3514 1672 3598 μᾶλλον

126 3626 168 3710 έν,
192 3625 245 3688 καὶ
269 3621 367 3698 ἧττον
393 3626 545 3713 αὔταρκες
569 3625 623 3687 καί
646 3619 744 3698 ἧττον
769 3625 809 3688 ἓν·
832 3630 858 3688 εἰ
883 3624 937 3710 μέν
962 3621 1022 3714 γὸρ
1046 3623 1082 3687 τὸ
1108 3623 1200 3752 μρνον
1223 3616 1329 3710 λάμ
1294 3647 1395 3698 οανοις
1400 3622 1484 3698 ,καί
1507 3621 1522 3685 θ
1547 3622 1672 3704 εἴπομεν

125 3733 240 3808 ὕλης’
227 3755 310 3821 εγειν
335 3726 393 3795 τοίῗ
380 3759 434 3808 ,,ιν
448 3733 501 3794 καὶ
525 3727 567 3802 J:
549 3756 624 3795 -τον
649 3731 714 3796 ἔστ’
710 3757 733 3794 ιν
759 3729 899 3804 ένήπόλ
899 3755 970 3810 ις,.
961 3735 1124 3794 οπλλῶνι
1105 3729 1164 3820 γοίρ
1190 3723 1254 3794 ὸεῖτ
1238 3755 1289 3793 -αι
1313 3729 1420 3794 τοιοίτ
1423 3755 1474 3804 ων,
1499 3724 1596 3792 οἷόν’
1586 3750 1670 3792 εστιν

126 3841 163 3902 τὸ
189 3838 308 3926 ἄτομον
333 3838 386 3902 καί
409 3833 507 3910 ἦττον
533 3840 684 3927 αὔταρκες
717 3838 866 3902 πλειόνων
891 3837 951 3926 γίρ
977 3829 1078 3920 ὸεῒτῇ
1097 3837 1188 3900 πόλει
1209 3835 1448 3925 προσεῖναι,καί
1473 3829 1670 3915 σώζεσθαι,ιθ

127 3942 168 4010 ὧν
193 3937 241 4010 ὸ.
231 3971 294 4010 ται
318 3951 333 4009 ό
358 3941 409 4026 εἷς,
434 3971 690 4036 ωστρκαιταν
709 3971 782 4035 οπερ
801 3943 963 4033 ανρολον
988 3957 1042 4009 τολΙ
1065 3969 1129 4010 οικ
1133 3970 1178 4009 ιοο
1197 3969 1250 4034 οε
1254 3970 1314 4021 ου
1308 3937 1408 4009 ·είὸε
1423 3945 1460 4007 τὸ
1484 3949 1523 4018 ῶς
1549 3940 1672 4016 ἀλῶςοθ

126 4055 168 4136 έν,
193 4059 208 4117 ὁ
234 4047 271 4126 JJ
297 4065 343 4137 τῷ
367 4058 477 4138 τελείῳ
502 4057 636 4140 ταύτὸν,
663 4057 716 4119 καί
740 4060 860 4144 μᾶλλον
885 4055 915 4120 έν
940 4061 958 4126 J
985 4055 1074 4128 πόλις
1098 4064 1153 4117 τοῦ
1177 4007 1258 4134 ἑνός’,
1283 4054 1336 4116 καί
1366 4057 1484 4141 μᾶλλον
1510 4053 1670 4137 αὔταρκες,

127 4164 230 4292 ὥρπερ
255 4163 308 4226 καί
331 4163 462 4228 τόόλον
488 4167 573 4251 μᾶλ
554 4163 726 4228 λονὲκοίτε
731 4187 779 4252 ρον
804 4161 877 4234 J
837 4164 966 4252 τομέρ
955 4187 1012 4238 σος·
1029 4173 1122 4227 τοῦτο
1147 4160 1207 4252 γαρ
1231 4163 1365 4290 συνέγρι,
1389 4161 1553 4248 συνέχεται
1578 4147 1610 4220 θέ
1634 4159 1671 4221 τὸ

128 4271 226 4359 μέρος·
252 4296 289 4335 το
314 4263 347 4336 ὸε
371 4295 440 4335 σιν
427 4297 499 4361 ρον
525 4277 605 4359 μαλ
592 4270 755 4351 ονέ
741 4297 820 4342 το
844 4277 894 4335 υ·
921 4282 1015 4335 υοο
1041 4295 1112 4334 σιν
1098 4294 1195 4359 μου
1182 4293 1258 4351 νον
1283 4293 1336 4332 και
1361 4271 1481 4355 ααλλον
1508 4267 1670 4404 αὕταραες,

74 4399 99 4435 55
127 4377 209 4449 ’ἰτὸ
234 4381 264 4442 έν
290 4381 349 4443 αὐτ
351 4387 375 4462 ῷ
399 4379 565 4468 περοεχόμ1
552 4403 628 4442 ;·νον
653 4314 814 4443 ὸειταί’
778 4404 838 4469 γαρ
825 4389 925 4468 ρτῶν
951 4379 1005 4443 ἄλλ
1005 4403 1055 4442 ων
1080 4388 1188 4468 μερῶν.
1213 4369 1368 4441 [Ιοίλιν’
1337 4401 1388 4440 ουν
1414 4373 1467 4438 καί
1490 4367 1545 4437 οθτ
1547 4368 1601 4446 ος1
1607 4369 1671 4451 0)ό

127 4485 230 4575 λόγος,
256 4477 316 4550 διε
303 4491 365 4550 ωι
390 4499 444 4551 τοίι
469 4491 542 4552 όλου
567 4488 620 4550 καί
644 4489 766 4552 τελείου
792 4512 829 4552 το
853 4487 883 4552 έν
908 4487 1025 4562 καίει
1048 4489 1086 4551 τὸ
1111 4493 1150 4562 ὡς
1175 4487 1263 4575 μέρος
1289 4485 1341 4548 καὶ
1366 4479 1672 4570 ἀτελὲςρερόμενος,

129 4593 224 4668 οὕτως
247 4599 267 4668 J
274 4594 423 4683 ρωτήται,
442 4596 495 4658 καί
512 4586 648 4661 δοκεῖτὸ
664 4595 694 4660 έν
712 4596 765 4660 καί
781 4597 818 4660 τὸ
836 4598 984 4686 αὔταρκες
1010 4599 1058 4662 ἐπ’
1076 4597 1224 4669 ἀλλήλων
1241 4591 1279 4677 ¹¹)
1300 4585 1467 4669 διοικίζειν,
1493 4591 1595 4677 ὥσπερ
1620 4587 1674 4650 καί

165 4914 187 4986 ¹)
209 4913 246 4970 M.
266 4932 322 5058 ομι.
314 4919 420 5061 οᾶγαθο
423 4937 434 4964 ι
453 4931 548 4987 usque
568 4913 605 4971 ad
625 4917 726 4976 πολιοί
977 4921 1000 4994 ²)
1019 4922 1055 4976 Η.
1077 4924 1175 4988 ἀναιρεῖ.

179 5005 246 5076 )M.

165 5005 239 5059 ²M
977 5007 1206 5082 Jfffflm

165 5067 466 5166 Jfflffl.mv.
977 5093 1239 5170 Jmfflffl

164 5183 187 5254 ⁴)
206 5181 243 5236 H.
262 5181 314 5238 fol.
334 5183 386 5238 137
405 5201 432 5239 v.
969 5187 1003 5260 ¹⁰)
1022 5187 1058 5242 H.
1078 5184 1128 5240 foL
1149 5183 1202 5238 138
1219 5199 1248 5239 v.

166 5271 248 5346 ⁵.)M
267 5279 361 5326 τελικὸν
380 5294 426 5327 αυτ
428 5277 451 5345 ᾖ.
969 5277 1003 5350 ¹¹)
1027 5275 1097 5332 Cod.
1126 5278 1227 5329 monet
1250 5271 1360 5328 lineola
1384 5272 1423 5325 ’στ’
1449 5269 1573 5327 dubium
1597 5285 1673 5327 8886.

166 5361 190 5434 ⁶)
208 5360 247 5417 M.
267 5378 323 5418 om.
343 5367 370 5416 τὸ
390 5363 413 5415 ἓν
431 5379 527 5435 κέοιτο
546 5363 585 5420 ad
605 5367 670 5418 ἀλλὰ
691 5367 725 5418 τό.
931 5367 1025 5423 Paulo
1044 5371 1113 5422 anto
1131 5364 1259 5437 ἠρώτηται
1278 5360 1398 5421 videtur
1416 5365 1596 5436 corruptum.
