3944 6074
505 515 654 590 Nestorii
672 519 837 592 sententia
856 522 897 592 de
915 524 1105 596 nativitatis
1123 525 1321 618 ίιοιοεσορίο.
1638 541 1691 596 111

139 681 340 770 τηροῦντεςῑ)
365 683 510 774 ἀριθμούς
534 697 596 752 τῶν
621 699 675 754 τοῦ
700 691 821 779 κόσμου
840 693 989 764 κινήσεων
1007 696 1065 784 πρό
1083 707 1145 760 τῶν
1163 709 1221 774 τῆς
1240 700 1389 788 χείρονος,
1407 695 1448 764 ὧν
1473 703 1612 791 περιέχει
1637 707 1691 793 μέν

140 798 159 864 ή
186 793 363 882 Εἱμαρμένη
390 795 446 870 τάς
472 797 545 871 όλας
569 799 681 874 αἰτίας·
698 799 802 863 ἄλλων
822 793 855 865 δέ
882 802 951 866 νιατΙ
971 803 1069 879 ἄλλας
1087 799 1246 895 περιόδους
1265 811 1402 895 ἐκραίνει
1416 808 1442 892 ²)
1465 809 1521 885 τάς
1547 803 1692 900 δυνάμεις

142 891 192 964 διά
217 911 278 964 τῶν
303 901 354 965 ἀπ’
380 908 477 978 αὐτῆς
501 907 687 993 κινουμένων
713 910 860 972 ἀπλανῶν
886 911 939 972 καὶ
962 913 1186 1000 πλανωμένων,
1210 921 1295 1003 ὡρῶν
1313 939 1350 978 τε
1375 917 1428 978 καί
1452 921 1624 1006 στοιχείων,
1650 913 1690 982 ὧν

141 1012 156 1070 ὀ
181 1006 301 1098 θεωρός,
327 1011 427 1100 ὥσπερ
451 1015 481 1075 ἐν
506 1013 670 1102 γράμμασι
692 1017 907 1106 γραφομένοις,
927 1023 982 1107 ὁρᾷ
1000 1017 1056 1096 τάς
1081 1029 1142 1082 τῶν
1162 1021 1297 1112 ἀριθμῶν
1316 1014 1471 1113 δυνάμεις,
1489 1025 1541 1088 καί
1557 1019 1598 1089 ὧν
1617 1027 1691 1091 εἰσίν

101 1141 112 1180 ι
140 1117 283 1180 οίστικαί.
310 1117 362 1180 καί
386 1128 443 1194 τῆς
467 1123 540 1210 πρός
565 1123 602 1186 τό
627 1132 687 1188 πᾶν
713 1126 815 1188 αὑτῶν
841 1128 1029 1216 συμφωνίας.

878 1450 952 1516 1111.

185 1659 246 1722 Τὀν
270 1659 338 1749 περί
362 1671 416 1724 τοῦ
441 1659 625 1752 ὀρθογωνίου
649 1662 801 1754 τριγώνου
825 1666 920 1755 λόγον
946 1667 1133 1757 ἀπόρρητον,
1159 1665 1191 1730 ὀν
1215 1667 1377 1756 Νεστόριος
1392 1669 1427 1754 ³),
1447 1672 1462 1732 ὀ
1480 1667 1558 1744 θεῖος
1582 1669 1689 1747 ὄντως,

139 1766 265 1841 πάππος
289 1765 330 1830 ὢν
356 1770 561 1858 Πλουτάρχου
586 1782 641 1836 τοὺ
666 1771 879 1862 καθηγεμόνος
896 1781 986 1862 ήμῶν
1005 1799 1041 1839 τε
1066 1775 1119 1837 καί
1143 1783 1204 1838 τῶν
1228 1775 1389 1864 ήμετέρων
1415 1765 1623 1860 διδασκάλων,
1648 1784 1689 1853 είς

140 1885 201 1962 ρῶς
226 1869 390 1966 ἐξήγαγεν,
415 1878 486 1967 παρ’
510 1882 613 1943 αὑτῶν
640 1870 796 1970 διδαχθείς
820 1893 882 1947 τῶν
908 1885 1106 1972 κρειττόνων,
1132 1882 1306 1973 ἐκθήσομαι
1330 1875 1502 1962 δεικνύντα,
1527 1885 1613 1951 θείων
1638 1888 1690 1950 καί

140 1995 298 2070 μυστικῶν
324 1986 485 2074 ὀνομάτων
511 1981 667 2078 δυνάμεις·
688 1987 730 2066 οἷς
749 1983 796 2055 δεῖ
810 1991 956 2081 χρῆσθαι,
973 1991 1057 2057 κατά
1073 2002 1176 2056 πᾶσαν
1196 1992 1249 2080 μέν
1267 2010 1305 2063 -31-
1323 1995 1511 2058 ἐνιαυσιαίαν
1535 1985 1688 2084 περίοδον,

140 2081 343 2181 διαφερόντως
368 2085 401 2157 δέ
424 2093 508 2159 κατά
532 2095 588 2171 τάς
612 2107 674 2160 τῶν
699 2099 838 2170 κυήσεων
862 2099 1037 2190 περιροράς,
1064 2103 1126 2164 εἴτε
1149 2101 1360 2188 ἑπταμήνους,
1386 2103 1448 2165 εἴτε
1481 2103 1688 2190 ἐννεαμήνους

139 2197 223 2263 κατά
237 2199 295 2270 τήν
309 2203 463 2289 σπορίμην
482 2205 562 2292 ὤραν
576 2205 755 2293 ληρθείσας,
770 2209 824 2283 ἕως
839 2210 1052 2288 ἀποκυήσεως,
1070 2208 1312 2297 ἐπικαλούμενον
1330 2201 1368 2274 δι’
1388 2212 1502 2295 [αὑτῶν
1516 2211 1551 2294 (f.
1569 2214 1630 2278 100
1644 2213 1688 2292 v.)

139 2307 209 2384 τούς
234 2319 296 2373 τῶν
321 2314 455 2400 γονίμων
473 2312 598 2402 ἀγαθῶν
616 2317 743 2391 αἰτίους
760 2315 820 2405 χρὴ
839 2319 942 2381 τοίνυν
960 2320 1137 2383 ἐντείνοντα
1155 2327 1250 2382 τοῦτο
1268 2319 1305 2382 τό
1323 2319 1483 2408 τρίγωνον,
1500 2323 1541 2392 ὡς
1566 2319 1690 2405 εἴρηται

138 2427 195 2492 τῆς
219 2416 309 2506 ὀρθῆς
334 2422 446 2508 γωνίας
471 2420 554 2485 κατά
571 2433 628 2496 τῆς
646 2425 884 2514 ῶροσαοποὺσης
901 2429 1007 2516 μοίρας
1025 2424 1315 2515 ἐγ]κεντρισθείσης,
1334 2426 1462 2500 καὶτῆς
1484 2425 1539 2512 μὲν
1566 2427 1688 2509 [ὑπτίας

139 2529 169 2590 ἐν
194 2529 270 2614 τοῖς]
295 2528 454 2614 ἑπομένοις
480 2532 582 2606 οὑσης,
608 2543 665 2608 τῆς
691 2525 723 2597 δέ
740 2532 830 2622 ὀρθῆς
855 2537 885 2598 έν
910 2546 974 2611 τοῖς
999 2535 1193 2624 ήγουμένοις,
1211 2545 1268 2609 τῆς
1288 2525 1321 2598 δέ
1345 2533 1565 2608 ὑποτεινούσης
1591 2534 1687 2621 μέσης

99 2641 109 2662 ‘
139 2637 272 2722 ἀμροῶι,
297 2641 368 2724 ὀροῖν
394 2648 457 2712 τοῖς
482 2662 518 2702 τε
541 2641 816 2729 ὑποτεινοξμένοις]
842 2633 963 2720 ζωδίοις
995 2642 1055 2706 ὑπό
1079 2651 1136 2716 τῆς
1161 2643 1282 2717 ὑπτίας,
1307 2639 1361 2704 καί
1384 2649 1442 2716 τῆς
1469 2639 1689 2715 ὑποτεινούσης

139 2743 198 2807 τήν
224 2743 315 2831 ὀρθήν
341 2736 555 2834 ἀποδεδομένα
580 2759 732 2838 στοιχεῖα,
753 2749 806 2812 καί
833 2751 919 2834 [τοῖς]
939 2748 1000 2813 ὑπό
1016 2746 1075 2819 τήν
1094 2745 1185 2836 ὀρθήν
1203 2747 1257 2811 καί
1272 2745 1332 2819 τήν
1356 2750 1481 2829 ὑπτίαν,
1499 2747 1552 2810 καί
1575 2749 1687 2828 ποιίεῖν

139 2853 184 2935 ἐκ)
212 2875 246 2915 τε
270 2854 392 2916 ἐκείνων
418 2864 479 2916 τῶν
505 2853 588 2919 κατά
613 2855 671 2926 τήν
696 2858 917 2920 ὑποτείνουσαν
943 2856 996 2918 καί
1013 2854 1071 2924 τήν
1089 2858 1202 2918 ὑπτίαν
1220 2856 1270 2919 ἐπὶ
1287 2864 1350 2919 τῶν
1368 2856 1563 2942 ἐννεαμήνων
1589 2877 1689 2925 σεση-

140 2960 317 3050 μειωμένων
342 2963 498 3051 γενέσεων,
523 2963 577 3026 καί
591 2964 850 3053 καταληρθεισῶν
870 2967 930 3028 ἀπό
949 2975 988 3036 τῆ
995 2990 1006 3039 ς
1024 2967 1177 3051 σπορίμης
1194 2963 1274 3053 ὥρας
1292 2964 1411 3028 καὶέπὶ
1429 2973 1490 3026 τῶν
1516 2972 1647 3051 στερεῶν
1658 2959 1686 3047 ⁴)

139 3067 221 3134 κατά
246 3069 304 3141 τήν
330 3069 421 3160 ὀρθήν
447 3073 500 3135 καί
524 3071 583 3142 τήν
608 3077 721 3138 ὑπτίαν
747 3074 804 3136 είσί
821 3083 883 3137 τῶν
901 3072 1102 3158 ἐπταμήνων,
1121 3071 1261 3158 ὀνόματα
1282 3081 1389 3136 τοῦτο
1413 3070 1605 3159 κυριεύοντος
1629 3080 1687 3145 τῆς

84 3197 110 3232 2⁰
140 3185 201 3240 τῶν
226 3179 421 3266 ἐννεαμήνων
447 3187 572 3263 σπορᾶς,
590 3179 713 3244 καὶτοῦ
731 3179 925 3269 κυριεύοντος
943 3189 999 3252 τῆς
1017 3186 1079 3240 τῶν
1101 3177 1292 3264 ἐπταμήνων
1317 3171 1523 3266 λαμύάνοντα
1547 3188 1688 3265 στοιχεῖα

138 3293 200 3348 τῶν
224 3275 354 3370 ζωδίων,
379 3287 465 3350 ὅπουΙ
482 3285 536 3375 μέν
560 3296 622 3350 τῶν
648 3286 731 3350 κατά
756 3287 815 3356 τήν
831 3288 1052 3350 ὑποτείνουσαν
1070 3285 1124 3349 καί
1141 3285 1199 3354 τήν
1218 3287 1340 3363 ὑπτίαν,
1359 3287 1435 3350 ὅπου
1460 3277 1493 3350 δέ
1516 3295 1579 3349 τῶν
1603 3285 1687 3349 κατά

138 3389 197 3454 τήν
222 3390 314 3480 ὀρθήν
339 3393 392 3456 καί
416 3392 475 3462 τήν
499 3395 623 3474 ὑπτίαν,
640 3400 680 3469 ὡς
702 3385 924 3483 διανενέμηται
949 3399 979 3458 ἐν
1004 3404 1043 3477 τῇ
1073 3398 1213 3482 ίερατικῇ
1240 3394 1350 3482 τέχνῃ·
1374 3395 1464 3458 ἔσται
1487 3392 1546 3484 γάρ
1571 3394 1608 3456 τό
1632 3417 1686 3482 γι-

138 3499 285 3587 γνόμενον
303 3503 337 3564 ἐκ
361 3501 481 3565 τούτων
499 3501 631 3565 καὶτῶν
649 3503 767 3566 οἰκείων
784 3513 849 3577 τοῖς
865 3501 1032 3582 πλάνησιν,
1050 3506 1089 3575 ὡς
1106 3503 1236 3588 εἴρηται,
1253 3511 1308 3565 τοὺ
1326 3503 1430 3590 κυρίου
1452 3511 1514 3564 τῶν
1539 3501 1685 3590 γενέσεων

138 3618 199 3671 τῶν
223 3611 417 3696 ἐννεαμήνων
442 3611 495 3672 καί
519 3611 722 3698 ἐπταμήνων·
749 3601 810 3675 δεῖν
835 3610 893 3702 γάρ
918 3609 1040 3698 θεωρεῖν
1072 3610 1126 3672 καί
1154 3619 1215 3672 τῶν
1241 3610 1377 3700 ἀστέρων
1402 3620 1464 3674 τῶν
1489 3621 1529 3694 τῇ
1556 3611 1619 3698 ὥρα
1643 3620 1684 3694 τῇ

83 3730 110 3766 2⁵
139 3717 273 3803 σπορίμη
301 3711 634 3806 συσχηματιζομένων·
653 3720 734 3792 ὅπως
752 3711 813 3794 οὑν,
832 3717 956 3806 ἄμεινον
975 3710 1009 3782 δέ
1025 3727 1087 3781 τῶν
1105 3716 1189 3781 κατά
1205 3719 1366 3806 τρίγωνον,
1384 3716 1437 3781 καί
1461 3717 1600 3805 μάλιστα
1624 3728 1686 3782 τῶν

139 3823 334 3914 ἀγαθοποιῶν
349 3823 374 3906 ⁸)
399 3825 454 3900 τάς
480 3827 612 3914 ἐποχάς·
637 3825 690 3890 καί
715 3817 1037 3915 συμπαραλαμὺάνειν
1066 3825 1119 3888 καί
1143 3821 1184 3888 τά
1208 3827 1330 3889 ἐκείνων
1355 3835 1497 3913 στοιχεῖα
1522 3825 1575 3888 καί
1599 3849 1683 3913 συμ-

136 3933 261 3996 πλέκειν
286 3935 469 4022 ἐναρμονίοις
502 3931 543 4008 οἷς
568 3945 630 3998 τῶν
654 3927 771 4012 ζωδίων
798 3933 838 3998 τά
863 3943 925 3998 τῶν
950 3932 1148 4022 ἀγαθοποιῶν
1179 3935 1357 4021 συνείροντα
1381 3933 1435 3996 καί
1458 3935 1557 3997 πλείω
1581 3945 1684 3997 ταῦτα

292 4033 439 4104 ὀάνοντα·
457 4043 590 4116 σπανίως
609 4033 642 4106 δέ
658 4041 700 4107 τά
721 4045 793 4127 [τῶν
812 4043 968 4107 ἐναντίων·
986 4043 1056 4126 (fol.
1077 4045 1152 4120 101)
1170 4041 1330 4131 ἀναλόγως
1347 4039 1407 4130 γάρ
1426 4040 1549 4124 σώμασι
1567 4039 1622 4127 μέν
1640 4039 1681 4104 τά

136 4044 289 4128 παραλαμ

137 4159 198 4211 τῶν
215 4140 360 4235 ζωδίων,)
380 4145 527 4238 ψυχαῖςῧ)
546 4142 654 4240 [δέτά
673 4161 734 4214 τῶν
753 4153 901 4238 ἀστέρων·
924 4148 1098 4235 ταῦταμὲν
1124 4148 1184 4239 γάρ
1208 4147 1291 4236 ἐστι]
1317 4149 1492 4236 φωνήεντα·
1518 4147 1684 4236 [σύμφωνα

82 4263 109 4300 ³⁰
138 4245 170 4320 δὲ
187 4253 228 4319 τά
252 4261 326 4341 τῶν)
353 4249 481 4336 ζωδίων,
507 4269 597 4346 σῶμα
615 4249 648 4321 δέ
665 4257 737 4322 ἀνευ
755 4256 855 4347 ψυχῆς
875 4250 1040 4345 [ἀδύνατον
1058 4254 1126 4346 ἧν,]
1145 4255 1247 4345 ψυχὴν
1266 4249 1291 4321 δ’
1310 4257 1382 4322 ἄνευ
1400 4256 1556 4345 σώματος,
1581 4257 1684 4344 ὥσπερ

136 4363 189 4426 καί
213 4363 254 4428 τά
279 4365 332 4452 μέν
358 4365 507 4454 σύμρωνα
532 4365 735 4454 ἐκρωνεῖσθαι
759 4367 851 4456 χωρίς
875 4371 951 4452 τῶν]
970 4366 1155 4455 φωνηέντων
1180 4368 1213 4430 οὑ
1231 4367 1378 4454 πέφυκεν,
1397 4363 1437 4428 τά
1463 4356 1496 4428 δὲ
1521 4364 1684 4451 φωνηέντα

136 4481 198 4534 τῶν
224 4471 394 4561 συμφώνων
419 4475 521 4562 Ιχωρίς.
540 4477 618 4537 Ποῖα
636 4465 670 4537 δε
687 4475 766 4536 τίσιν
784 4479 881 4539 οἰκεῖα
898 4499 930 4538 τι
943 4472 969 4559 7)
988 4484 1050 4537 τῶν
1069 4467 1186 4552 ζωδίων
1205 4473 1223 4544 ή
1242 4483 1304 4537 τῶν
1322 4477 1505 4554 πλανητῶν,
1524 4473 1555 4536 έν
1576 4470 1684 4544 ἄλλοις

137 4581 271 4668 εἴπομεν·
297 4582 350 4644 καί
375 4583 455 4654 ὅπως
474 4571 689 4670 συνδιήρηται,
706 4579 747 4644 τά
765 4583 819 4670 μέν
836 4581 918 4646 ἐπτά
935 4584 1100 4672 φωνήεντα
1118 4594 1182 4657 τοῖς
1199 4581 1280 4647 ἐπτά
1298 4581 1464 4655 πλάνησιν,
1482 4579 1523 4644 τά
1546 4570 1579 4644 δέ
1603 4577 1684 4644 ἑπτά

136 4686 188 4750 καὶ
205 4679 280 4752 δέκα
297 4687 446 4776 σύμρωνα
461 4698 523 4763 τοῖς
538 4677 659 4752 δώδεκα
678 4679 807 4766 ζωδίοις.
823 4694 873 4752 Ἰίν
888 4681 921 4754 δέ
936 4685 1010 4777 [οὑν]
1029 4701 1098 4764 ταῖς
1116 4694 1324 4778 συμπλοκαῖς,
1342 4687 1472 4779 ἀρκτέον
1491 4711 1526 4752 τε
1543 4685 1604 4750 ἀπό
1621 4695 1684 4748 τῶν

81 4804 108 4840 ³⁵
136 4796 319 4883 φωνηέντων
337 4797 390 4858 καί
407 4801 437 4860 ἐν
456 4796 558 4884 μέσοις
577 4795 658 4860 αὑτά.
675 4807 740 4872 τοῖς
759 4797 932 4888 συμρώνοις
947 4795 971 4884 8γ
989 4798 1104 4878 θετέον,
1121 4797 1174 4860 καί
1192 4801 1233 4871 είς
1256 4795 1337 4860 αὑτά
1361 4794 1593 4866 καταληκτέον·
1619 4802 1683 4856 τῶν

136 4897 169 4968 δέ
186 4903 368 4994 συμφώνων,
383 4906 458 4969 ὅπου
473 4903 527 4992 μέν
545 4911 584 4980 ὡς
601 4905 651 4970 ἐπί
668 4915 729 4968 τῶν
748 4907 943 4994 ἐννεαμήνων
960 4913 1070 4994 πρῶτα
1088 4903 1193 4968 θετέον
1212 4903 1252 4968 τά
1267 4913 1324 4979 τῆς
1341 4904 1464 4980 ὑπτίας,
1482 4895 1550 4967 εἶτα
1566 4899 1607 4966 τά
1626 4910 1684 4975 τῆς

171 5081 192 5153 ¹)
212 5082 386 5150 ἐπιτηροῦντας
406 5080 469 5136 cod.
490 5079 553 5137 sine
571 5081 677 5138 notula
696 5099 750 5137 em.
972 5083 995 5155 ⁵)
1014 5083 1049 5138 A.
1070 5085 1177 5156 ἀγαθῶν.

171 5171 194 5240 ²)
213 5171 249 5225 A.
269 5173 388 5240 ‘'wiw-
972 5173 994 5243 ⁶)
1012 5173 1047 5227 A.
1068 5174 1156 5241 ὑμῖν·

169 5259 193 5332 ³)
213 5259 255 5316 Cf.
275 5277 303 5332 p.
323 5259 383 5330 127,
402 5259 446 5331 25,
465 5261 509 5316 29.
973 5263 995 5334 ⁷)
1014 5264 1049 5318 A.
1069 5279 1125 5317 om.
1146 5283 1176 5328 τι,
1196 5260 1272 5333 1οὲίὺ
1291 5262 1390 5314 οἰκείαν.

169 5353 193 5424 ⁴)
212 5351 247 5407 A.
268 5355 316 5404 τῶν
336 5355 450 5422 στιρρῶν.
973 5353 996 5425 8)
1015 5354 1050 5408 A.
1070 5351 1090 5407 f.
1110 5351 1156 5407 30.

242 5473 246 5482 '
275 5478 371 5534 ΑκΑο.
391 5492 419 5549 ν,
438 5477 480 5532 12.
