4022 6072
847 526 996 634 Carmen

493 673 599 772 Tolle
622 707 787 790 peceatum
803 697 838 783 ¹),
863 700 948 766 dilue
971 697 1127 782 facinora,

552 813 659 880 Ablue
682 812 798 892 sordes,
822 810 967 893 donaque
990 807 1193 888 charismata,

553 921 702 990 Instaura
724 941 830 986 meum
853 915 1027 982 clementer
1049 912 1271 999 pectusculum

865 1024 999 1090 Munere
1023 1026 1092 1090 tuo.

499 1177 655 1278 Veniam
678 1213 766 1295 peto,
789 1229 853 1272 non
876 1205 914 1272 de
937 1204 1016 1270 meis
1039 1197 1204 1283 meritis²)

556 1319 660 1399 Fisus,
683 1317 738 1383 sed
760 1321 817 1382 tua
839 1317 946 1381 certus
969 1313 1007 1378 de
1031 1311 1213 1392 elementia,

556 1425 619 1506 Qui
641 1426 725 1492 bona
748 1425 811 1490 reis
833 1423 953 1508 pietate
977 1421 1074 1487 solita

839 1600 845 1614 ,
870 1529 978 1597 Gratia
1000 1527 1168 1614 impendis.

501 1682 649 1797 Christe,
673 1719 706 1781 te
728 1734 853 1798 semper
875 1715 964 1778 recta
986 1710 1058 1791 fide,
1081 1709 1187 1792 labiis,

559 1824 623 1891 Ore
646 1821 807 1890 confessus
821 1819 846 1902 8)
870 1819 988 1888 credidi
1011 1817 1201 1900 orthodoxo,

559 1925 803 1999 Haeretieorum
827 1930 944 2015 dogma
966 1927 1056 1994 nefas
1079 1926 1188 2011 respui

875 2037 1009 2104 Pectora
1033 2056 1128 2123 puro.

504 2190 689 2309 Hymnum
713 2221 799 2288 fideli
822 2218 1015 2287 modulando
1039 2222 1173 2304 gutture

559 2330 692 2396 Arrium
715 2349 830 2412 sperno
854 2333 886 2395 et
909 2328 1081 2392 latrantem
1093 2320 1121 2408 4)
1146 2325 1335 2406 Sabellium,

565 2437 693 2504 Assensi
717 2457 880 2522 nunquam
903 2433 1089 2518 grunnienti
1114 2432 1236 2498 Simoni

873 2541 961 2610 Aure
984 2563 1124 2608 susurra.

503 2693 656 2810 Zeloque
680 2723 799 2790 christi
822 2721 944 2788 zelatus
967 2743 1038 2788 sum
1061 2719 1201 2802 nomine,

565 2833 618 2900 Me
640 2837 751 2899 sancta
773 2836 877 2897 mater
890 2829 915 2914 5)
940 2829 1024 2896 lacte
1048 2851 1122 2894 nam
1145 2828 1304 2896 catholieo

562 2940 702 3026 Tempus
725 2962 782 3024 per
805 2961 899 3006 omne
922 2938 1064 3004 Ecclesia
1086 2937 1222 3003 nutrivit

878 3045 984 3112 Ubere
1008 3067 1074 3112 suo.

509 3195 638 3296 Gloria
660 3234 788 3296 sanetas
801 3227 964 3294 ffrinitati
987 3227 1108 3308 unicae,

564 3337 614 3406 Sit
637 3336 705 3404 Deo
730 3336 829 3415 Patri,
852 3333 979 3414 (lenito,
1003 3332 1174 3415 Paraelit0‚

566 3445 651 3512 Laus
674 3465 746 3510 mea
768 3442 868 3510 semel
891 3443 924 3507 in
948 3462 1041 3507 omne
1064 3463 1122 3526 per
1145 3440 1272 3508 saecula

880 3547 1049 3616 Saeculum
1071 3569 1207 3632 semper.
1232 3547 1348 3614 Amen.
1408 3533 1410 3538 ¹

911 3873 972 3940 Ill.

447 4069 585 4138 Sanctus
608 4069 764 4137 Hilarius
786 4069 874 4152 apud
896 4069 1078 4136 Honorium
1101 4067 1433 4153 Aupustoduncusem.

214 4267 434 4334 MONITUM.
459 4302 502 4314 -
525 4267 689 4333 Bernardo
712 4266 807 4333 Pezio
830 4271 997 4352 acceptum
1021 4263 1160 4332 refertur
1183 4265 1335 4352 quidquid
1365 4265 1430 4333 luci
1460 4265 1570 4332 datum
1601 4269 1651 4332 eet
1675 4287 1713 4332 ex

169 4375 278 4460 amplo
301 4371 436 4441 Honorii
459 4375 688 4442 commentario
710 4375 743 4440 iu
766 4375 917 4460 psalmon,
941 4396 1000 4440 nec
1023 4379 1150 4440 tantum
1172 4373 1205 4438 in
1228 4377 1350 4459 septem
1373 4373 1534 4459 psalmos:
1554 4377 1591 4440 nt
1614 4372 1713 4459 vulgo

168 4482 286 4552 dicitur
309 4483 411 4564 (Hier.
435 4483 533 4550 litter.
557 4483 596 4549 de
619 4483 652 4550 lu
674 4481 736 4548 Fr.
760 4487 784 4548 t.
808 4501 857 4546 x11
880 4505 911 4574 p.
931 4483 1018 4565 165),
1034 4481 1088 4547 sed
1104 4485 1137 4546 et
1152 4481 1231 4547 alios
1255 4502 1368 4546 novem
1391 4487 1424 4547 et
1447 4482 1612 4567 sexaginta
1634 4501 1714 4565 qnos

169 4591 253 4656 idem
276 4589 390 4656 Penius
413 4590 445 4656 in
470 4589 588 4656 Gerhoi
611 4591 875 4655 commentarium
898 4589 1042 4656 inseruit.
1067 4589 1137 4666 Qua
1153 4589 1279 4675 prolixa
1302 4589 1439 4656 editions
1457 4591 1640 4676 profligata,
1665 4590 1714 4655 rir

172 4696 310 4782 diligens
328 4698 418 4782 eujus
433 4697 564 4763 schedas
580 4697 724 4764 evolvere
740 4697 831 4762 nobis
848 4697 994 4782 contigit,
1011 4699 1045 4762 in
1059 4698 1197 4764 codicem
1221 4697 1356 4763 Honorii
1379 4699 1501 4779 incidit,
1525 4720 1588 4784 quo
1612 4697 1717 4764 fontes

171 4829 244 4874 cum
261 4809 428 4873 auctorum
445 4806 627 4872 nominibus
643 4805 917 4891 significabantur.
934 4805 1022 4882 Quae
1039 4807 1079 4872 ad
1094 4805 1254 4872 Hilarium
1270 4807 1458 4892 spectabant
1474 4829 1511 4874 eo
1531 4807 1717 4893 diligentius
1781 4821 1784 4827 “

210 5086 233 5164 ι)
251 5087 283 5147 0.
303 5092 373 5148 tolle
386 5093 566 5164 peccata...
586 5090 625 5147 Μ.
645 5091 783 5166 donaque
808 5095 919 5151 charte-
1008 5091 1033 5164 ⁴)
1051 5089 1084 5149 0.
1103 5108 1211 5164 sperno
1230 5095 1398 5150 latrantem.

171 5183 299 5236 matum.
1009 5184 1032 5256 ι)
1050 5182 1084 5239 0.
1103 5183 1217 5240 Sancta
1234 5199 1308 5240 nam
1325 5187 1423 5240 mater
1440 5183 1516 5241 laete
1533 5198 1606 5242 me...
1625 5184 1715 5243 eccu-

210 5267 236 5341 ¹)
255 5267 288 5325 0.
306 5271 380 5327 meis
397 5285 457 5328 non
475 5272 512 5328 dc
530 5271 651 5330 meritis.
974 5273 1021 5330 cta
1040 5273 1173 5330 nutrivit.

210 5355 233 5430 ³)
252 5355 292 5414 M.
311 5374 361 5416 ore
380 5358 524 5430 confessio
545 5359 596 5416 sic.
