3978 6070
277 514 312 572 64
677 507 770 598 Quid
785 509 889 602 fusus
905 531 982 584 oum
1001 512 1140 605 cuspide
1157 515 1431 590 adamantinus?

274 676 368 744 εἰπὼν
391 672 519 770 ὕπαρξιν
536 680 619 746 αύτά
635 680 808 757 κεκτῆσθαι
823 693 886 748 τῶν
904 677 1150 773 συμύεύηκότων
1167 684 1209 763 τί,
1224 686 1279 751 τόν
1297 677 1465 776 ἀδάμαντα
1481 684 1580 770 ἔθετο,
1597 690 1646 754 ίνα
1662 689 1716 754 καί
1731 695 1820 779 ἡμεῖς

273 787 409 864 εἰπόντες
433 789 471 853 τό
496 789 612 855 ἄλυτον
637 780 753 864 δηλοῦν
777 793 831 856 καί
848 791 979 881 μόνιμον
996 793 1091 858 αὐτόν
1109 783 1160 858 διά
1176 804 1232 859 τοῦ
1250 793 1449 885 συνθήματος
1466 796 1591 874 τούτου,
1616 808 1678 862 τῶν
1702 802 1820 864 λοιπῶν

274 889 518 985 ἀντιλαύώμεθα
541 897 743 990 σκεμμάτων·
760 899 844 965 ἀλλά
859 899 919 971 τάν
937 902 1043 966 ούσίαν
1061 901 1159 974 αὐτὴν
1176 913 1231 967 τοῦ
1248 927 1284 968 τε
1301 907 1472 995 ἀγκίστρου
1497 905 1550 969 καί
1572 915 1631 981 τῆς
1654 907 1820 984 ἠλακάτης

274 994 443 1092 ἀδάμαντα
466 1006 629 1084 κέκληκεν,
646 1007 699 1072 καί
723 1008 778 1072 τόν
796 999 967 1099 σφόνδυλον
984 1004 1016 1088 ἐξ
1033 1001 1214 1100 ἀδάμαντος
1231 1012 1286 1100 μὲν
1303 1006 1381 1077 εἶναι
1400 1011 1453 1078 καί
1475 1013 1580 1091 αὑτὸν,
1605 1011 1689 1080 ἀλλά
1712 1017 1766 1081 καί
1788 1009 1821 1096 ἐξ

233 1134 246 1172 ι
273 1112 378 1178 ἄλλων
402 1123 509 1206 γενῶν·
534 1104 582 1180 δεῖ
603 1116 707 1181 τοίνυν
731 1116 785 1182 καί
808 1117 859 1182 έπὶ
882 1117 1003 1185 τούτων
1029 1110 1102 1184 ἰδεῖν
1126 1120 1173 1196 τίς
1196 1123 1212 1183 6
1237 1110 1361 1210 ἀδάμας
1386 1121 1426 1210 μό

272 1331 296 1398 f.
315 1332 378 1398 142
394 1354 437 1412 τ,
453 1331 488 1396 in
510 1331 628 1398 lacuna
643 1333 671 1398 ·4
687 1354 790 1400 τοτεε
807 1335 1050 1423 ...συμπληροῖ...
1068 1335 1173 1408 ἁπλῶς
1198 1334 1343 1423 σημαίν...
1360 1331 1509 1409 ἀπαθὲς...
1527 1327 1697 1427 ἀδάμαντα
1709 1355 1749 1412 ;-;
1764 1339 1819 1404 καί

272 1431 430 1527 ἀδάμας...
454 1439 634 1528 έκφήνωμεν
658 1441 705 1515 τίς
730 1443 746 1503 6
761 1455 801 1510 -31-
815 1439 911 1517 πόλος
927 1439 969 1505 ὢν
987 1440 1040 1505 καί
1055 1442 1102 1517 τίς
1119 1445 1134 1504 6
1151 1434 1242 1520 ἄξων·
1260 1439 1428 1518 ...ἀπαθεῖς
1445 1447 1529 1518 είσιν,
1548 1443 1597 1510 ἵνα
1620 1445 1674 1513 καί
1697 1455 1819 1536 γνῶμεν

270 1558 335 1624 πῶς
356 1546 501 1639 ἑκάτερος
518 1538 642 1638 ἀδάμας
657 1550 861 1641 προσείρηται
877 1543 1084 1639 συμύολικῶς,
1101 1555 1140 1626 ὡς
1157 1561 1222 1626 τοῖς
1240 1545 1331 1626 θείοις
1348 1549 1454 1639 μάθοις
1470 1550 1554 1616 ἐστίν
1571 1550 1638 1630 ἔθος
1657 1553 1699 1618 τά
1723 1555 1821 1646 ἀπόρ-

272 1679 353 1746 ρητα
376 1655 533 1748 κρύπτειν·
558 1657 625 1722 έπεί
648 1658 762 1723 καὶτὸ
785 1657 882 1725 πόλον
899 1657 953 1725 καὶ
969 1651 1064 1736 ἄξονα
1081 1657 1175 1749 φάναι
1196 1656 1538 1748 μαθηματικευομένων
1563 1661 1657 1738 ἐστίν,
1682 1664 1755 1726 ἀλλ’
1779 1665 1816 1728 ού

218 1782 244 1818 ¹⁰
272 1763 502 1854 θεολογούντων
527 1765 664 1857 (γελοῖον
688 1763 748 1855 γάρ
774 1767 913 1853 σημείοις
931 1761 1059 1855 ἀψύχοις
1075 1765 1128 1830 καὶ
1145 1775 1306 1855 γραμμαῖς
1329 1767 1519 1854 πιστεῦσαι),
1540 1768 1578 1831 τό
1601 1777 1663 1833 πᾶν
1689 1767 1743 1857 μέν
1767 1762 1820 1834 ούν

271 1869 439 1960 ἀσώματον
464 1871 611 1962 ἑκάτερον
637 1865 725 1954 εἶναι,
749 1872 846 1937 παντί
874 1872 1021 1961 φανερόν·
1046 1874 1117 1938 τίνα
1142 1864 1176 1938 δὲ
1199 1873 1276 1938 ὄντα
1302 1873 1435 1964 συνέχει,
1459 1872 1519 1946 τήν
1542 1874 1710 1966 περιφοράν
1735 1874 1820 1940 θείαν

269 1973 382 2064 οὖσαν,
406 1983 433 2046 εὶ
455 1978 498 2069 μὴ
525 1983 698 2072 κενολογεῖν
722 1977 898 2067 ἐθέλοιμεν,
923 1970 971 2044 δεῖ
994 1970 1095 2052 δήπου
1124 1979 1227 2070 λέγειν
1252 1985 1354 2070 ημᾶς·
1380 1981 1521 2072 λέγωμεν
1549 1983 1664 2064 τοίνυν,
1688 1983 1739 2047 ότι
1762 1992 1818 2046 τοῦ

270 2087 388 2176 κόσμου
412 2088 466 2154 τόν
491 2088 586 2153 αὐτόν
611 2087 660 2153 ἀεὶ
683 2087 779 2152 τόπον
795 2085 996 2176 κατέχοντος,
1015 2086 1186 2174 καὶταύτῃ
1205 2087 1261 2176 μὲν
1284 2089 1383 2172 ὄντος,
1401 2090 1528 2177 ἔχοντος
1553 2081 1587 2154 δὲ
1610 2090 1664 2154 καί
1687 2094 1818 2167 κίνησιν,

269 2194 329 2267 τήν
344 2199 385 2270 ,ἑν
408 2198 516 2280 ταύτῷ
540 2195 624 2262 κατά
647 2191 751 2261 ταύτά
776 2194 828 2259 καί
851 2197 882 2258 ἑν
899 2187 986 2271 τάξει
1003 2194 1242 2285 περιαγομένην,
1269 2193 1408 2286 Ἀνάγκη
1435 2187 1536 2270 δήπου
1560 2198 1614 2262 καὶ
1637 2208 1695 2274 τῆς
1720 2209 1816 2288 μονῆς

218 2335 243 2373 ιε
271 2307 368 2371 αὐτοῦ
391 2303 528 2380 καὶτῆς
552 2309 582 2370 ἐν
606 2305 713 2387 ταύτῷ
736 2311 935 2393 περιαγωγῆς
966 2295 1043 2366 εἶναι
1071 2300 1152 2378 θείας
1180 2303 1299 2378 αἰτίας·
1320 2312 1381 2367 πᾶν
1398 2302 1466 2393 ,γάρ
1483 2305 1557 2394 ὅπερ
1585 2305 1622 2370 ἀν
1647 2307 1817 2398 ἔχῃρπαρ

270 2413 376 2480 ἄλλων
401 2417 476 2505 ἔχει,
501 2412 554 2478 καί
576 2412 636 2502 πρό
659 2421 723 2477 τῶν
747 2411 852 2475 ἄλλων
876 2408 936 2484 τλν
954 2409 1103 2474 σύστασιν
1128 2411 1238 2484 αὐτήν·
1258 2410 1387 2500 τοῦμὲν
1411 2405 1463 2476 οὖν
1488 2413 1567 2488 ὁλως
1590 2413 1740 2479 κινεῖσθαι
1763 2417 1817 2480 τὀν

269 2521 397 2610 ούρανόν
428 2520 527 2593 αὐτήν
553 2523 656 2587 αἰτίαν
681 2515 758 2585 εἶναι
783 2517 889 2584 θετέον
914 2517 973 2590 τὴν
998 2518 1141 2609 ούρανίαν
1162 2515 1284 2607 ψυχήν·
1309 2529 1365 2584 τοῦ
1390 2511 1423 2585 δὲ
1446 2520 1501 2584 τόν
1526 2522 1621 2587 αύτδν
1650 2524 1698 2587 ἀεὶ
1720 2522 1818 2589 τόπον

270 2629 418 2722 κατέχειν
442 2630 495 2696 καί
517 2629 581 2708 ἕνα,
598 2628 657 2700 τὴν
675 2640 818 2718 σφαῖραν,
836 2630 892 2692 ούκ
909 2625 988 2692 ἀλλο
1005 2652 1037 2691 τι
1053 2625 1112 2716 χρὴ
1132 2626 1249 2692 οἴεσθαι
1265 2631 1365 2694 αἴτιον
1391 2622 1478 2711 εἶναι,
1493 2628 1577 2702 πλήν
1602 2640 1657 2694 τοῦ
1680 2631 1819 2721 κέντρου·

270 2739 384 2805 τούτου
401 2737 460 2832 γάρ
484 2737 579 2827 μόνου
603 2735 820 2820 σαλευθέντος,
837 2741 879 2811 είς
895 2734 992 2800 ἄλλον
1010 2727 1228 2823 μεταθήσεται
1244 2735 1352 2815 τόπον,
1368 2736 1435 2802 ἐπεὶ
1450 2747 1513 2802 τῶν
1530 2761 1567 2828 γε
1588 2737 1694 2803 πόλων
1717 2763 1819 2804 κινου·

216 2872 244 2910 ιο
272 2849 370 2940 μένων
395 2845 465 2912 καθ’
489 2844 643 2923 ὑπόθεσιν,
666 2840 729 2910 οἷον
753 2836 957 2934 ἐξαιρομένων
982 2842 1043 2908 ἀπὸ
1060 2852 1115 2907 τοῦ
1132 2837 1298 2932 ὁρίζοντος,
1315 2835 1449 2912 δυνατόν
1473 2848 1521 2912 ἔτι
1545 2845 1645 2935 μένειν
1662 2869 1702 2922 -;·-.
1719 2851 1750 2912 ἑν
1774 2857 1821 2912 τῶ

270 3065 294 3132 f.
310 3065 383 3145 143,
397 3064 432 3130 in
443 3064 561 3129 lacuna
573 3063 593 3128 3
606 3084 704 3128 versa
718 3057 897 3148 τμημάτων
910 3057 1088 3148 ἑκάτερον...
1104 3060 1199 3125 αὐτόν
1212 3060 1371 3151 τμήματι,
1384 3070 1425 3146 τῇ
1439 3059 1526 3151 περὶ.
1539 3084 1628 3151 ..ραν
1640 3063 1820 3152 τεκμήριον,

271 3163 365 3244 δηλοῖ
376 3167 437 3260 γάρ
450 3173 466 3232 6
479 3166 564 3234 κατά
574 3220 599 3235 ..
613 3162 734 3248 ,ζοντες
748 3165 858 3234 κύκλοι
871 3178 1039 3258 μιμοῦνται
1054 3167 1229 3259 ἑκάτεροι...
1241 3167 1317 3259 ἔχρη
1336 3177 1392 3233 τοῦ
1409 3169 1559 3260 μεγίστου
1575 3179 1638 3234 τῶν
1656 3175 1725 3258 μετ’
1739 3173 1819 3235 ἐκεῖ-

270 3303 322 3344 νον
340 3283 387 3369 αφ’
404 3277 539 3343 ἑκάστου
555 3275 615 3351 τήν
632 3277 776 3343 ἐναντίαν
795 3276 957 3366 ἰσχόντων,
973 3278 1048 3368 πρὸς
1063 3276 1096 3343 όν
1114 3280 1292 3368 ἀφίστωται
1306 3277 1366 3349 τὴν
1386 3278 1533 3353 κινήσεως
1551 3268 1690 3368 δύναμιν·
1708 3270 1815 3350 ἐπειδὴ

271 3380 304 3454 δὲ
320 3397 383 3453 τῶν
396 3387 517 3464 πόλων,
535 3389 575 3461 ὡς
591 3386 724 3474 εἴρηται,
741 3396 806 3461 τοῖς
822 3384 984 3475 τμήμασιν
1002 3379 1232 3478 διαιρουμένων,
1250 3390 1317 3479 όρος
1333 3390 1349 3450 6
1368 3386 1515 3476 μέγιστος
1539 3385 1663 3470 κύκλος,
1687 3377 1750 3454 ἔδει
1774 3377 1813 3461 δή

216 3513 243 3552 ²⁵
270 3521 342 3562 τινα
365 3495 419 3560 καί
442 3504 499 3570 τῆς
523 3504 627 3570 κοινῆς
651 3488 871 3560 πάντωνεῖναι
894 3503 957 3558 τῶν
981 3495 1104 3559 κύκλων
1119 3505 1321 3587 περιαγωγῆς
1340 3496 1455 3560 ἑνιαίαν
1480 3494 1593 3571 αἰτίαν,
1617 3491 1739 3564 ταύτην
1764 3516 1817 3582 μοι

271 3596 359 3670 δοκεῖ
378 3601 605 3693 προσίστασθαι
628 3601 687 3672 τλν
704 3604 808 3667 αἰτίαν
826 3606 841 3666 6
859 3595 951 3680 ἀξων,
969 3602 1134 3668 συνάπτων
1151 3603 1210 3678 τάς
1225 3612 1288 3668 τῶν
1304 3601 1426 3667 κύκλων
1450 3599 1576 3670 πάντων
1600 3600 1744 3678 κινήσεις,
1762 3600 1817 3664 καί

270 3717 300 3778 έν
324 3715 431 3794 ταύτῷ
453 3711 523 3802 περὶ
545 3710 657 3776 ἑαυτὸν
680 3709 802 3788 πάντας
825 3711 994 3803 περιάγων.
1018 3716 1055 3776 Εἰ
1071 3703 1108 3782 δὴ
1132 3722 1235 3777 ταῦτα
1260 3709 1354 3800 ὀρθῶς
1378 3715 1453 3797 ήμῖν
1479 3701 1639 3799 διώρισται
1663 3701 1816 3797 (μεταύα-

269 3823 340 3887 τίον
357 3818 417 3911 γάρ
434 3819 485 3885 ἐπί
499 3817 541 3884 τά
564 3819 642 3884 ὄντα
657 3819 766 3883 λοιπόν
785 3821 845 3884 ἀπό
861 3829 925 3884 τῶν
942 3811 976 3885 δὲ
992 3829 1055 3884 τῶν
1072 3818 1258 3907 ὀνομάτων),
1277 3823 1305 3882 οί
1323 3817 1377 3908 μέν
1394 3822 1452 3882 εἱσι
1463 3816 1486 3902 ¹)
1504 3817 1632 3882 πάντων
1649 3822 1677 3882 σί
1693 3816 1817 3893 τούτοις

269 3919 500 4014 ὀνομαζόμενον
524 3935 588 4000 τοῖς
606 3925 764 4014 ὀνόμασιν·
781 3930 815 3992 οῦ
832 3925 891 4017 γάρ
908 3917 996 4012 ἴδιον,
1014 3933 1053 4004 ὡς
1071 3931 1101 3993 έν
1119 3928 1232 4015 Νόμοις
1248 3916 1470 4016 ἐδιδάχθημεν,
1487 3931 1527 4001 ὡς
1544 3923 1646 4015 ψυχῆς
1663 3926 1701 3990 τό
1722 3935 1816 3992 κινεῖν

213 4049 241 4088 ³⁰
268 4034 357 4124 ἔργον
381 4033 419 4098 τό
443 4030 528 4097 κατά
552 4034 679 4109 ταύτόν,
704 4034 849 4123 καὶπερὶ
873 4032 915 4100 τά
937 4031 1053 4115 ταύτά,
1078 4033 1132 4098 καί
1154 4036 1186 4099 ὲν
1210 4041 1256 4116 τῷ
1280 4035 1377 4115 αύτῷ,
1401 4032 1454 4096 καὶ
1476 4032 1623 4110 ὡσαύτως
1647 4032 1815 4126 περιάγειν·

268 4143 323 4208 καί
346 4146 362 4206 6
386 4141 441 4231 μὲν
466 4142 623 4230 κεντρικδς
647 4152 713 4218 νοῦς
737 4144 769 4208 ὲν
793 4152 839 4226 τῷ
863 4147 948 4226 αύτῷ
965 4143 1116 4232 στηρίσας
1138 4143 1204 4230 ἔχει
1225 4142 1263 4206 τό
1286 4149 1347 4206 πᾶν
1373 4132 1410 4205 δι’
1437 4139 1469 4205 θν
1494 4145 1510 4204 ὁ
1534 4139 1627 4216 αύτός
1651 4144 1735 4206 ἐστιν
1760 4149 1816 4205 τοῦ

269 4252 391 4340 κόσμου
412 4251 518 4326 τόπος·
534 4255 563 4314 οί
587 4241 621 4316 δέ
643 4251 737 4315 πόλοι
760 4251 824 4329 νόες
840 4251 921 4328 τινὲς
937 4251 1006 4342 περί
1022 4248 1063 4315 τά
1081 4249 1162 4316 αύτά
1177 4250 1366 4341 παρέχοντες
1383 4259 1447 4326 τοῖς
1464 4259 1522 4325 τῆς
1545 4257 1709 4340 περιφορᾶς
1731 4249 1818 4336 τμή-

270 4383 347 4449 μασι
370 4356 430 4430 τλν
454 4358 574 4430 κίνησιν
598 4357 668 4422 καθ’
686 4359 738 4424 ἕνα
758 4358 853 4451 λόγον
870 4358 925 4423 καί
940 4360 1014 4448 μίαν
1030 4351 1131 4440 τάξιν,
1148 4357 1197 4434 οθς
1214 4363 1243 4422 οί
1266 4358 1450 4448 όμόστοιχοι
1474 4357 1658 4448 μιμούμενοι
1682 4355 1816 4422 καθόσον

269 4468 344 4534 εἰσίν
367 4468 505 4557 ἑκατέρῳ
528 4462 755 4560 γειτνιάζοντες
779 4457 1034 4557 δυσκινητότερσι
1057 4477 1120 4532 τῶν
1144 4464 1338 4556 πορρώτερον
1364 4460 1456 4531 εἶσιν·
1481 4469 1497 4529 6
1521 4455 1555 4530 δὲ
1578 4455 1659 4542 ἄξων
1683 4461 1751 4540 νοῦς
1774 4460 1816 4541 εἷς

214 4604 241 4642 σε
267 4573 415 4664 συνοχεύς
430 4584 494 4640 τῶν
511 4574 634 4640 κύκλων
657 4572 784 4640 πάντων
808 4573 923 4650 ἑνώσας
940 4573 997 4650 τάς
1012 4573 1139 4639 πάντων
1155 4564 1325 4664 περιόδους,
1341 4572 1379 4638 τό
1397 4572 1452 4662 μὲν
1469 4570 1528 4662 γάρ
1546 4572 1694 4646 ἀκίνητον
1713 4574 1815 4638 αὐτῶν

267 4681 395 4748 πάντων
419 4687 462 4759 είς
485 4680 545 4750 τήν
570 4680 676 4772 νοεράν
699 4687 783 4772 ἡμεῖς
807 4682 912 4747 ούσίαν

267 4898 291 4966 f.
319 4899 382 4965 143
406 4922 448 4980 v.‚
473 4898 587 4966 eadem
610 4897 746 4965 lacuna:
771 4898 893 4963 ...οὐκ
917 4896 1113 4970 ἀκινησίας...
1137 4891 1370 4983 ὑπαρχούσης...
1394 4892 1448 4956 καὶ
1471 4893 1565 4968 αύτὸς
1588 4891 1643 4957 καί
1662 4889 1818 4982 ἀφελὼν...

267 5001 372 5094 ψυχὴν
395 5013 452 5069 τοῦ
477 5003 606 5093 κόσμου,
629 5003 683 5067 καί
707 5003 825 5080 στήσας
850 5003 955 5081 αὐτόν,
978 5003 1032 5068 καί
1057 5001 1212 5090 ἱσταμένῳ
1235 5000 1305 5066 καθ’
1330 4999 1471 5068 ὑπόθεσιν
1495 5003 1622 5091 ἔννομον
1645 4997 1819 5091 ἑπεισαγὼν

303 5254 326 5328 ¹)
344 5253 457 5310 Deesse
476 5259 580 5327 putem
597 5252 640 5310 ibi
659 5255 743 5324 παλαι,
757 5257 900 5326 τοερθσθιι
918 5253 956 5310 αθ
975 5255 1020 5311 αἱ·
1073 5253 1248 5322 ὀνομαζόμενοι
1266 5267 1320 5323 pro
1339 5251 1525 5321 ὀνομαζόμενον,
1539 5248 1620 5322 quod
1635 5247 1666 5306 in
1685 5253 1819 5306 extremo

265 5351 382 5404 terum
400 5344 569 5420 periodumt
588 5349 610 5400 οῖ
629 5349 655 5398 δι
669 5347 750 5416 πόλιν,
765 5343 873 5403 deindo
891 5344 1018 5418 legerim
1072 5359 1181 5400 versus
1193 5341 1257 5400 σοά.
1269 5340 1354 5416 ponit
1366 5357 1433 5398 cum
1445 5339 1528 5398 dubii
1540 5339 1706 5416 compendii
1722 5339 1818 5412 signo.
