4006 6074
582 461 726 536 Justitiu
743 465 910 537 muudum
928 462 1129 538 αηίοοαεαιη
1146 464 1375 556 amplectitur.
1601 545 1606 556 ⁴
1735 473 1753 527 9

143 647 149 656 ’
203 624 495 723 διαθεσμοθετοῦσιν
511 631 520 668 ¹
524 659 554 718 )·
579 625 722 724 δαίμονες
747 626 780 701 δὲ
804 643 832 699 et
863 633 1105 726 ἐπιτεταγμένοι
1128 646 1198 711 ταῖς
1222 632 1354 726 ψυχαῖς,
1379 633 1433 700 καί
1456 640 1484 700 οἱ
1507 646 1666 726 προφῆται
1688 645 1752 700 τῶν

204 745 350 832 μοιραίων
374 744 511 807 κανόνων
528 741 586 814 τήν
608 743 776 832 ἐπικούρων
801 743 948 833 εἰλήχασι
971 737 1071 821 τάξιν·
1095 743 1195 833 οἱμὲν
1214 745 1273 834 πρὸ
1297 753 1355 820 τῆς
1379 743 1526 836 γενέσεως
1551 738 1751 834 ἀφορίζοντες

203 849 245 914 τά
270 851 370 941 μέτρα
387 859 449 915 τῶν
466 850 590 940 κλήρων
614 855 734 928 αὐταῖς,
760 860 789 916 οἱ
813 843 845 916 δὲ
869 851 940 929 τούς
956 850 1188 942 γενεσιουργούς
1206 854 1289 936 βίους
1306 845 1513 942 κυύερνῶντες
1529 849 1565 938 ²).
1583 853 1696 942 Ψυχαὶ
1719 843 1752 918 δὲ

201 959 360 1048 ἐφήμεροι,
385 957 477 1046 φησὶν
502 962 518 1021 ό
542 959 716 1048 προφήτης,
741 963 782 1035 εἰς
806 959 843 1023 τό
867 957 981 1032 θνητόν
1007 965 1211 1026 συντελοῦσαι
1234 960 1320 1051 γένος
1335 960 1361 1046 ³)

163 1201 176 1240 e
202 1174 226 1239 f.
246 1176 285 1240 17
313 1172 480 1262 [ἀνάλογον
497 1183 562 1249 τοῖς
583 1172 672 1246 θησὶν
696 1178 905 1263 ύπηρετοῦσαι
929 1185 998 1250 ταῖς
1015 1174 1163 1264 ἐσχάταις
1180 1185 1243 1239 τῶν
1259 1175 1446 1266 κρειττόνων
1470 1177 1623 1265 προνοίᾳ...
1648 1175 1702 1240 καὶ
1726 1180 1755 1240 οἱ

203 1279 268 1346 θεοί
281 1304 383 1370 φασιν,
400 1279 460 1352 τήν
478 1280 595 1371 γένεσιν
613 1281 866 1371 έπιστρέφομεν...
886 1280 1036 1355 θητεύειν·
1055 1283 1139 1349 ἀλλά
1155 1275 1308 1373 δαμαστῷ
1325 1293 1370 1368 τῷ
1396 1281 1566 1374 αύχένι...4)
1583 1282 1754 1375 ἀνάγεσθαι

202 1388 297 1452 πάλιν
322 1387 461 1454 ἐντεῦθεν
485 1388 598 1453 κατά...
617 1388 676 1464 τήν
692 1390 812 1479 γένεσιν
828 1382 1076 1483 παραδείγματα
1093 1392 1278 1483 γιγνομένας
1295 1401 1358 1456 τῶν
1375 1396 1410 1456 ἐκ
1426 1402 1481 1456 τοῦ
1499 1391 1629 1464 θητικοῦ
1646 1390 1752 1480 γένους

203 1501 244 1571 εἰς
268 1493 339 1571 τούς
362 1495 540 1584 ἐπικούρους
571 1498 852 1587 ἀναπεμπομένων,
876 1499 1024 1577 καὶτοὺς
1048 1500 1202 1591 ἄρχοντας
1213 1504 1230 1587 )
1257 1501 1334 1565 όταν
1365 1500 1535 1590 ύπόχρυσοι
1558 1497 1750 1593 γένωνται5)

206 1602 276 1688 [τήν
301 1603 401 1690 φύσιν,
425 1605 538 1694 ὥσπερ)
566 1607 699 1693 ἔμπαλιν
724 1605 849 1682 ἀνωθεν,
870 1612 911 1683 εἰς
928 1607 982 1672 τόν
1007 1618 1069 1674 τῶν
1095 1607 1199 1682 θητῶν
1218 1610 1374 1699 [χωροῦσι]
1401 1613 1528 1698 κλῆρον,
1546 1613 1578 1672 αἱ
1599 1609 1653 1672 τὸν
1678 1609 1750 1671 ὅλον

148 1730 174 1768 ιο
202 1709 319 1797 κόσμον
337 1701 587 1798 συνδιοι[κοῦσαι)
609 1709 707 1802 ψυχαὶ
722 1724 788 1790 τοῖς
805 1712 894 1799 θεοῖς,
911 1716 993 1790 ἡνίκ’
1012 1713 1047 1781 ἂν
1066 1710 1138 1780 ὦσιν
1155 1717 1368 1806 Ιεπτερωμέναι
1385 1714 1444 1789 τήν
1462 1720 1581 1780 ἑαυτῶν
1598 1715 1617 1786 ή
1633 1705 1750 1804 ἀδρανῆ

203 1819 374 1892 ποιήσασαι
391 1813 486 1905 ζωήν,
502 1836 542 1889 -::-
558 1833 597 1887 -::-
613 1821 667 1886 καὶ
691 1823 745 1886 τὸν
762 1822 853 1887 τόνον
870 1824 1040 1889 ἐκλύσασαι
1063 1836 1121 1900 τῆς
1147 1827 1403 1914 μετεωροπορίας.
1422 1830 1530 1889 Ταῦτα
1555 1815 1588 1888 δέ
1600 1820 1625 1911 ο)
1647 1822 1754 1886 πάντα

204 1935 318 2017 σαφῶς,
335 1922 431 2016 οἶμαι,
448 1931 635 2019 παρίστησιν
653 1931 711 1995 ὑπὸ
729 1926 819 1995 τοῦδε
837 1941 891 1996 τοῦ
909 1930 1005 2020 μύθου
1022 1932 1191 2022 λεγόμενα,
1208 1933 1246 1996 τὸ
1262 1923 1464 2023 παράδειγμα
1481 1941 1538 2006 τῆς
1556 1939 1751 2020 σωκρατικῆς

203 2037 361 2111 πολιτείας
379 2041 471 2120 ἐντῷ
489 2037 597 2128 κόσμῳ
614 2029 787 2121 δεικνύντα,
804 2038 875 2115 τοὺς
893 2039 1044 2128 φύλακας,
1061 2039 1131 2116 τούς
1148 2039 1336 2130 ἐπικούρους,
1354 2038 1425 2115 τοὺς
1444 2038 1552 2123 θῆτας,
1570 2038 1640 2113 τούς
1657 2036 1752 2113 θεούς,

205 2140 276 2217 τοὺς
301 2133 460 2232 δαίμονας,
486 2143 542 2221 τὰς
566 2143 676 2236 ψυχάς.
695 2145 756 2210 Καί
780 2151 814 2211 οῦ
832 2147 924 2235 μόνον
941 2146 1012 2223 τούς
1028 2157 1087 2223 τῆς
1110 2139 1306 2224 δικαιοσύνης
1329 2146 1383 2212 καί
1407 2138 1528 2222 ἀδικίας
1553 2136 1753 2210 ἀναδιδάσκει

152 2262 176 2302 ¹⁸
204 2251 340 2340 μισθούς,
366 2255 398 2318 oi
416 2255 496 2331 τινές
521 2258 595 2320 εἰσιν
621 2254 827 2331 ἀπελθούσαις
850 2247 970 2321 ἐνθένδε
993 2267 1062 2333 ταῖς
1086 2253 1210 2345 ψυχαῖς,
1235 2255 1318 2320 ἀλλά
1336 2254 1389 2320 καί
1412 2266 1469 2330 τῆς
1492 2255 1652 2328 πολιτείας
1677 2254 1752 2328 etna

204 2361 240 2426 τὸ
265 2352 343 2437 εἶδος
367 2365 397 2427 ἐν
422 2371 467 2445 τῷ
490 2363 587 2428 παντὶ
610 2364 808 2454 προϋπάρχον
833 2366 1013 2454 ἀποφαίνει,
1037 2366 1179 2440 καὶτοῖς
1203 2367 1234 2428 ἐν
1259 2373 1304 2445 τῷ
1329 2362 1425 2428 παντὶ
1448 2362 1583 2453 γένεσιν,
1606 2359 1751 2451 πρώτοις,

207 2471 321 2560 μέσοις,
345 2471 546 2547 τελευταίοις·
563 2473 612 2536 ἵνα
629 2471 671 2561 μή
691 2473 785 2561 μόνον
801 2477 980 2550 πολιτικῶς,
1005 2478 1082 2561 ὁμοῦ
1100 2483 1140 2558 τῆ
1160 2463 1338 2558 δικαιοσύνῃ
1356 2470 1410 2536 καί
1428 2475 1443 2534 ὁ
1459 2471 1602 2561 περὶτῆς
1624 2469 1752 2558 ἀρίστης

201 2579 362 2654 πολιτείας
386 2572 634 2659 συνεξετάζηται
658 2580 761 2670 λόγος,
787 2581 840 2646 καὶ
863 2572 915 2646 διά
938 2581 1058 2657 ταύτης
1082 2581 1182 2652 ἐκείνη
1208 2583 1358 2672 γίγνηται
1375 2576 1571 2668 καταφανής,
1590 2575 1674 2641 ἀλλά
1698 2577 1753 2640 καὶ

205 2687 260 2751 τόν
284 2684 557 2777 θεωρητικῶτερον
581 2687 705 2777 τρόπον,
731 2688 784 2753 καὶ
808 2687 953 2778 μυθικῶς,
978 2693 1100 2779 μᾶλλον
1118 2679 1151 2754 δὲ
1172 2698 1329 2778 μυστικῶς
1352 2693 1393 2764 εἰς
1417 2687 1455 2752 τό
1478 2697 1539 2751 πᾶν
1563 2691 1653 2774 ήμῶν
1678 2687 1753 2749 ἀνα-

149 2822 177 2860 ιο
206 2794 401 2884 τεινομένων,
425 2792 468 2858 τά
492 2793 574 2860 utri
597 2790 743 2885 μειζόνως
767 2798 842 2862 ἀνα-

204 3011 227 3075 f·
252 3014 292 3077 17
317 3034 346 3078 v.
375 3011 545 3098 [potiremur
569 3021 627 3086 τῆς
645 3010 700 3099 μὲν
724 3015 878 3101 προνοίας,
902 3009 1064 3077 κάνταῦθα
1088 3009 1147 3081 τήν
1172 3001 1369 3084 δικαιοσύνην
1395 3002 1585 3100 διοριζούσης
1609 3008 1671 3074 ἀπὸ
1694 3019 1753 3083 τῆς

208 3108 339 3200 ἀδικίας,
357 3107 409 3182 διά
425 3127 482 3193 τῆς
507 3127 569 3182 τῶν
594 3121 799 3207 ὀφειλομένων
824 3118 895 3185 καθ’
912 3118 1063 3208 ἑκατέραν
1076 3117 1104 3204 7)
1120 3111 1297 3194 ἀποδόσεως
1314 3117 1368 3183 καί
1383 3128 1445 3182 τῶν
1464 3110 1632 3200 δικαστῶν]
1653 3115 1753 3207 μέτρα

207 3224 260 3310 [τά
283 3226 485 3315 προσήκοντα
509 3225 666 3315 νεμόντων
691 3229 818 3316 ἀμ)φοῖν
846 3226 984 3318 [οὐράνια
1007 3227 1061 3290 καὶ
1084 3225 1206 3314 χθόνια,
1223 3226 1264 3292 τά
1281 3226 1335 3314 μὲν
1353 3224 1528 3302 εὐπαθείας,
1553 3223 1595 3288 τά
1620 3215 1653 3288 δὲ
1676 3228 1755 3295 τλη-

204 3332 333 3409 ποιθείας
348 3335 382 3422 8)·
398 3337 468 3420 τῆς)
488 3325 522 3399 δέ
544 3335 620 3410 ὁλης
644 3345 699 3398 τοῦ
716 3335 835 3424 κόσμου
856 3335 1038 3420 [πολιτείας]
1059 3333 1253 3424 σαφεστέραν
1270 3334 1324 3399 καί
1340 3333 1398 3404 τήν
1416 3343 1478 3397 τῶν
1497 3325 1653 3398 δικαστῶν
1677 3337 1752 3421 ήμῒν

149 3463 176 3500 2⁵
203 3441 349 3518 ποιούσης
372 3442 537 3533 ἐνέργειαν·
561 3435 613 3507 tot
637 3441 696 3533 γάρ
721 3445 854 3526 ἐκείνην,
883 3443 947 3528 [καί
970 3437 1067 3528 οὗτοι)
1087 3443 1141 3506 τόν
1158 3443 1227 3532 ὅρον
1244 3446 1355 3516 ἀκλινῆ
1378 3451 1435 3517 τῆς
1460 3441 1606 3531 προνοίας
1628 3443 1658 3502 ἑν
1683 3448 1753 3514 ταῖς

204 3552 323 3614 ἑαυτῶν
347 3551 554 3638 προίστανται
575 3551 721 3640 κρίσεσιν,
737 3549 883 3641 ἑπόμενοι
906 3561 971 3628 τοῖς
995 3575 1031 3617 τε
1048 3553 1197 3632 ούρανίοις
1213 3549 1378 3640 ήγεμόσιν,
1395 3549 1449 3614 καί
1470 3559 1540 3624 ταῖς
1564 3545 1753 3637 ἀφεστώσαις

203 3666 251 3740 τῷ1
272 3661 389 3746 οὐρανῷ
412 3656 526 3733 πάσαις
551 3661 672 3747 ἀρχαῖς,
697 3656 732 3735 θς
749 3651 920 3751 ἀποδράναι
935 3669 998 3724 τῶν
1015 3665 1045 3726 έν
1062 3669 1107 3742 τῷ
1124 3659 1232 3748 κόσμῳ
1256 3657 1382 3724 πάντων
1407 3649 1509 3722 ούδενὶ
1532 3647 1674 3721 δυνατόν.
1693 3653 1754 3719 Καὶ

202 3766 286 3853 εἴπερ
311 3765 407 3840 ὅντως
431 3763 545 3842 ἐθέλοις
572 3757 644 3830 ἰδεῖν
668 3767 706 3832 τὸ
730 3768 859 3859 πλέγμα
881 3777 940 3844 τῆς
971 3777 1042 3858 μιῦις
1066 3776 1121 3832 τοῦ
1145 3767 1261 3842 παντὸς
1284 3757 1377 3830 τοῦδε
1400 3765 1579 3845 πολιτείας,
1603 3761 1656 3826 καὶ
1687 3769 1750 3826 τῶν

203 3871 304 3961 νόμων
329 3881 392 3937 τῶν
416 3877 447 3938 ἑν
473 3876 566 3959 αὐτῇ,
586 3875 718 3940 καὶτῶν
737 3876 908 3965 ἀρχόντων,
925 3867 971 3941 ἴδε
988 3884 1111 3966 πρῶτον
1129 3875 1195 3964 μὲν,
1211 3880 1251 3951 ῶς
1269 3877 1394 3963 ἔφαμεν,
1411 3871 1468 3948 τάς
1481 3870 1508 3954 ⁹)
1531 3869 1755 3960 ύπερκοσμίους

148 4001 176 4037 ³0
205 3991 263 4056 τῆς
287 3975 405 4058 τάξεως
430 3983 532 4057 αίτίας
555 3982 668 4060 πάσης,
693 3984 753 4055 τήν
777 4007 813 4048 τε
838 3976 959 4073 μονάδα
983 3983 1037 4049 καί
1059 3983 1119 4056 τήν
1143 3974 1274 4073 τριάδα,
1298 3979 1355 4056 τάς
1380 3981 1486 4070 μοίρας
1510 3978 1594 4070 λέγω
1618 3977 1672 4040 καί
1693 3973 1754 4046 τήν

204 4088 357 4178 ἀνάγκην,
382 4092 432 4178 ἀφ’
458 4083 499 4154 ὧν
524 4095 553 4155 οἱ
576 4091 665 4179 νόμοι
687 4089 804 4167 πάντες
828 4097 856 4157 οἱ
872 4095 1026 4182 κοσμικοί.
1044 4130 1087 4142 -
1103 4091 1249 4182 Δεύτερον
1268 4082 1311 4174 δέ,
1332 4088 1389 4165 τάς
1413 4087 1472 4162 τήν
1498 4087 1644 4177 ἁρμονίαν
1669 4107 1756 4149 ουνε-

238 4301 261 4376 ι)
280 4305 463 4372 θεσμοθετοῦοιν
481 4301 518 4358 Η.
539 4307 739 4374 διαθιομοτοῦοιν
757 4303 797 4359 Μ.
1008 4311 1075 4363 atra
1093 4305 1220 4378 caligine
1234 4309 1264 4362 et
1277 4304 1409 4377 maligna
1421 4301 1562 4376 pellicula
1579 4316 1633 4374 per
1652 4298 1754 4354 decem

239 4391 262 4464 2)
281 4391 355 4448 Ιιιᾶο
373 4390 481 4464 Maius,
494 4391 613 4450 omissis
633 4393 667 4448 14
683 4392 830 4466 versibus,
842 4393 954 4450 transit
1006 4413 1113 4454 versus
1122 4395 1230 4453 misere
1241 4393 1466 4451 obtenebratur:
1480 4389 1583 4447 eadem
1592 4404 1681 4462 porro
1693 4403 1753 4443 nox

203 4478 241 4537 ad
260 4484 341 4534 ταῦτα
361 4485 386 4533 δὲ
405 4485 496 4553 πάντα,
516 4486 655 4538 monente
675 4482 803 4539 stellula.
1006 4486 1037 4542 in
1055 4491 1189 4543 caeteras
1206 4483 1332 4556 paginas
1351 4482 1473 4554 ingruit.

239 4570 262 4643 ³)
281 4569 399 4626 Folium
419 4570 470 4624 119
489 4577 520 4626 ot
538 4576 620 4628 totus
638 4570 708 4627 inde
719 4571 864 4644 incipiens
882 4590 952 4647 quu-
1042 4575 1066 4649 ⁵)
1085 4575 1196 4649 γίνονται
1214 4572 1252 4628 Η.

203 4657 300 4714 ternio
319 4657 357 4714 ad
375 4657 436 4714 ulia
453 4658 571 4716 transit.
585 4659 698 4717 Seriom
711 4659 888 4718 Holstsnins
903 4662 951 4719 de·
1041 4666 1064 4739 θ)
1084 4669 1164 4718 ταῦτα
1183 4665 1213 4720 δή
1232 4663 1270 4719 Η.

203 4747 280 4804 texit
299 4753 329 4804 et
353 4746 466 4804 tacitus
490 4747 600 4819 tenuit,
620 4767 697 4823 quae
715 4749 815 4823 pergit
833 4749 865 4806 in
887 4752 951 4809 sod.
1041 4753 1064 4826 ⁷)
1084 4755 1139 4806 καθ’
1160 4753 1261 4807 ἑκαστον
1281 4751 1453 4810 &irretirent
1470 4749 1510 4805 M.
1528 4747 1600 4805 Mox
1618 4745 1755 4821 plura2H

203 4835 224 4890 f.
244 4836 279 4891 17
298 4836 336 4892 ab
348 4835 433 4893 initio
453 4836 534 4893 tertii
547 4837 759 4909 quaternionis.
778 4839 815 4895 Id
833 4856 950 4913 quoqne
1006 4841 1106 4898 omisit
1124 4846 1177 4898 ent
1202 4857 1306 4897 eruere
1326 4837 1515 4912 desperavit,
1533 4837 1585 4894 ubi
1604 4841 1704 4893 tamen
1722 4835 1754 4890 M

204 4925 304 4984 Maius
330 4927 473 4999 advertit,
501 4928 555 4986 sed
580 4927 690 4986 tacitns
718 4927 836 4988 iterum.
863 4931 951 4988 Viam
1005 4929 1104 4986 omnia
1122 4935 1170 4986 sut
1189 4927 1509 5002 ielioitorjexpisoatus
1529 4933 1588 4998 est,
1608 4926 1663 4983 sed
1681 4924 1754 4982 folio

204 5019 291 5090 quusi
311 5017 405 5092 digito
423 5019 603 5078 monstravit
615 5025 704 5078 vetus
718 5021 839 5094 quidam
856 5022 951 5080 lector
1005 5020 1112 5076 toxieis
1129 5020 1296 5093 liquoribus
1315 5018 1517 5093 pessumdato.

204 5106 256 5177 qui
274 5105 307 5162 in
325 5108 437 5180 angulo
455 5106 606 5165 inferioris
623 5108 770 5181 marginis
793 5127 951 5168 numerum
1040 5111 1063 5184 ⁸)
1083 5113 1249 5171 κακιπαοιίας
1268 5109 1308 5166 M.

203 5195 304 5268 posuit
323 5198 348 5268 2,
362 5197 492 5254 seonndo
504 5197 600 5254 veluti
613 5197 808 5271 quaternione
822 5199 950 5272 signeto.
1038 5200 1062 5273 9)
1080 5199 1131 5255 fol.
1150 5199 1187 5254 54
1204 5199 1241 5254 H.
1261 5198 1325 5254 Om.
1345 5203 1399 5271 μιν,
1411 5215 1481 5254 mox
1500 5198 1544 5254 τήν
1564 5200 1614 5250 et...
1634 5193 1704 5252 cod.
1723 5193 1754 5249 in

240 5285 294 5360 4)ι”.
308 5285 351 5342 53.
364 5285 401 5343 Η.
415 5285 502 5343 Nune
514 5285 606 5358 huius
619 5287 683 5343 folii
703 5289 737 5344 17
755 5287 851 5362 prime
866 5289 949 5348 frons
1003 5289 1138 5364 margine
1150 5305 1203 5363 per
1216 5289 1241 5342 α’
1253 5290 1276 5354 β’
1286 5291 1310 5362 γ’
1322 5292 1343 5343 δ’
1354 5290 1373 5344 ι’
1383 5289 1402 5351 ς’
1415 5285 1522 5346 dividit
1534 5288 1752 5359 argumentum.

348 5411 444 5468 Arar..
463 5426 492 5483 v,
512 5411 555 5468 1*.
