4022 6072
745 615 853 688 Liber
883 615 1166 692 Testimoniorum
1514 699 1516 706 Α
1673 631 1725 687 149

213 785 249 841 V.
272 786 477 858 Iatmoqatio.
491 815 527 830 -
539 785 599 844 Ubi
610 787 642 843 in
655 785 795 861 operibus
815 784 924 843 divinis
977 789 1044 845 Non
1062 789 1140 846 enim
1159 788 1190 845 in
1208 807 1270 846 uns
1288 807 1422 864 persone,
1443 791 1542 848 sedin
1561 797 1633 864 tota,
1647 811 1726 867 quae

178 876 262 933 solus
279 874 407 950 Spiritus
426 881 549 935 eaustus
576 884 830 949 commemoretur,
850 875 925 934 edis·
977 878 1009 934 in
1028 877 1125 935 tribus
1143 897 1205 936 una
1223 885 1278 951 set,
1293 879 1460 953 maiestate,
1480 882 1614 952 generali
1626 881 1727 956 impis·

179 983 253 1025 sere.
979 972 1043 1025 teta
1062 968 1216 1040 delinquit.

216 1059 419 1130 Responsioe-
428 1056 923 1132 ApertesolitsrisSpiritussanot'
1015 1057 1066 1114 VI.
1092 1059 1298 1131 interropotio.
1317 1089 1354 1102 -
1379 1059 1456 1128 Quid
1481 1061 1726 1134 respondebimus

178 1149 312 1218 potestas
330 1145 483 1219 asseritur,
497 1165 565 1205 oum
578 1148 649 1206 dioit
661 1148 828 1205 inAotibus
841 1165 926 1222 apos·
978 1148 1028 1206 his
1042 1147 1094 1220 qui
1112 1147 1223 1218 dieunt,
1243 1149 1282 1206 ad
1300 1149 1389 1208 iidem
1407 1158 1540 1208 nostram
1561 1153 1725 1225 venientes,

179 1235 321 1292 tolorum:
339 1235 593 1309 ‹Baptizabimiui
612 1237 725 1313 Spiritu
744 1243 848 1294 sanato
867 1255 925 1294 nou
979 1237 1198 1310 speeiehterab
1217 1238 1337 1296 homine
1350 1239 1501 1313 baptizari,
1522 1241 1571 1298 val
1584 1241 1728 1300 Christia-

178 1330 248 1398 post
265 1326 377 1383 multos
395 1327 451 1383 hos
467 1327 556 1385 dise»
572 1329 602 1402 ¹>
614 1329 653 1384 Et
667 1329 777 1385 iterum
789 1329 819 1385 in
831 1329 928 1386 Evau-
980 1344 1036 1384 noe
1054 1326 1182 1400 primum
1200 1345 1218 1382 a
1237 1329 1452 1386 catheoumeno
1471 1329 1646 1403 baptizatos.

179 1414 259 1487 gelio
283 1416 446 1475 Johannis:
469 1439 486 1473 s
504 1419 570 1477 Nisi
595 1420 662 1493 quis
687 1426 810 1478 renatus
834 1419 927 1476 fuerit
1017 1420 1187 1489 Responsio.
1206 1447 1242 1462 -
1266 1418 1331 1474 Hoo
1357 1418 1501 1476 haeretiei
1528 1419 1564 1476 de
1589 1421 1728 1495 Baptista

179 1524 258 1578 aqua
276 1513 308 1563 et
326 1507 440 1582 Spiritu
464 1517 583 1583 sanato,
602 1529 662 1568 non
680 1517 780 1584 potest
802 1511 926 1568 introire
980 1507 1118 1564 Johenne
1136 1507 1265 1580 intelligi
1284 1508 1397 1565 volunt.
1424 1509 1482 1566 Sed
1500 1510 1568 1581 quis
1594 1527 1662 1567 eum
1682 1528 1728 1568 oa·

180 1595 212 1650 in
237 1613 364 1668 regnum
382 1598 469 1656 Dei»
490 1601 522 1673 ι),
540 1601 581 1657 Et
599 1618 667 1658 cum
685 1600 722 1659 <10
747 1601 926 1659 coelestibus
981 1597 1192 1654 theoumenum
1220 1597 1319 1654 disere
1345 1598 1463 1670 audeat,
1493 1599 1544 1672 qui
1570 1600 1668 1657 adhue
1695 1600 1727 1658 ir

181 1686 347 1759 mariarum
365 1689 529 1748 virtutibus
541 1691 733 1768 disputasset,
744 1693 927 1767 singularem
980 1686 1086 1744 matris
1097 1693 1184 1744 utero
1202 1688 1336 1760 repletus
1348 1694 1396 1744 est
1414 1687 1527 1762 Spiritu
1539 1693 1657 1761 sanot03
1676 1690 1728 1763 qui

180 1772 310 1845 Spiritus
329 1776 426 1834 saneti
452 1777 616 1852 potentiam
633 1779 664 1835 iu
683 1781 870 1838 nouolusious
889 1779 927 1836 si·
981 1777 1117 1851 gratiam,
1125 1785 1283 1852 autequam
1290 1778 1728 1853 vitam3benediotiouemprius

180 1863 293 1936 guerit,
315 1863 359 1924 its
387 1867 501 1926 diosus:
525 1869 635 1927 «Haeo
664 1870 763 1927 omnia
788 1876 927 1945 operatur
981 1868 1090 1926 meruit
1107 1869 1228 1927 haurire
1250 1887 1341 1943 quam
1358 1870 1465 1940 lusum,
1491 1868 1543 1941 qui
1563 1869 1601 1926 ad
1620 1869 1728 1942 baptis·

179 1971 259 2012 unus
277 1961 368 2028 atqua
387 1957 465 2016 idem
484 1961 619 2033 Spiritus,
639 1961 776 2020 dividens
799 1961 928 2035 siugulis
980 1977 1064 2016 mum
1082 1958 1252 2032 praelectus
1270 1959 1435 2030 eDomiuo‚
1448 1959 1514 2031 ipso
1527 1958 1668 2032 baptismi
1680 1966 1728 2016 ast

180 2049 271 2116 prout
289 2047 356 2104 vult
365 2067 382 2102 a
395 2048 425 2122 ³).
439 2051 516 2106 Item
527 2049 559 2106 iu
576 2051 641 2125 ipso
654 2051 824 2125 euangelio:
838 2071 855 2106 ι
865 2051 928 2125 Spi·
982 2050 1185 2108 sanctificatus
1205 2050 1307 2122 officio,
1321 2051 1402 2124 quod
1415 2050 1471 2108 sub
1490 2049 1636 2107 trinitatis
1648 2067 1728 2123 pere·

179 2133 258 2192 ritus
276 2135 328 2194 ubi
346 2140 414 2196 vult
431 2141 525 2215 spirat
537 2163 554 2196 a
573 2145 606 2216 ⁴).
630 2144 672 2200 Et
690 2145 729 2201 ad
755 2143 926 2201 Hebraeos:
981 2141 1063 2214 gisse
1081 2143 1193 2215 legitur
1212 2147 1408 2209 sacramento,
1424 2142 1540 2198 dioeute
1559 2141 1638 2200 euim
1650 2143 1727 2200 Deo:

181 2225 341 2300 «Spiritus
359 2230 453 2288 saneti
475 2231 734 2292 distributionibus
763 2234 927 2291 seeundum
982 2251 999 2286 ‹
1017 2232 1075 2288 Hie
1098 2237 1147 2290 est
1169 2231 1265 2290 Filius
1288 2231 1460 2302 meus¹⁰)›.
1479 2233 1571 2289 Pater
1589 2231 1620 2290 iu
1645 2250 1726 2305 vose,

181 2332 268 2372 susm
288 2319 503 2378 voluntatem»
516 2323 547 2396 Β).
568 2323 642 2392 Quis
665 2323 723 2382 ists
750 2323 928 2381 distributor
981 2321 1109 2395 Spiritus
1135 2322 1165 2378 in
1184 2322 1283 2396 speeie
1308 2321 1471 2390 columbae,
1499 2321 1580 2379 iilius
1606 2320 1728 2380 affuisse

181 2403 222 2463 sit
239 2423 274 2462 ao
289 2406 402 2466 divisor
415 2409 543 2484 epistola
555 2411 593 2468 ad
606 2413 756 2470 Romanos
772 2412 928 2470 evidenter
980 2410 1125 2484 probatur
1142 2410 1174 2466 in
1199 2427 1330 2484 corpore.
1349 2411 1506 2467 Postremo
1529 2409 1566 2467 de
1584 2409 1728 2468 Cathean-

182 2496 321 2568 ostendit,
340 2497 457 2557 diosus:
475 2520 493 2555 ‹
504 2501 545 2557 nt
562 2501 723 2576 uuicuique
746 2501 825 2560 siout
842 2502 927 2558 Deus
981 2517 1068 2559 meno
1086 2501 1231 2574 Baptista,
1243 2518 1304 2558 non
1320 2501 1414 2573 uobis,
1428 2502 1482 2558 sed
1500 2500 1559 2574 ipsi
1570 2502 1729 2575 baptisma-

182 2582 286 2642 divisit
294 2603 465 2646 mensurum
474 2589 563 2646 iidei»
573 2591 604 2664 ο),
614 2592 694 2650 huno
703 2589 928 2648 distributorem
981 2592 1021 2649 tis
1040 2591 1395 2650 nalumuianturauotori.
1413 2591 1557 2648 Nostrum
1569 2607 1642 2648 vero
1661 2591 1730 2666 bap·

180 2673 323 2748 Spiritum
343 2683 480 2738 sanetum
498 2686 599 2754 sperte
618 2683 714 2738 Deum
738 2699 805 2738 esse
824 2679 927 2737 oonfir·
982 2682 1073 2740 tisma
1082 2683 1223 2740 Conditor
1233 2701 1268 2740 so
1277 2682 1461 2754 Redemptor
1472 2681 1605 2739 instituit
1614 2680 1728 2740 disens:

179 2781 274 2822 maus.
293 2767 345 2824 Ait
363 2785 449 2842 ergo:
470 2771 627 2844 «Spiritus
644 2771 696 2828 ubi
717 2772 785 2828 vult
803 2770 927 2845 spirat»
982 2793 999 2828 ι
1012 2773 1066 2843 lte,
1086 2772 1235 2846 baptizate
1248 2789 1350 2829 omues
1368 2777 1476 2844 gentes
1490 2771 1523 2828 in
1541 2771 1660 2828 nomine
1672 2774 1729 2829 Pa·

180 2856 225 2909 st:
239 2875 256 2908 s
268 2855 414 2918 Dividens
433 2860 563 2933 siugulis
581 2868 670 2936 prout
688 2863 756 2919 vult
764 2882 790 2933 »,
809 2863 929 2917 nonest
982 2861 1038 2919 tris
1050 2869 1083 2919 et
1092 2862 1162 2920 Filii
1173 2868 1203 2919 et
1213 2862 1341 2935 Spiritus
1352 2861 1449 2919 saneti
1457 2881 1475 2915 »
1484 2861 1526 2934 l¹).
1537 2860 1647 2918 Utrum
1657 2874 1729 2930 ergo

180 2939 222 2998 ibi
241 2945 436 3021 subjectionis
454 2951 633 3014 uaosssitasr
652 2971 712 3010 nou
725 2958 773 3010 ast
784 2951 827 3008 ibi
838 2950 928 3009 miuu-
981 2951 1070 3009 homo
1088 2951 1219 3024 baptizet
1239 2969 1277 3008 an
1294 2952 1386 3023 Deus,
1405 2949 1482 3006 ratio
1501 2949 1567 3023 ipsa
1589 2947 1728 3004 deelarat.

180 3038 223 3096 ris
239 3037 443 3113 inaequalitas,
461 3041 514 3098 ubi
523 3041 592 3114 jure
605 3041 717 3099 diraoto
730 3039 866 3115 propriae
879 3057 929 3098 vo·
981 3039 1059 3096 Nam
1078 3057 1146 3097 oum
1166 3046 1321 3112 psooatore
1339 3039 1515 3112 baptizante,
1537 3040 1662 3111 peecata
1679 3036 1730 3091 do·

180 3128 307 3186 luntatis
325 3130 457 3202 perfecta
474 3129 599 3186 libertas
617 3135 665 3187 est
684 3137 715 3186 et
733 3135 876 3202 potestas
983 3128 1196 3200 ueniundum
1222 3145 1435 3201 nonuunquam
1458 3123 1610 3182 oriminosi
1635 3122 1730 3196 bapti·
1827 3135 1829 3140 '

217 3219 360 3292 Legimus
378 3219 408 3276 iu
426 3219 493 3292 ipso
518 3220 689 3294 evangelio:
708 3240 725 3275 ι
738 3219 795 3288 Qui
817 3219 928 3277 Filium
982 3217 1040 3274 emi
1058 3217 1257 3275 ministerium
1275 3217 1468 3286 celebrantes,
1489 3212 1613 3270 erimina
1630 3209 1729 3268 remit-

183 3326 242 3366 uou
252 3309 352 3376 habet,
362 3326 417 3366 nso
428 3309 549 3366 Patrem
560 3309 712 3382 habetei).
726 3309 868 3366 Similiter
880 3328 929 3367 au·
982 3311 1101 3380 teutur;
1120 3308 1170 3364 hio
1187 3309 1276 3366 homo
1295 3307 1347 3380 qui
1364 3305 1485 3364 videtur
1497 3302 1631 3360 conferre
1649 3297 1729 3372 quod

184 3397 288 3455 demus
301 3399 406 3466 dicere,
417 3397 488 3471 quia
500 3398 552 3468 qui
564 3397 707 3471 Spiritum
720 3401 857 3456 sanetum
869 3415 927 3454 uon
981 3396 1158 3467 nonhabet,
1177 3396 1282 3467 utique
1300 3395 1377 3452 tanti
1396 3392 1528 3450 muneris
1546 3407 1605 3446 uon
1624 3395 1728 3444 auotor

181 3488 280 3558 habet,
299 3505 355 3546 neo
366 3489 488 3546 Patrem
497 3489 589 3546 habet
601 3489 728 3561 omniuo,
742 3507 796 3546 neo
809 3487 927 3546 Filium:
982 3485 1169 3557 intelligitur,
1198 3485 1252 3542 sed
1276 3483 1430 3554 minister;
1458 3488 1490 3539 et
1515 3485 1672 3554 propterea
1696 3477 1728 3532 in

182 3578 260 3634 siout
272 3577 303 3634 in
316 3577 412 3650 prime
424 3578 461 3634 ad
475 3576 644 3636 Corinthios
655 3577 793 3650 legimus.
805 3596 823 3631 ι
834 3578 928 3635 Nemo
982 3576 1004 3634 J
1005 3575 1129 3633 ohannis
1155 3574 1321 3646 evangelio,
1348 3572 1487 3646 Bsptista
1512 3571 1575 3642 ipse
1601 3585 1729 3642 pronun·

181 3669 282 3739 potest
301 3665 396 3724 disere
414 3665 575 3724 Dominum
593 3665 728 3738 ihesum,
744 3665 803 3724 uisi
820 3666 852 3722 iu
865 3665 928 3738 Spi·
983 3665 1048 3734 tiat,
1068 3663 1187 3722 diesne:
1206 3661 1296 3731 «Qui
1313 3679 1361 3718 me
1379 3659 1462 3718 misit
1480 3658 1638 3733 baptisare,
1663 3655 1729 3728 ipse

181 3754 243 3811 ritu
261 3761 365 3812 sanato
378 3757 440 3828 si).
460 3755 496 3811 ld
515 3761 570 3828 eet,
589 3771 675 3812 nemo
693 3761 795 3828 potest
809 3756 929 3814 eredere
982 3753 1057 3812 mihi
1080 3753 1170 3810 dixit:
1194 3754 1289 3827 Super
1313 3768 1403 3825 quem
1425 3748 1537 3807 videris
1562 3746 1730 3806 oolumbam

181 3845 213 3900 in
231 3845 390 3904 Dominum
408 3845 545 3917 Jhesuur¹
564 3845 623 3904 nisi
643 3845 804 3904 erediderit
816 3846 847 3904 in
865 3846 928 3920 Spi·
983 3842 1213 3900 descendentem
1231 3847 1264 3899 et
1281 3847 1452 3898 manentem
1473 3856 1564 3911 super
1582 3855 1659 3906 eum,
1681 3833 1729 3892 hio

180 3934 273 3993 ritum
293 3941 438 3994 sanetum.
986 3939 1033 3992 est
1046 3933 1096 4006 qui
1107 3931 1239 4006 baptizet
1250 3932 1281 3988 in
1294 3929 1405 4004 Spiritu
1415 3933 1518 3988 saneto
1530 3927 1566 4000 ¹¹)
1575 3947 1600 3982 ».
1613 3926 1654 3982 Et
1663 3923 1730 3980 ideo

217 4025 288 4082 Pari
317 4025 407 4082 etiem
432 4025 521 4083 modo
548 4025 678 4098 legimus
697 4025 735 4082 ad
761 4026 924 4082 Romanos:
983 4021 1035 4095 qui
1053 4021 1189 4079 iterando
1212 4020 1325 4078 violare
1344 4016 1508 4093 praesumit
1530 4013 1669 4088 baptismi
1688 4027 1731 4111 re·

182 4134 199 4169 ι
214 4113 271 4183 Qui
290 4119 390 4172 autem
409 4113 552 4188 Spiritum
572 4101 683 4172 Christi
696 4132 754 4172 non
767 4114 866 4186 babet,
879 4113 929 4170 hio
983 4109 1158 4177 versutiam,
1172 4125 1232 4164 uon
1244 4107 1274 4164 in
1286 4107 1423 4178 hominis,
1444 4103 1541 4162 sedin
1558 4101 1616 4159 Dei
1633 4099 1731 4156 tendit

181 4221 241 4260 nou
260 4209 308 4261 est
325 4202 392 4277 ejus
404 4224 430 4261 ».
449 4204 514 4262 Ηοι
533 4210 581 4262 est
598 4203 710 4263 diuers:
729 4225 747 4260 e
764 4203 823 4273 Qui
841 4201 930 4276 Spiri-
983 4198 1132 4273 injuriam.

182 4300 247 4352 tum
264 4300 401 4352 sanetum
417 4311 477 4353 uon
500 4294 634 4368 habeti),
654 4295 703 4352 hio
721 4295 760 4351 sd
778 4293 929 4350 Christum
1020 4288 1084 4346 Vll.
1103 4289 1311 4358 Interroqotio.
1330 4314 1363 4328 -
1384 4283 1470 4351 Quod
1495 4280 1624 4356 Spiritus
1646 4293 1730 4376 sanu-

182 4382 213 4440 iu
223 4400 281 4456 quo
293 4383 421 4458 Spiritus
432 4388 555 4440 sanetus
564 4385 708 4456 probatur
717 4383 860 4452 habitere,
869 4400 930 4439 non
983 4386 1035 4436 tus
1048 4377 1135 4434 modo
1147 4382 1216 4450 post
1226 4377 1354 4444 Patrem¹
1370 4373 1458 4431 modo
1468 4372 1631 4430 sinePatre
1641 4383 1731 4425 uomi-

181 4471 312 4544 pertinet
332 4487 356 4528 t.
377 4470 464 4529 Unde
486 4477 590 4546 sporta
613 4471 741 4528 veritate
767 4470 931 4528 dinoscitur
984 4475 1082 4539 natur,
1103 4466 1279 4541 aequalitati
1298 4465 1418 4522 minima
1436 4461 1650 4536 praejudicare,
1668 4460 1730 4532 ple·

181 4559 214 4616 in
232 4559 329 4618 tribus
340 4578 402 4617 una
413 4578 481 4620 esse
494 4560 677 4632 substantiar
689 4560 758 4635 quia
774 4559 825 4634 qui
837 4577 931 4616 unum
984 4556 1107 4616 nissime
1119 4555 1226 4630 patuit.
1238 4555 1296 4612 Sed
1309 4553 1388 4626 quod
1401 4551 1547 4626 superiori
1565 4550 1632 4607 loeo
1645 4565 1731 4605 eveu-

182 4650 350 4724 nagarerit‚
368 4669 387 4708 a
399 4651 457 4709 fide
476 4651 571 4710 totius
584 4651 727 4710 trinitatis
745 4651 862 4710 alienus
875 4655 929 4708 est.
985 4645 1057 4720 gelii
1070 4645 1187 4720 prolata
1199 4644 1349 4702 sententia
1367 4647 1421 4714 eet,
1435 4641 1548 4700 diosus:
1568 4661 1585 4696 ι
1597 4637 1662 4696 Nisi
1678 4638 1730 4710 qui

224 4887 246 4956 ¹)
265 4884 331 4942 Aet
350 4901 393 4958 ιι,
412 4885 456 4943 16.
985 4887 1107 4944 Patrem
1125 4900 1183 4942 uon
1202 4882 1330 4940 habet».

219 4973 245 5050 ¹)
263 4974 311 5033 Jo.
330 4989 376 5046 ιιι,
395 4974 422 5030 5.
1020 4977 1044 5050 ⁸)
1062 4993 1074 5033 1
1093 4975 1159 5033 θοι.
1178 4989 1231 5046 111,
1252 4973 1277 5029 5.

220 5063 244 5137 Β)
263 5081 275 5121 1
294 5063 359 5120 Gor.
378 5079 432 5137 ιιιι,
451 5065 495 5122 11.
1020 5067 1044 5140 ⁹)
1062 5067 1148 5123 Rom.
1167 5079 1233 5135 vm,
1252 5063 1277 5120 9.

220 5155 245 5228 ⁴)
265 5153 313 5211 Jo.
332 5169 377 5222 ιιι,
399 5154 425 5210 5.
1011 5152 1047 5227 ¹⁰)
1065 5153 1172 5210 Matth.
1190 5165 1264 5220 xvn,
1283 5149 1309 5206 3.

222 5245 246 5314 ⁵)
263 5243 355 5300 Hebr.
375 5259 408 5314 ιι,
427 5245 453 5299 4.
1011 5241 1048 5316 ¹¹)
1065 5241 1110 5298 Id.
1129 5256 1236 5310 xxvru,
1257 5240 1300 5294 19.

222 5333 246 5406 ⁶)
264 5331 350 5390 Rom.
369 5347 424 5404 ιιι,
442 5332 468 5388 S.
1010 5333 1047 5406 ¹⁸)
1065 5331 1114 5389 do.
1133 5347 1153 5403 1,
1171 5330 1216 5386 38.

221 5421 245 5496 ⁷)
263 5439 275 5479 1
295 5421 375 5480 Joau
393 5437 426 5492 ιι,
439 5421 485 5480 23.
502 5421 632 5481 «Omnis
644 5423 795 5499 quinapat
813 5423 932 5498 Filium,
