4008 6068
672 498 733 574 Ec
751 500 990 574 commentario
1008 501 1047 573 ιἰι
1060 501 1222 592 psalmos.
1690 511 1725 570 13

177 671 231 737 sut
255 671 419 762 σκορπίων.
445 654 502 737 Τὰ
517 669 577 765 γὰρ
593 671 664 746 ἔθνη
684 682 747 737 τῶν
769 664 925 762 δαιμόνων
981 677 1090 762 pioues
1104 726 1130 756 ,.
1153 676 1353 744 Daemonum
1367 698 1504 761 namque
1527 681 1640 764 gentes
1660 676 1724 746 'sub

175 771 310 858 ὑπέταξε
332 788 398 856 τοῖς
421 787 484 844 τῶν
509 779 694 846 ἀποστόλων
717 781 824 874 ποσόν.Ι
980 784 1116 871 pedibus
1139 785 1358 870 apostolorum
1381 785 1527 871 subjecit.

774 1100 974 1170 essnrrus
997 1048 1130 1170 invn.

584 1342 615 1386 u.
639 1319 671 1384 5.
695 1314 775 1381 ’Ότι
801 1307 865 1382 ἰδοὺ
889 1320 918 1382 ct
943 1320 1082 1401 βασιλεῖς
1107 1317 1322 1408 συνήχθησαν.-

631 1427 789 1511 ρτιοιιὶοιη
805 1447 870 1495 cccc
885 1449 974 1514 reyes
987 1429 1170 1513 concrepasti
1183 1435 1270 1496 sunt.

222 1641 313 1708 Κατὰ
337 1633 371 1708 δὲ
391 1640 445 1706 τθν
463 1641 562 1732 μέγαν
579 1638 775 1718 Ἀθανάσιον,
800 1644 816 1704 ό
840 1640 925 1706 κατὰ
1023 1639 1203 1727 Interprete
1232 1663 1351 1729 magno
1382 1641 1576 1725 Athanasio,
1605 1643 1728 1712 bellum

175 1761 239 1816 τῶν
264 1751 448 1816 ἀποστόλων
466 1741 518 1815 διὰ
533 1749 571 1814 τό
587 1750 736 1842 κήρυγμα
759 1748 924 1840 γενόμενος
980 1746 1129 1816 adversus
1145 1748 1308 1834 apostolos
1324 1750 1364 1817 ob
1382 1750 1650 1835 praedicationem
1667 1750 1730 1816 ini·

174 1859 313 1948 πόλιμος
336 1859 395 1924 ὑπό
427 1881 462 1922 τε
494 1867 557 1923 τῶν
581 1857 739 1928 αἰσθητῶν
773 1857 925 1942 βασιλέων
981 1860 1061 1938 tum,
1079 1861 1111 1922 et
1127 1881 1146 1922 a
1162 1858 1297 1924 terrenis
1312 1859 1458 1942 gentium
1471 1860 1607 1944 regibus
1631 1862 1665 1947 et
1687 1860 1730 1926 ab

177 1977 239 2032 τῶν
263 1963 368 2044 ἐθνῶν,
389 1965 523 2054 καὶμὴν
540 1965 674 2032 καὶτῶν
692 1965 835 2056 ἀοράτων
859 1957 927 2030 δαι·
981 1965 1114 2031 occultis
1142 1966 1349 2033 daemonibus
1372 1966 1448 2032 oiim
1480 1967 1727 2050 dominantibus,

177 2073 289 2165 μόνων,
314 2081 378 2138 τῶν
400 2074 502 2138 πάλαι
527 2073 766 2158 βασιλευόντων,
790 2070 926 2138 ἐνταῦθα
981 2073 1033 2140 hic
1056 2079 1197 2141 notatur.
1215 2074 1281 2159 Ipsi
1305 2074 1541 2160 obstupuerunt
1563 2080 1596 2142 et
1619 2081 1730 2142 conta-

176 2183 377 2270 σημαίνεται,
395 2180 424 2245 ot
438 2179 492 2244 καὶ
506 2179 767 2270 κατεπλάγησαν,
785 2178 839 2245 καλ
862 2172 927 2257 ’ett-
981 2182 1130 2262 buerunt,
1154 2187 1319 2250 cernentes
1335 2183 1472 2250 tutelam
1488 2205 1507 2250 a
1523 2181 1593 2250 Deo
1608 2183 1727 2250 sanctis

175 2313 280 2364 τησαν
304 2289 364 2361 τὴν
388 2289 558 2380 γενομένην
585 2288 733 2374 βοήθειαν
760 2288 846 2379 παρὰ
869 2297 926 2353 τοῦ
981 2289 1178 2373 praestitam.
1194 2288 1305 2355 Nimis
1328 2289 1413 2354 enim
1436 2288 1595 2356 fortitudo
1619 2288 1729 2358 Salva·

176 2403 256 2464 Θιοῦ
280 2408 345 2474 τοῖς
361 2400 460 2490 ἁγίοις
477 2395 669 2488 θεωροῦντες.
696 2399 730 2462 Ἡ
752 2396 812 2490 γὰρ
836 2401 929 2488 ὑπερ·
981 2395 1061 2460 toris
1073 2417 1126 2462 eos
1138 2395 1171 2460 in
1183 2396 1426 2462 admirationem
1438 2397 1539 2463 movit
1551 2401 1649 2482 atque
1661 2400 1729 2464 stu·

180 2498 259 2578 όσλλ
285 2515 344 2582 της
369 2505 474 2596 ἰσχύος
497 2515 553 2569 τοῦ
583 2500 737 2585 σώζοντος
760 2506 798 2570 τό
822 2502 927 2592 θαῦμα
980 2524 1101 2587 porem.
1126 2503 1208 2569 Tum
1224 2504 1407 2570 conturbati
1422 2507 1509 2584 sunt
1526 2510 1563 2570 ut
1585 2505 1640 2590 qui
1663 2508 1728 2570 sta·

179 2617 285 2690 αότοῖς
301 2613 356 2678 καλ
370 2612 430 2684 τὴν
446 2606 647 2693 καταπλῆξιν
664 2613 834 2702 εἴργασται.
850 2607 927 2677 Εἶτα
980 2612 1061 2677 bant
1083 2611 1143 2678 Dei
1167 2612 1286 2692 hostes,
1309 2618 1343 2679 et
1365 2616 1457 2679 erant
1479 2613 1570 2698 quasi
1593 2614 1627 2678 in
1651 2635 1728 2698 par·

177 2719 407 2812 ὲταράχθησαν,
419 2725 460 2798 ὡς
477 2720 513 2786 όιν
531 2724 611 2786 Θεοῦ
627 2719 846 2796 καταστάντες
869 2742 929 2784 πο·
980 2718 1130 2786 turientis
1145 2740 1276 2804 angore.
1289 2718 1381 2798 Quod
1397 2741 1493 2804 porro
1509 2721 1664 2806 sequitur,
1682 2719 1728 2788 sic

176 2831 281 2917 λόμιοι
304 2826 358 2893 καλ
380 2823 462 2901 ἦσαν
486 2832 526 2904 ὡς
550 2831 581 2894 ἐν
599 2819 716 2894 ὠδῖσιν.
734 2828 778 2893 Τό
802 2851 840 2918 γε
864 2826 927 2915 μὴν
980 2827 1142 2913 intelliges
1165 2829 1250 2913 quod
1273 2851 1369 2895 naves
1384 2828 1516 2894 Tharsis
1539 2829 1727 2896 dicebantur

176 2931 248 3017 ἑξῆς
271 2939 431 3028 εἰρημένον
448 2937 620 3014 ἐπιστήσας
636 2937 759 3013 νοήσεις
782 2943 822 3014 ὡς
846 2947 928 3022 νῇεις
980 2934 1107 3000 divitias
1129 2934 1244 3000 afferre
1260 2955 1393 3020 magnas
1413 2933 1584 3016 Salomoni,
1601 2939 1639 3000 ut
1661 2934 1730 3000 his·

176 3050 309 3134 Θαρσεϊς
333 3043 481 3134 ἐλέγοντο
503 3048 641 3110 πλοῦτον
658 3044 803 3134 φέρουσαι
827 3043 927 3133 μέγαν
981 3041 1066 3108 toris
1088 3042 1257 3110 edocemur
1279 3043 1312 3109 in
1332 3043 1423 3109 libris
1438 3042 1584 3129 Regum3
1609 3043 1729 3110 idcirco

177 3159 224 3235 τῷ
249 3155 452 3239 Σολωμῶντι,
468 3149 611 3242 καθάπερ
626 3153 658 3216 ἐν
677 3162 718 3238 τῇ
744 3161 807 3215 τῶν
833 3153 929 3235 βασι·
981 3149 1015 3215 in
1031 3151 1178 3217 contritis
1194 3151 1324 3218 Tharsis
1345 3151 1489 3232 nauibus
1506 3151 1645 3220 ostendit
1660 3152 1728 3218 rui·

177 3259 257 3324 λέων
273 3257 454 3350 ἐγνώκαμεν
473 3255 640 3345 ῑστορίᾳῑγ
658 3249 706 3322 διδ
723 3257 778 3322 καὶ
800 3265 852 3322 νῦν
877 3248 929 3322 διὰ
980 3280 1056 3323 nam
1079 3257 1264 3324 divitiorum
1287 3263 1320 3324 et
1342 3259 1468 3343 imperii
1490 3259 1729 3343 praedictorum
1773 3303 1778 3312 ·

177 3375 241 3433 τῶν
259 3358 505 3457 συντριόομένων
525 3368 642 3432 πλοίων
664 3370 799 3456 ,Θαρσεῖς
815 3365 875 3437 τὴν
897 3369 930 3429 ἀ·
981 3387 1107 3452 regum.
1123 3365 1262 3432 Noveris
1274 3372 1383 3432 autem
1395 3367 1544 3452 spiritum
1558 3365 1727 3433 vehemen-

176 3474 315 3541 πώλειαν
338 3485 394 3540 τοῦ
417 3474 556 3540 πλοότου
580 3475 635 3539 καὶ
662 3485 719 3551 τῆς
744 3466 928 3550 δυναστείας
981 3479 1049 3541 tem
1072 3497 1139 3540 esse
1162 3473 1346 3559 spirituales
1370 3475 1541 3560 potentias,
1566 3496 1648 3559 quae
1671 3497 1728 3540 ex·

178 3593 242 3648 τῶν
254 3580 488 3673 προλεχθέντων
502 3573 643 3655 ἐδήλωσε
656 3581 818 3667 βασιλέων.
833 3586 930 3646 Πνεῦ-
981 3587 1206 3669 pugnaverunt
1228 3583 1337 3650 hostes
1359 3582 1588 3668 apostolorum.

180 3713 226 3780 μα
250 3681 285 3755 δὲ
308 3691 410 3773 βίαιον
433 3686 549 3765 νοητὰς
573 3680 719 3778 δυνάμεις
743 3712 830 3763 τινας
854 3687 930 3759 νοή-

180 3822 252 3882 σεις,
278 3788 318 3862 δι’
336 3790 377 3862 ὧν
392 3795 464 3873 τοὺς
480 3793 607 3887 όχθροὺς
623 3805 687 3862 τῶν
705 3795 891 3862 ἀποστόλων
902 3791 928 3877 ²)

179 3905 455 3996 κατεπολέμησαν.

825 4225 1025 4296 PSALMUS
1049 4226 1085 4296 L.

346 4467 377 4511 ν.
404 4445 455 4511 12.
479 4433 617 4534 Καρδίαν
640 4439 779 4532 καθαρὰν
803 4441 909 4506 κτίσον
934 4443 966 4506 ὲν
990 4441 1068 4530 ἐμοὶ,
1092 4445 1108 4505 ὁ
1132 4441 1221 4519 Θεδς,
1245 4440 1299 4506 καθ
1321 4449 1444 4531 πνεῦμα
1467 4438 1560 4519 εὺθὲς,

667 4549 840 4640 ἑγκαόνισον
863 4551 894 4614 ἐν
918 4561 984 4627 τοῖς
1008 4549 1154 4643 Ιεγκὰτοις
1179 4574 1246 4640 μου.

257 4661 321 4733 Gor
335 4663 489 4731 mundum
505 4682 577 4731 σνσο
592 4663 629 4728 in
644 4683 702 4744 me,
718 4662 819 4744 Deus,
837 4667 866 4728 et
882 4661 1035 4742 spiritum
1050 4666 1169 4728 rectum
1184 4661 1305 4728 ιἠνιοοσ
1320 4660 1546 4729 inuisoribus
1561 4658 1649 4726 meis

225 4875 318 4943 Κατὰ
342 4867 376 4943 δὲ
398 4876 453 4943 τόν
478 4877 577 4968 μέγαν
593 4873 789 4958 Ἀθανάσιον,
805 4885 927 4963 πνεῦμα
1026 4871 1206 4943 Secundum
1237 4872 1391 4961 magnum
1413 4872 1636 4955 Athanasium,
1660 4869 1728 4957 spi·

180 4984 235 5050 τδν
248 4995 317 5052 νοῦν
328 4984 487 5061 ἐκάλεσεν,
499 4982 582 5060 εόθὲς
593 4974 628 5048 δὲ
640 4987 735 5048 αὑτοῦ
746 4984 784 5048 τό
796 4975 928 5074 ἑδραῖον,
983 4983 1083 5050 ritum
1097 4983 1239 5069 psalmus
1251 4983 1377 5050 vocavit
1391 4986 1542 5048 mentem.
1552 4978 1726 5047 Rectitudo

181 5090 264 5159 ὼσὰν
280 5095 307 5157 εἰ
321 5091 420 5183 λόγον,
438 5089 610 5180 οἰσράλισαί
627 5104 686 5179 μου
703 5091 758 5155 τόν
775 5099 856 5175 νοῦν,
872 5099 928 5156 τοῦ
983 5095 1091 5158 autem
1104 5094 1152 5158 est
1164 5090 1232 5176 ejus
1244 5090 1391 5172 firmitas,
1407 5111 1444 5156 ac
1460 5087 1487 5155 si
1498 5086 1632 5154 dixerit:
1649 5084 1729 5152 Gor·

219 5341 241 5416 ¹)
259 5357 297 5402 111
315 5341 393 5416 Βοῦς.
410 5359 439 5414 Χ,
457 5341 502 5399 22·
1020 5343 1044 5417 ἵ)
1062 5341 1165 5400 Malim
1183 5345 1206 5395 οἶ
1226 5345 1368 5398 ἀπόστολοι.
