4022 6072
486 721 653 790 LATIN'A
675 720 890 799 QUAEDAM
914 720 1126 788 VETERUM
1148 719 1331 788 PATRUM
1355 720 1600 790 ANECDOTA.

967 919 1126 932 -ι--ι

321 1158 438 1222 Deesse
461 1179 560 1241 quum
577 1157 682 1222 minus
697 1157 809 1222 decent
825 1154 979 1222 nonnulla
994 1157 1068 1240 post
1084 1153 1223 1220 Graecos
1239 1153 1426 1219 Latinorum
1442 1156 1571 1238 patrum
1588 1155 1751 1236 anecdota,
1776 1155 1817 1220 ab

274 1264 411 1330 Hellade
434 1265 474 1331 ad
496 1264 624 1330 Latium
648 1265 785 1330 transire
807 1263 914 1343 labet,
938 1286 975 1329 ac
998 1285 1100 1348 pauca
1124 1284 1160 1327 er
1184 1262 1294 1328 multis
1315 1284 1396 1347 quae
1420 1261 1504 1347 apud
1534 1283 1592 1327 nos
1619 1262 1672 1328 diu
1704 1263 1817 1329 relicta

273 1371 444 1457 jacuerunt
466 1377 498 1438 et
518 1373 672 1457 jacebunt
694 1371 839 1456 seligere,
863 1370 901 1435 de
924 1369 1040 1456 quibus
1062 1371 1114 1438 hic
1138 1370 1168 1434 ἐν
1193 1367 1349 1458 συντόμῳ,
1505 1439 1515 1458 ο

323 1479 370 1546 Ac
394 1481 518 1565 primus
535 1501 634 1564 prope
650 1480 690 1545 ab
708 1478 829 1544 ultimis
845 1477 987 1544 Gadibus
1004 1478 1154 1562 procedat
1170 1477 1264 1544 Osius
1280 1478 1334 1544 ille
1351 1477 1572 1560 Cordubensis,
1589 1479 1678 1564 cajus
1701 1479 1819 1544 mirum

280 1592 329 1652 est
352 1592 419 1652 tam
443 1609 545 1673 pauca
567 1588 687 1674 scripta
710 1609 884 1672 superesse,
901 1609 1000 1671 quum
1016 1587 1153 1652 viventis
1169 1608 1230 1652 vox
1245 1587 1345 1652 totius
1360 1585 1510 1653 ecclesiae
1532 1587 1665 1654 concilia
1688 1586 1820 1672 amplis·

275 1696 355 1761 sime
378 1696 570 1782 impleverit.
594 1695 736 1763 Dicendo
759 1717 823 1762 non
846 1717 928 1777 sum,
951 1717 1008 1760 cur
1030 1715 1131 1779 usque
1148 1715 1232 1759 nunc
1255 1713 1338 1758 nova
1360 1694 1614 1779 apophtegmate
1637 1716 1719 1779 quae
1742 1715 1821 1779 pro·

275 1803 435 1885 feruntur,
458 1805 637 1888 spreverint
660 1805 720 1869 riri
736 1803 822 1869 docti
837 1803 954 1887 quibus
977 1801 1070 1866 obvia
1093 1801 1189 1867 fnisse
1213 1800 1266 1865 vix
1281 1800 1474 1886 negandum,
1494 1824 1593 1887 quum
1616 1803 1649 1867 in
1672 1803 1820 1886 pluribus

274 1912 431 1977 maximae
456 1911 640 1978 Parisiensie
663 1911 875 1977 bibliothecae
898 1909 1069 1994 conspicue
1091 1931 1110 1973 a
1133 1906 1260 1974 saeculo
1284 1908 1358 1974 sint.
1383 1907 1511 1974 Nedum
1535 1909 1715 1974 recentiora
1739 1909 1817 1974 mihi

275 2018 452 2100 rideantur,
477 2041 514 2086 ea
536 2020 694 2086 brevitate
717 2019 848 2086 classica
871 2021 903 2084 et
925 2017 1133 2102 imperatoria
1157 2015 1290 2100 pollent,
1306 2019 1343 2080 ut
1363 2015 1455 2082 facile
1480 2039 1516 2083 ea
1539 2016 1614 2082 Osio
1637 2018 1819 2103 antiquiora

275 2148 357 2211 pene
382 2127 525 2194 dixerim.
543 2127 625 2204 Quid
641 2128 667 2192 si
685 2127 795 2194 eadem
809 2126 912 2211 digito
928 2125 1102 2191 ostenderit
1117 2123 1257 2190 Isidorus
1280 2123 1475 2208 Hispalensi,
1492 2145 1591 2208 quum
1610 2123 1819 2208 Cordubensi,

274 2233 360 2300 inter
383 2234 456 2316 alia,
481 2236 668 2303 Sententiae
691 2235 874 2302 adscribet?

321 2341 475 2428 Sequitur
498 2343 580 2409 alius
602 2345 801 2428 peregrinus,
825 2342 895 2409 loca
918 2363 1008 2407 sacre
1031 2339 1241 2425 perlustrans,
1264 2337 1423 2424 Virgilius
1446 2338 1583 2419 nomine,
1600 2339 1656 2423 qui
1680 2339 1820 2405 moriens

276 2449 394 2516 itinera
416 2473 474 2516 sua
497 2451 698 2536 descripsisse
715 2451 841 2531 dicitnr,
859 2450 896 2515 de
912 2470 976 2534 quo
991 2448 1164 2532 quidquam
1177 2447 1270 2532 juxta
1287 2467 1323 2511 ac
1339 2445 1395 2530 qui
1418 2446 1549 2527 nesciat,
1573 2467 1635 2531 ego
1658 2447 1733 2527 scio,
1758 2447 1819 2513 nisi

275 2557 361 2643 quod
383 2558 434 2624 vir
456 2558 582 2626 saeculo
605 2559 718 2644 quinto
742 2559 903 2626 recentior
926 2557 980 2622 sit.

321 2665 469 2732 Fortasse
492 2689 555 2732 non
579 2689 672 2734 nemo
688 2689 796 2734 versus
820 2664 1049 2732 Ambrosianos
1071 2664 1134 2730 hac
1150 2663 1304 2728 adductos
1320 2683 1397 2728 naso
1413 2661 1560 2729 olfecerit
1583 2663 1724 2745 adunco;
1748 2666 1823 2732 hae-

276 2773 387 2839 rebam
403 2774 531 2858 quidem
547 2776 580 2839 et
596 2793 667 2859 ego,
684 2795 782 2859 quum
798 2773 831 2838 iu
850 2794 902 2838 eos
917 2772 1057 2857 primum
1074 2771 1201 2852 offendi,
1218 2773 1292 2836 ante
1307 2770 1366 2836 hos
1382 2770 1616 2856 quinquaginta
1635 2794 1744 2839 annos.
1761 2772 1823 2840 Sed

278 2901 375 2965 quem
391 2900 484 2945 nemo
500 2882 663 2965 superarit
678 2881 712 2946 in
725 2879 956 2947 Oxoniensibus
967 2879 1060 2944 libris
1073 2878 1272 2963 indagandis,
1286 2878 1426 2963 optimus
1442 2879 1602 2948 Hauricus
1619 2881 1745 2965 Corios,
1759 2905 1824 2949 non

274 2984 378 3052 solnm
396 3007 450 3052 eos
468 2987 546 3052 mihi
569 2988 812 3068 commendavit,
836 2987 892 3052 sed
906 3007 966 3072 pro
984 3009 1041 3052 sua
1057 2986 1257 3053 humanitate
1272 2989 1358 3052 totos
1378 3009 1475 3053 manu
1490 2989 1620 3074 propria
1643 2990 1822 3076 descripsit.

320 3091 567 3180 Qualiscumque
591 3095 719 3160 demum
742 3095 784 3161 sit
814 3093 971 3180 Magister
1001 3092 1129 3178 Moyses
1153 3092 1192 3156 de
1223 3089 1373 3173 Graecia,
1398 3091 1470 3158 luce
1492 3094 1578 3160 haud
1601 3095 1751 3181 indignus
1773 3101 1823 3163 est

277 3200 346 3285 ejus
370 3200 403 3264 in
419 3201 571 3287 prologos
587 3203 688 3268 sancti
706 3202 896 3287 Hieronymi
913 3199 1204 3267 commentariolus.
1222 3201 1383 3284 Magistri
1397 3223 1512 3268 nomen
1528 3224 1591 3269 non
1607 3203 1692 3288 sapit
1715 3209 1823 3270 vetus·

274 3312 393 3389 tatem;
417 3309 473 3374 sed
497 3309 652 3395 prologus
667 3309 706 3375 ad
723 3308 890 3394 Paganum
907 3308 1100 3376 Britannum
1115 3309 1267 3375 clericum
1280 3308 1331 3373 vix
1348 3331 1412 3376 uon
1428 3310 1535 3376 innuit
1559 3309 1718 3377 Theodori
1742 3311 1823 3378 Can·

275 3417 444 3483 tnarieusie
468 3421 501 3482 et
525 3416 711 3483 Tharsensis
728 3421 876 3501 tempora
892 3420 925 3482 et
941 3415 1097 3483 Mamaos.
1114 3416 1158 3481 At
1174 3415 1246 3500 qais
1269 3420 1391 3482 scottus
1414 3417 1466 3481 vel
1489 3417 1593 3483 Bedee
1611 3417 1659 3483 rel
1679 3417 1820 3486 ¹Alcuino

274 3545 395 3609 supper
421 3525 593 3605 teutonice,
611 3530 647 3591 ut
663 3525 799 3612 Moyses,
816 3525 943 3592 locutus
959 3529 1029 3592 cst‘?
1046 3524 1215 3591 Caeterum
1231 3523 1264 3589 iu
1280 3523 1370 3589 nullo
1392 3546 1487 3610 quem
1511 3525 1608 3591 sciam
1631 3525 1822 3611 scriptorum

275 3631 422 3716 catalogo
445 3631 496 3698 vel
520 3633 640 3700 nudum
664 3656 778 3699 nornen
803 3633 954 3702 occurrit.

320 3738 370 3804 Ad
394 3739 587 3807 Hibernicos
610 3743 781 3827 scriptores
804 3743 928 3808 reducit
951 3763 1008 3807 uos
1032 3738 1202 3820 Fastidius,
1219 3738 1309 3823 cujus
1325 3742 1431 3805 exstet
1448 3739 1511 3806 alia
1527 3741 1663 3826 epistola
1678 3742 1718 3808 ad
1736 3764 1822 3808 eam·

274 3844 347 3910 dem
370 3845 508 3912 viduam.
533 3845 615 3913 Sane
634 3848 661 3912 si
677 3849 775 3932 prior,
793 3848 831 3915 de
847 3871 912 3934 qua
927 3869 991 3913 non
1008 3847 1185 3928 dubitetur,
1204 3845 1327 3912 sincera
1343 3850 1401 3928 est,
1417 3847 1510 3914 itaet
1526 3850 1686 3933 posterior
1701 3854 1822 3933 nostra,

320 3952 523 4019 Revertimur
553 3955 593 4020 ad
617 3953 825 4041 Spioilcgium
848 3960 1005 4038 nostrum,
1037 3957 1114 4022 dum
1144 3958 1285 4020 veterem
1310 3959 1520 4023 retractamus
1543 3979 1748 4044 anonymum,
1768 3959 1823 4043 qui

275 4062 349 4126 ante
372 4060 538 4126 consilium
563 4059 743 4129 Nicaenum
766 4063 928 4147 scripsisse
951 4061 1038 4128 haud
1060 4063 1224 4129 immerito
1247 4063 1439 4130 aestimatus
1464 4070 1524 4131 est.
1649 4103 1653 4112 ·

320 4166 446 4243 Quanto
468 4169 572 4253 magis
595 4169 732 4255 vestigia
755 4173 866 4236 nostre
889 4169 1032 4255 relegere
1056 4192 1222 4256 urgemur,
1256 4171 1366 4238 statim
1396 4176 1433 4238 nt
1456 4173 1495 4239 ed
1525 4171 1686 4239 Hilarium
1718 4173 1824 4242 Picta·

274 4273 415 4341 viensem
437 4298 658 4361 provocamus.
684 4276 825 4344 Tandem
849 4276 1044 4344 exsolvimus
1066 4279 1162 4345 fidem
1182 4284 1327 4345 nostram
1344 4280 1382 4346 de
1397 4265 1525 4346 retusto
1542 4280 1700 4348 Theodori
1716 4281 1825 4368 Mops-

274 4381 396 4447 uesteni
421 4382 611 4468 interprete;
629 4406 710 4469 quae
730 4385 933 4470 sianonymo
949 4387 1115 4453 referenda
1132 4391 1217 4468 sant,
1235 4385 1350 4453 saltem
1366 4408 1441 4452 vero
1456 4387 1583 4455 Hilario
1599 4411 1716 4456 novum
1732 4390 1825 4476 hym·

274 4511 351 4554 num
375 4491 535 4558 uindicare
558 4515 630 4560 cum
654 4498 742 4561 certa
764 4493 917 4579 temporis
940 4499 1018 4559 nota
1041 4494 1239 4575 confidimus,
1257 4493 1390 4560 caeteris
1405 4516 1508 4579 nuper
1523 4494 1615 4562 editis
1632 4496 1811 4563 addendum

320 4595 368 4662 De
391 4604 501 4665 sancto
525 4601 707 4686 Augustino
731 4602 808 4668 satis
830 4623 888 4668 suo
909 4602 980 4668 loco
996 4601 1144 4684 dicemus,
1161 4602 1276 4688 quibus
1291 4602 1380 4668 noris
1397 4602 1474 4668 adde
1489 4624 1571 4687 quae
1586 4603 1704 4671 iterum
1729 4605 1814 4671 erui·

274 4726 344 4769 mus
367 4727 403 4771 er
427 4708 632 4793 sequentibus
656 4710 872 4777 collectaneis.

319 4811 484 4880 Victorem
507 4813 691 4900 Capuanum
718 4822 750 4882 et
772 4819 929 4884 loannem
952 4818 1117 4886 diaconum
1142 4816 1292 4883 ecclesiae
1307 4816 1469 4883 Romanae
1485 4817 1612 4899 iterum,
1636 4819 1816 4906 iterumque

275 4925 424 4986 excutere
448 4943 511 4986 non
534 4923 636 5008 piget,
662 4947 733 4990 cnm
758 4926 798 4990 ab
823 4926 868 4992 eis
891 4925 1068 5011 recepimus
1092 4923 1234 4990 omnium
1257 4926 1441 4990 catenarum
1465 4923 1530 4990 sire
1547 4945 1736 5010 graecarum
1752 4927 1817 4994 sire

273 5026 447 5094 latinarum
471 5031 735 5116 antiquissimam.

319 5133 396 5201 Inde
420 5139 554 5221 gradum
578 5139 713 5207 facimus
736 5140 775 5206 ad
797 5145 908 5226 poetes
931 5139 1130 5218 christianos,
1155 5137 1375 5218 Dracontium,
1399 5139 1582 5206 Falconiam
1612 5139 1751 5207 Probam
1785 5147 1819 5208 ct

273 5240 457 5328 Iuvencum,
482 5245 660 5332 dequibus
684 5271 740 5314 suo
763 5249 833 5316 loco
857 5249 945 5313 etin
970 5245 1203 5330 prolegomenis
1226 5246 1418 5330 disputatur.
