4022 6072
903 539 1051 630 Reyula.
1699 552 1753 609 113

206 715 406 809 ἑραρμώσεις,
432 713 525 803 μόνον
542 724 604 780 τῶν
622 721 851 803 πνευματικῶν,
876 702 1004 777 εἰδότων
1021 710 1063 776 τά
1081 711 1306 803 σημαινόμενα,
1325 752 1366 764 -
1384 713 1580 806 Ἐγέγραπτο
1598 705 1631 782 δὲ
1654 715 1684 782 έν
1709 727 1749 802 τῇ

207 819 318 909 δέλτῳ,
343 825 393 890 ὅτι
416 818 499 903 ξένος
524 823 584 888 ἀπὸ
609 821 707 887 ἄλλου
726 821 936 911 μοναστηρίου
954 819 1007 886 ἐάν
1023 818 1111 904 ἔλθῃ,
1129 819 1225 885 ἄλλον
1242 823 1322 910 ἔχων
1339 821 1448 899 τύπον,
1465 821 1588 898 τούτοις
1607 823 1650 913 μὴ
1676 849 1754 914 συμ-

206 935 321 1025 φάγος,
346 933 388 1023 μὴ
415 934 557 1022 σνμπίος,
582 931 625 1020 μὴ
652 929 783 1016 συνέλθῃ
810 934 852 1005 είς
875 929 935 1000 τὴν
960 928 1068 1018 μονὴν,
1094 929 1182 1004 ἑκτθς
1208 927 1243 992 άν
1269 933 1295 994 εί
1320 928 1362 1018 μὴ
1388 936 1429 1004 είς
1453 921 1524 996 ὁδὸν
1548 930 1672 1020 εὑρεθῇ·
1697 933 1751 996 τθν

207 1043 315 1132 μέντοι
331 1039 511 1107 εἰσελθόντα
528 1046 568 1116 είς
586 1033 671 1118 ἅπαξ
688 1048 856 1128 συμμεῖναι
873 1042 988 1111 αὺτοῖς·
1006 1037 1057 1102 ἐπί
1074 1039 1212 1127 τριετίαν
1229 1042 1270 1113 είς
1288 1041 1394 1128 ἀγῶνα
1412 1031 1544 1102 δυνατὸν
1562 1041 1617 1102 οὐκ
1640 1032 1701 1117 ἕξει
1719 1041 1751 1122 ¹),

208 1147 278 1214 ἀλλ’
304 1148 561 1240 ἑργαστικώτερα
584 1150 660 1238 ἔργα
683 1147 828 1230 ποιήσας,
853 1146 951 1221 οὕτως
967 1144 1021 1210 καί
1036 1144 1074 1209 τὸ
1096 1135 1222 1208 στάδιον
1239 1135 1425 1234 ἑμθαίνεται
1442 1143 1523 1234 μετά
1541 1147 1689 1236 τριετίαν.
1710 1183 1755 1200 -

209 1255 383 1333 Ἐσθίοντες
408 1248 451 1333 δὲ,
476 1255 533 1333 τάς
558 1253 693 1343 κεφαλάς
719 1251 984 1318 καλυπτέσθωσαν
1010 1262 1074 1327 τοῖς
1097 1254 1300 1337 κουκουλίοις,
1324 1254 1373 1318 ίνα
1391 1253 1433 1342 μὴ
1461 1245 1593 1342 ἀδελρθς
1618 1245 1753 1344 άδελρθν

209 1363 414 1454 μασσιίιμενον
438 1355 501 1452 ἴδῃ.
527 1403 566 1412 —-
594 1366 659 1428 Ούκ
683 1365 750 1429 ἐστι
773 1365 914 1436 λαλῆσαι
938 1358 1092 1443 ἐσθίοντα,
1119 1351 1189 1424 οὐδὲ
1212 1360 1302 1436 ἐκτδς
1326 1371 1380 1424 τοῦ
1401 1361 1530 1436 πίνακος
1554 1359 1572 1432 ἢ
1599 1371 1656 1437 τῆς
1680 1387 1755 1451 τρα-

207 1465 303 1550 πέζης
325 1474 467 1561 ἀλλαχοῦ
483 1471 645 1562 προσέχειν
663 1479 708 1552 τῷ
725 1465 888 1559 ὀφθαλμῷ.
908 1465 947 1517 .'-
966 1466 1126 1532 Ἐτύπωσε
1143 1457 1177 1532 δὲ
1192 1467 1294 1541 πάσης
1312 1479 1369 1544 τῆς
1385 1468 1502 1558 ἡμέρας
1519 1479 1617 1533 ποιεῖν
1643 1469 1754 1546 αύτούς

208 1578 301 1669 εύχάς
327 1580 368 1663 ιβ’
391 1579 444 1643 καί
467 1584 498 1644 ἐν
523 1589 568 1659 τῷ
591 1583 729 1669 λυχνικῷ
755 1579 807 1662 ιβ’,
830 1577 884 1641 καί
908 1579 938 1640 ἐν
963 1585 1032 1650 ταῖς
1055 1577 1222 1664 παννυχίσι
1249 1575 1297 1659 ιβ’,
1316 1573 1369 1640 καί
1393 1577 1423 1638 ἐν
1448 1586 1489 1661 τῇ
1515 1572 1541 1639 θ’
1563 1577 1636 1664 ὥρᾳ.
1654 1577 1694 1666 γ’.
1710 1614 1755 1624 -·-

202 1685 282 1753 Ὀτε
306 1679 339 1752 δὲ
363 1678 451 1752 δοκεῖ
471 1696 517 1770 τῷ
541 1685 655 1760 πλήθει
679 1685 800 1770 ἐσθίειν,
824 1683 948 1768 ἑκάστῳ
964 1683 1110 1774 τάγματι
1126 1681 1210 1747 κατά
1226 1681 1365 1754 ἑκάστην
1390 1682 1484 1772 τύχην
1509 1681 1633 1774 ψαλμὸν
1657 1682 1755 1773 προᾴ-

208 1786 314 1860 δεσθαι
330 1794 498 1860 ἐτύπωσεν.
518 1831 559 1844 -
577 1793 880 1885 ίίροσαντιλέγοντος
897 1783 931 1857 δὲ
946 1801 1003 1856 τοῦ
1021 1790 1160 1881 μεγάλου
1177 1793 1348 1881 Παχωμίου
1365 1800 1411 1874 τῷ
1428 1791 1554 1883 ἀγγέλῳ
1578 1793 1628 1856 ὅτι
1652 1795 1757 1884 ὀλίγαι

208 1905 282 1966 τίσιν
306 1907 340 1966 αί
362 1903 463 1992 εὐχαί,
486 1901 573 1991 λέγει
596 1905 682 1984 αύτῷ
706 1905 722 1965 ὁ
746 1901 891 1993 ἄγγελος,
917 1901 967 1964 ὅτι
990 1899 1109 1974 ταύτας
1134 1890 1321 1983 διετύπωσα,
1339 1905 1378 1975 ὡς
1395 1901 1525 1988 ὀφείλειν
1551 1898 1675 1988 φθάνειν
1701 1900 1755 1965 καί

207 2010 278 2086 τοὺς
303 2009 429 2100 μικρούς
453 2013 605 2075 ἐπιτελεῖν
629 2011 683 2075 τθν
708 2010 825 2074 κανόνα
849 2009 902 2073 καί
927 2007 970 2097 μὴ
996 2004 1181 2072 λυπεῖσθαι·
1197 2011 1225 2070 οἱ
1249 1997 1283 2070 δὲ
1303 2007 1417 2071 τελειοι
1442 2005 1623 2096 νομοθεσίας
1647 2008 1754 2097 χρείαν

207 2121 263 2182 ούκ
286 2120 402 2208 ἔχουσι·
427 2117 496 2182 καθ’
521 2117 650 2194 ἑαυτούς
674 2117 734 2208 γάρ
758 2121 789 2182 ἐν
814 2127 883 2192 ταῖς
907 2115 1032 2191 κέλλαις
1049 2113 1136 2190 ὄντες
1153 2115 1225 2179 θλον
1242 2114 1279 2178 τὸ
1303 2107 1360 2192 ζῆν
1384 2119 1503 2178 ἑαυτῶν
1528 2125 1568 2200 τῇ
1594 2125 1650 2179 τοῦ
1674 2093 1754 2179 Θεοῦ

209 2224 321 2314 θεωρίᾳ
343 2225 575 2314 παρεχέτωσαν.
595 2224 724 2300 Τούτοις
749 2215 782 2289 δὲ
799 2221 1022 2312 ἐνομοθέτησα,
1040 2223 1107 2286 ὅσοι
1123 2225 1178 2286 ούκ
1194 2221 1301 2312 ἔχουσι
1318 2232 1386 2286 νοῦν
1402 2221 1611 2311 ἑπιγνοίμονα,
1628 2225 1678 2286 ἵνα
1696 2219 1754 2286 κείν

207 2339 247 2408 ὡς
261 2334 285 2417 ²)
310 2333 429 2399 οἰκέται
454 2333 703 2423 καταφρονηταί,
723 2341 769 2416 τῷ
794 2325 879 2422 ρόθῳ
895 2341 950 2396 τοῦ
968 2331 1128 2395 Δεσπύτον
1146 2330 1206 2403 τὴν
1225 2323 1369 2409 σύνταξιν
1386 2333 1577 2420 πληροῦντες
1594 2341 1651 2406 τῆς
1667 2333 1757 2395 πολι-

207 2442 291 2516 τείας
315 2433 500 2506 διατελῶσιν
525 2443 556 2505 ἐν
579 2442 746 2530 παρρησίᾳ.

255 2554 365 2612 Ταῦτα
389 2540 616 2634 διαταξάμενος
639 2552 655 2610 ὁ
680 2547 767 2639 ἅγιος
791 2546 944 2638 ἄγγελος,
969 2548 1022 2612 καί
1044 2546 1215 2637 πληρώσας
1238 2546 1297 2621 τὴν
1327 2538 1503 2632 διακονίαν,
1530 2545 1669 2621 ἀπῆλθεν
1694 2547 1755 2612 άπὸ

209 2664 264 2720 τοῦ
289 2654 430 2746 μεγάλου
456 2656 638 2745 Παχωμίου.

960 2982 1004 3047 ΙΙ.

671 3197 735 3255 Τοῦ
760 3193 844 3256 ὁσίου
868 3193 985 3284 πατρὸς
1009 3200 1099 3284 ἡμῶν
1124 3193 1295 3284 Παχωμίου

382 3303 504 3365 ἐκτῶν
529 3303 665 3364 ἐντολῶν
690 3299 849 3388 κεφάλαια
874 3293 1006 3392 διάρορα
1030 3302 1243 3394 ἑκλελεγμίνα
1268 3307 1307 3377 ῶς
1331 3303 1362 3366 ἑν
1387 3298 1532 3390 συντόμῳ
1545 3297 1580 3382 ⁸).

244 3497 275 3547 ²¹·
285 3497 367 3549 Ὅταν
382 3497 489 3567 ἀκούσῃς
504 3501 545 3558 τίς
557 3501 637 3568 φωνῆς
652 3497 870 3568 προσκαλουμένης
884 3517 909 3550 σε
922 3499 954 3558 είς
1007 3497 1101 3567 ίμέρας
1116 3499 1159 3568 μέν
1174 3499 1185 3548 ὁ
1199 3498 1304 3567 ὑστερῶν
1324 3499 1382 3566 μιᾶς
1397 3496 1533 3564 προσευχῆς
1547 3491 1673 3562 ἐπιτιμίαν
1691 3497 1758 3560 λαμ-

209 3586 253 3642 πλν
272 3585 378 3652 σύναξιν,
399 3590 520 3655 πορευθείς
540 3589 589 3638 θπί
616 3591 658 3640 τοῦ
678 3587 745 3639 οἶκον
764 3590 875 3656 μελετῶν
897 3591 956 3658 ἄχρι

209 3679 252 3734 τῆς
271 3676 341 3746 θύρας
362 3679 404 3736 τῆς
425 3677 554 3743 σονάξιως,
566 3679 705 3749 κατεσθὴσῃ
720 3683 787 3730 κατὰ
801 3680 889 3748 τρόπον
904 3678 957 3730 εύσ-

208 3765 331 3834 χημάνως·
349 3767 391 3818 ἐάν
405 3768 430 3817 δέ
444 3767 665 3835 ἁποστηθιζόμενος
685 3768 775 3838 κρούσῃ
797 3769 828 3827 είς
848 3771 876 3820 τί
917 3786 955 3838 ρο-

209 3855 345 3923 σεύχεσθαι,
365 3855 460 3923 ταχέως
480 3855 515 3924 μὴ
536 3853 651 3926 άμελύσῃ
672 3857 847 3930 ίιναστῆναιί).

245 3944 275 4009 β’.
295 3949 388 4004 Μηδεὶς
409 3941 588 4015 περιθλίψηται
608 3949 661 4005 τοὺς
676 3949 796 4016 ἀδελφοὺς
817 3946 955 4016 εὐχόμενος·

208 4038 289 4087 ταῦτα
301 4040 350 4108 γάρ
360 4033 383 4108 ⁵)
397 4038 479 4087 πάντα
492 4037 631 4106 ἐπιστήμης
645 4036 704 4110 ἐργα
718 4038 886 4108 παραδίδοται
905 4043 954 4098 τοῖς

209 4131 312 4194 πιστοῖς.

244 4213 276 4286 γ’.
296 4213 354 4266 Ἐάν
374 4214 401 4266 δι’
420 4234 454 4276 τις
467 4215 557 4288 λογίσγι
571 4213 585 4271 ἢ
599 4218 695 4289 ’γελάσῃ
710 4217 733 4269 ἐν
747 4219 779 4287 τῇ
791 4215 896 4283 συνάξει,
915 4223 943 4268 λι

207 4304 310 4374 λυμίνος
329 4305 373 4361 τὴν
395 4305 481 4372 ζώνην,
501 4306 636 4376 ἔμπροσθεν
651 4309 693 4359 τοῦ
705 4309 887 4377 θυσιαστηρίου,
908 4308 957 4358 ἐπι-

209 4393 294 4462 τιμίαν
313 4391 396 4462 λάθοι,
417 4397 568 4452 στατήσετσι
587 4399 612 4448 δέ
632 4397 655 4448 ἐν
668 4399 702 4467 τῷ
722 4398 792 4466 τόπῳ
812 4399 856 4458 τῆς
875 4394 956 4448 ἐστιά-

209 4499 269 4542 σεως
279 4481 309 4556 ⁸).

245 4573 274 4626 δ’.
293 4573 353 4625 Ἐάν
367 4577 393 4626 θέ
406 4574 514 4648 σάλπιγξ
529 4575 608 4647 βεῆσῃ
622 4579 733 4628 καλοῦσα
746 4573 786 4629 ἐπί
801 4577 844 4632 τείν
859 4575 955 4637 σύναξιν

246 4751 269 4825 ι)
288 4751 363 4808 Ραίί.
384 4755 416 4814 είς
437 4756 524 4824 ἀγῶνα
543 4754 638 4808 ἀθύτων
658 4755 730 4808 αύτίν
750 4755 776 4807 ού
796 4755 852 4826 ῦίίη
872 4753 924 4811 εἰσ.

245 4842 268 4914 ²)
287 4841 357 4900 0οὰ
379 4847 474 4906 ἱκανῶς.
494 4843 566 4900 Mox
585 4843 698 4904 Pallad.
718 4848 867 4898 θιατεθῶσιν.

245 4933 269 5008 ³)
288 4933 331 4991 cf.
350 4937 463 4992 Ρσίτοί.
488 4951 535 5008 με.
554 4939 573 4990 ί
594 4950 646 5007 τε,
666 4934 721 4992 σοί.
747 4935 809 4990 947.
833 4935 955 4992 Hieron.

210 5025 367 5096 thL

245 5116 269 5188 ⁴)
282 5113 364 5170 Hier.
378 5115 432 5170 col.
446 5114 521 5170 6511.
534 5130 579 5171 111.
591 5114 719 5188 Propius
738 5115 776 5170 ιιά
794 5120 899 5172 nostra
911 5133 956 5171 εισ-

210 5203 289 5260 cedit
302 5219 391 5276 quam
404 5203 485 5260 edita
496 5221 604 5276 graece
617 5205 673 5261 σοί.
686 5205 747 5278 948,
758 5211 790 5262 εί
801 5205 844 5262 sic
857 5221 954 5278 saepe.

246 5295 269 5367 ⁵)
288 5300 369 5348 ταῦτα
388 5301 486 5368 γάρ-
499 5303 602 5363 πιστοῖς,
623 5313 659 5352 σο
676 5295 825 5367 videntur,
845 5296 955 5354 omisso

210 5390 268 5457 γὰρ,
288 5389 374 5440 σκετο
393 5383 495 5440 sedem
514 5401 594 5456 οεεο,
615 5401 649 5440 ιιο
666 5383 767 5456 potius
792 5384 898 5441 referri
916 5384 955 5441 ιιι]

351 5509 446 5566 Am.
466 5525 494 5583 v,
513 5509 564 5566 fol.
582 5523 648 5568 v111.

1008 3585 1084 3654 θάνεν,
1096 3593 1139 3640 καί
1152 3589 1302 3642 σταθήσεται
1315 3587 1338 3638 ἐν
1352 3587 1387 3654 τῷ
1401 3586 1471 3655 τάπερ
1486 3588 1528 3643 τῆς
1542 3585 1681 3643 ἐστιοίσεως·
1700 3602 1758 3634 νυκ-

1009 3681 1049 3737 τθς
1068 3680 1094 3729 δὲ
1113 3678 1124 3728 ί
1145 3675 1338 3744 ἀπολειπόμενος
1363 3677 1436 3744 τριῶν
1460 3675 1619 3744 προσευχῶν,
1640 3672 1757 3732 ὡσαύτως

1008 3769 1135 3838 ἐπιτιμίαν
1154 3764 1279 3837 λαμύάνει
1289 3765 1320 3840 ⁷).

1045 3859 1073 3912 ε’.
1093 3859 1153 3910 Ἐάν
1174 3858 1200 3909 δι’
1219 3877 1254 3916 τις
1268 3861 1314 3927 πρὸ
1329 3858 1377 3908 τῶν
1390 3856 1467 3926 θυρῶν
1481 3857 1524 3914 τῆς
1538 3853 1658 3914 συνάξεως
1676 3855 1759 3925 εύρεθῇ

1009 3948 1210 4020 προσισχομένων
1221 3946 1254 4019 ⁸),
1267 3947 1302 4015 μθ
1317 3949 1482 4016 προσευχθιίς,
1498 3943 1615 4006 ὡσαύτως
1632 3941 1758 4014 ἐπιτιμίαν

1008 4034 1140 4109 λαμθάνιι.

1045 4129 1076 4189 ς’.
1095 4129 1188 4188 Μηθτίς
1208 4125 1291 4188 ἐξείπω
1311 4129 1354 4187 τῆς
1369 4123 1489 4186 συνάξεως
1508 4126 1555 4175 τῶν
1576 4125 1700 4194 ἀδελφῶν,
1720 4123 1758 4192 ἐρ-

1008 4219 1110 4289 χόμενος
1124 4223 1199 4288 χωρίς
1211 4219 1255 4268 τοῦ
1269 4214 1464 4285 προσταχθέντος
1479 4219 1521 4266 καί
1535 4213 1703 4284 ἐρωτήσαντος
1717 4214 1758 4263 διὰ

1010 4316 1117 4383 πρᾶγμα
1136 4306 1301 4380 προσῆκενί).

1044 4398 1074 4460 ζ’.
1094 4401 1188 4457 Μηδείς
1207 4397 1300 4468 μενέτω
1320 4400 1395 4465 χωρίς
1422 4397 1464 4446 τοῦ
1484 4393 1665 4450 ὰπεστὴθισθαι
1684 4392 1707 4444 ἐν
1725 4393 1759 4462 τῇ

1010 4489 1107 4550 συνάξει
1125 4491 1243 4558 ὑπάρχων
1262 4491 1332 4557 παρὰ
1352 4487 1395 4542 τιίν
1411 4487 1530 4557 φροντίδα
1550 4487 1594 4544 τῆς
1613 4479 1758 4552 ίέθομσίδος·

1009 4583 1020 4633 θ
1041 4584 1066 4632 δὲ
1086 4580 1317 4648 άπσστηθιίίμενος,
1338 4579 1378 4631 ἐάν
1392 4597 1416 4629 τι
1431 4573 1576 4645 βαμθαίνων
1593 4574 1608 4632 ἢ
1628 4574 1759 4627 ἐπιλανθα-

1009 4757 1135 4831 initium,
1154 4757 1207 4814 ubi
1226 4756 1293 4814 edd.
1311 4771 1433 4830 graece:
1453 4757 1516 4812 αὕτη
1535 4757 1550 4811 ’λ
1572 4755 1636 4823 θρχνί
1656 4757 1703 4807 τῶν
1723 4755 1757 4806 οἱ-

1010 4856 1134 4922 καθιμῶν.

1045 4939 1067 5012 ⁸)
1080 4937 1161 4994 Hier.
1176 4938 1230 4994 col.
1246 4938 1280 4992 66
1293 4955 1321 4993 n.
1335 4952 1400 4993 vm.
1413 4935 1513 4992 Pauca
1526 4934 1558 4991 in
1571 4931 1637 4991 edd.
1650 4948 1758 5004 graeco

1008 5029 1039 5085 in
1050 5027 1230 5101 compendio,
1241 5029 1366 5098 ἐπιτιμίαν
1376 5026 1471 5083 codex
1479 5042 1547 5082 oum
1560 5023 1625 5080 edd.
1637 5021 1757 5079 retinet.

1044 5119 1180 5190 7)1)ιιοεο
1199 5116 1264 5173 edd.
1284 5115 1328 5173 Of.
1347 5115 1431 5170 Hier.
1450 5133 1479 5170 n.
1498 5129 1539 5186 τε,
1559 5129 1588 5168 x.

1044 5203 1066 5276 ⁸)
1085 5201 1155 5259 Ood.
1175 5203 1368 5272 προσευχόμενος
1387 5201 1533 5272 corrupte.
1553 5197 1599 5254 Do
1618 5193 1757 5254 emenda·

1009 5293 1091 5351 tione
1110 5291 1147 5349 οί.
1167 5290 1232 5350 edd.
1251 5307 1331 5347 num.
1349 5306 1379 5349 v.

1044 5385 1068 5453 θ)
1086 5381 1130 5440 Of.
1148 5380 1231 5438 Hier.
1250 5395 1330 5438 numa
1350 5395 1390 5451 τε,
1410 5393 1471 5434 σιτ.
