3978 6070
612 491 781 568 Nonnulli
799 493 1021 585 confutantur
1039 497 1234 568 astronomi.
1666 503 1699 560 77

153 656 204 730 διά
217 675 280 730 τῶν
297 668 423 754 ὁμαλῶν
438 665 530 742 ὄντας
543 667 779 743 καταληπτούς,
796 669 894 756 μόνως
907 669 1029 733 ἐκείνων
1042 667 1192 733 τοιούτων
1206 671 1313 750 οὐσῶν,
1328 667 1488 744 καθαοτάς
1503 667 1700 747 ἀσυνθέτους,

153 776 217 848 οίας
234 767 319 838 οὸτοι
334 785 455 839 ποιοῦσι
472 768 524 840 διά
538 775 714 850 συνθέσεως.
731 776 790 839 Καὶ
803 775 862 866 γάρ
876 781 905 840 οί
918 775 958 839 τά
972 777 1215 867 παραπήγματα
1232 769 1521 854 κατασκευάζοντες
1537 779 1701 869 λογισμοῖς

152 879 318 969 χρώμενοι,
344 894 512 972 μιμοῦνται
535 883 595 954 τήν
618 884 677 973 πρὸ
701 887 861 974 λογισμῶν
879 884 933 946 καὶ
949 887 1088 948 ἐπινοιῶν
1104 887 1205 947 ἐκεῖνα
1223 873 1501 974 δημιουργήσασαν
1526 884 1625 973 φύσιν·
1649 888 1702 950 καὶ

157 991 218 1074 [ὡς]
240 995 268 1053 οί
288 993 402 1080 χρυσὸν
426 1004 525 1057 ποιεῖν
550 991 720 1081 φάσκοντες
745 996 779 1055 ἐκ
797 983 907 1080 μίξεώς
924 1016 1015 1056 τινων
1033 983 1133 1076 εἰδῶν,
1150 1001 1207 1067 τῆς
1224 991 1339 1080 φύσεοις
1356 993 1414 1080 πρὸ
1432 986 1541 1082 μίξεως
1559 988 1599 1057 ὧν
1617 989 1703 1060 ούτοι

153 1099 364 1189 λέγουσιν,τὸ
385 1093 464 1179 εἶδος
488 1099 519 1166 έν
543 1112 599 1166 τοῦ
617 1112 731 1191 χρυσοῦ
747 1100 894 1177 ποιούσης
911 1101 964 1164 καί
989 1105 1041 1165 ἀπ’
1067 1101 1170 1165 ἄλλων
1194 1105 1331 1184 πολλῶν,
1356 1095 1444 1176 οὸτος
1468 1105 1484 1164 ὁ
1508 1101 1621 1191 τρὸπος
1645 1113 1703 1178 τῆς

154 1207 346 1299 ἀνθρωπίνης
371 1207 484 1300 ψυχῆς,
509 1221 577 1286 ταῖς
602 1209 791 1299 εύμηχοίνοις
807 1202 967 1285 ἐπιύολαῖς
985 1207 1025 1274 τά
1042 1211 1118 1300 ἔργα
1135 1220 1192 1286 τῆς
1209 1208 1324 1298 φύσεως
1343 1208 1438 1298 θηρᾶν
1455 1212 1624 1298 ἐφιεμένης,
1649 1211 1703 1274 καί

153 1311 310 1394 ζητούσης
327 1329 391 1394 πῶς
409 1317 444 1383 ἀν
461 1318 595 1408 ἐγένετο,
614 1321 696 1408 εἴπερ
714 1320 847 1408 ἐγίνετο,
864 1318 918 1382 καὶ
933 1323 973 1393 ῶς
991 1308 1122 1382 δυνατὸν
1141 1317 1348 1406 εὑρισκούσης,
1367 1318 1417 1381 ἐπί
1434 1307 1467 1381 δέ
1484 1327 1547 1381 τῶν
1567 1319 1702 1408 ἀστέρων

153 1427 206 1490 καὶ
229 1426 380 1516 πρὸφασιν
406 1429 510 1502 αὐτοῖς
535 1433 553 1500 ή
580 1421 713 1504 ζήτησις
738 1429 811 1515 ἔχει,
831 1425 883 1490 καί
899 1423 1091 1514 κατόρθωσιν
1109 1428 1142 1522 ού
1160 1425 1218 1498 τήν
1239 1437 1394 1514 τυχοῦσαν
1419 1431 1438 1499 ή
1466 1427 1597 1516 εύρησις,
1622 1429 1703 1503 ὅπως

130 1569 133 1576 ·
154 1525 356 1610 ἀποδείξωσιν
381 1537 507 1624 ὁμαλῶς
530 1533 636 1598 πάντα
661 1533 828 1622 κινούμενα
852 1532 894 1597 τά
919 1535 1090 1622 ἐγκυκλίως
1114 1533 1283 1622 φερόμενα·
1309 1543 1404 1600 τοῦτο
1429 1533 1487 1625 γάρ
1517 1535 1591 1624 φασί
1615 1533 1704 1612 θείοις

154 1640 295 1730 σώμασιν
318 1641 496 1732 προσήκειν·
522 1643 576 1706 καί
599 1641 699 1734 ἐγώγε
723 1644 818 1732 φαίην
844 1640 879 1706 ἀν
904 1642 958 1705 καί
982 1643 1019 1705 αύ

154 1860 178 1926 f.
197 1862 238 1926 70
256 1885 298 1940 ν.,
315 1861 350 1925 in
365 1860 637 1926 lacuna4vers.:
663 1857 997 1946 ...μύνως...ἀλλοι
1018 1848 1128 1934 δέ...
1154 1858 1245 1946 μόνον
1264 1858 1300 1922 τὸ
1326 1858 1492 1946 ἀνώμαλον
1510 1860 1611 1950 μὸ...
1636 1853 1706 1927 οὐδὲ

155 1969 338 2056 ἀνωμαλίαν
361 1965 422 2057 χρή
447 1967 551 2035 λέ...
576 1962 616 2031 ὧν
635 1959 860 2041 ἀνταποδόσεις
877 1971 1006 2056 ὁμαλεῖς
1023 1967 1077 2030 καί
1092 1965 1134 2031 τά
1148 2016 1153 2030 .
1169 2017 1196 2030 ..
1220 1968 1349 2056 ἔχουσαι
1369 1968 1493 2046 πάντως
1519 1971 1704 2061 ἀναγκαίαν·

156 2073 239 2139 ἀλλά
263 2085 375 2139 τοῦτον
407 2075 462 2165 μέν
487 2075 604 2150 παντὸς
629 2078 712 2140 ἐστιν
738 2073 1002 2164 συλλογίσασθαι·
1027 2075 1064 2139 τὸ
1090 2066 1122 2140 δέ
1146 2075 1200 2139 καί
1223 2075 1282 2146 τήν
1308 2079 1433 2150 ἀπλανῆ
1467 2088 1560 2142 κινεῖν
1589 2078 1639 2142 ἐπὶ
1663 2076 1705 2142 τά

155 2183 291 2274 έπὸμενα
315 2185 368 2248 καί
392 2191 507 2275 Μοῖραν
533 2187 606 2274 μίαν
631 2191 661 2250 ἐν
679 2187 778 2250 ἔτεσιν
798 2186 955 2266 ἀπλέτοις,
973 2176 1042 2249 οῦδὲ
1065 2195 1161 2250 τοῦτο
1182 2176 1283 2258 δήπου
1300 2196 1345 2269 τῷ
1366 2185 1512 2252 Πλάτωνι
1534 2197 1703 2277 προσῆκεν,

154 2301 256 2382 σαφῶς
280 2293 407 2382 λέγοντι
430 2291 486 2368 τάς
510 2295 650 2367 ἐναντίας
675 2287 752 2357 εἶναι
777 2293 909 2368 κινήσεις
934 2296 965 2355 ἐν
983 2303 1022 2377 τῆ
1043 2296 1177 2358 ἀπλανεῖ
1196 2294 1249 2357 καὶ
1273 2305 1312 2378 τῆ
1338 2295 1539 2382 πλανωμένῃ·
1564 2295 1618 2358 καί
1641 2293 1702 2386 γάρ

155 2397 193 2474 ήν
218 2391 285 2464 δέον
310 2401 441 2465 καὶτῶν
460 2401 606 2465 ἐναντίων
625 2391 879 2463 δυναστευόντων
896 2399 981 2464 κατά
998 2399 1058 2470 τήν
1076 2399 1206 2491 γένεσιν,
1223 2403 1289 2464 ἐκεῖ
1311 2400 1520 2490 προυπάρχειν
1546 2401 1583 2466 τὸ
1607 2401 1708 2490 παρά-

156 2499 283 2598 δειγμα,
300 2507 353 2570 καί
369 2518 427 2584 τῆς
444 2509 474 2572 ἐν
492 2518 557 2582 τοῖς
571 2518 694 2582 νοητοῖς
711 2507 910 2582 ταυτὸτητος
927 2507 981 2570 καί
995 2508 1182 2597 ἑτερότητος
1196 2517 1318 2596 πρῶτον
1337 2507 1479 2596 μετέχειν
1496 2509 1550 2572 τὸν
1569 2509 1706 2598 ούρανὸν·

157 2615 256 2691 ἄλλης
282 2607 314 2680 δὲ
338 2618 430 2690 οὔσης
455 2618 522 2680 ἐκεῖ
543 2615 703 2690 κινήσεως,
729 2615 812 2678 ἄλλα
836 2626 894 2690 τῆς
918 2613 1002 2679 κατά
1026 2615 1122 2681 τὸπον
1149 2625 1244 2705 μονῆς
1268 2619 1298 2680 ἐν
1316 2616 1418 2702 ταύτῃ
1446 2614 1623 2706 θεωρεῖσθαι
1646 2616 1706 2691 τήν

156 2725 345 2789 ἐναντίωσιν·
369 2729 497 2787 Μουσῶν
524 2713 591 2805 δέῙ)
614 2723 668 2786 τὸν
695 2723 766 2786 ὅλον
792 2723 919 2811 οῦρανὸν
945 2733 1148 2812 σννεχοῦσων,
1171 2724 1349 2811 συμφωνίαν
1374 2718 1450 2788 εἶναι
1474 2733 1536 2788 τῶν
1562 2725 1706 2790 ἐναντίων

157 2831 321 2913 κινήσεων,
339 2831 393 2894 καί
408 2835 572 2921 ὁμολογεῖν
589 2841 630 2914 τῇ
649 2831 740 2921 ἑτέρᾳ
756 2829 816 2903 τήν
833 2830 951 2920 ἑτέραν.
970 2830 1057 2896 Ἐπεί
1074 2833 1124 2896 ὁτι
1140 2855 1176 2921 γε
1192 2831 1246 2895 καὶ
1262 2836 1280 2904 ή
1298 2831 1441 2920 περὶτῆς
1460 2835 1614 2907 ἀπλανοῦς
1631 2823 1708 2908 δὸξα

158 2929 284 3025 ψευδής,
309 2943 349 3013 ὁις
374 2938 557 3027 κινουμένης
581 2937 632 3002 ἐπὶ
654 2937 696 3001 τά
721 2937 802 3001 αὸτά
826 2948 895 3013 ταῖς
919 2938 1147 3027 πλανωμέναις,
1172 2929 1278 3011 δῆλον·
1296 2929 1357 3002 ἔδει
1373 2937 1431 3028 γάρ
1458 2941 1539 3030 εἴπερ
1565 2937 1707 3027 μάλιστα

156 3046 224 3134 περί
246 3047 301 3109 τὸν
325 3055 380 3109 τοῦ
404 3033 558 3122 ζωδιακοῦ
582 3055 715 3110 κινεῖται
730 3047 838 3126 πὸλον,
855 3045 960 3109 πολλά
979 3056 1040 3110 τῶν
1059 3050 1182 3134 ἀφανῶν
1200 3045 1320 3135 άστρων
1333 3047 1356 3128 ²)
1382 3049 1504 3135 ἐμφανῆ
1530 3046 1703 3135 γεγονέναι,

156 3155 210 3218 καί
234 3164 295 3218 τῶν
321 3157 464 3244 ἐμφανῶν
489 3157 603 3242 ἀφανῆ·
629 3153 743 3218 τούτου
769 3145 800 3218 δέ
824 3152 915 3228 ὄντος
936 3145 1104 3230 ἀδυνάτου,
1123 3145 1204 3243 μηδὲ
1227 3153 1286 3224 τήν
1312 3155 1437 3228 ἀπλανῆ
1463 3153 1613 3220 κινεῖσθαι
1637 3155 1708 3243 περί

156 3263 211 3327 τὸν
236 3275 291 3328 τοῦ
315 3255 470 3341 ζωδιάκου
494 3263 602 3327 πὸλον·
628 3267 655 3326 εί
679 3253 711 3326 δὲ
735 3261 805 3351 περὶ
828 3261 882 3325 τὸν
903 3272 957 3326 τοῦ
981 3264 1099 3338 παντὸς
1123 3263 1220 3327 πὸλον
1245 3265 1387 3338 ἐκινεῖτο,
1412 3270 1475 3326 τῶν
1500 3261 1550 3326 ἐπὶ
1573 3272 1628 3325 τοῦ
1653 3253 1705 3326 διά

117 3395 128 3430 ι
159 3371 259 3459 μέσων
284 3371 445 3461 ὁρωμένων
469 3369 641 3460 ἔμπροσθεν
660 3369 780 3458 ἄιτρων
798 3362 1002 3442 έκὸεὸηκέναι
1021 3369 1092 3435 τινά
1115 3370 1169 3434 τὸν
1194 3360 1245 3434 διά
1271 3369 1371 3459 μέσων
1396 3361 1457 3434 ἔδει
1481 3369 1605 3446 κύκλον,
1631 3370 1705 3459 ὅπερ

158 3484 224 3544 ἑστι
248 3480 302 3543 καί
326 3481 402 3544 αύτὸ
425 3483 587 3554 παντελῶς
612 3470 728 3566 ψεῦδος·
751 3484 778 3542 εί
802 3467 835 3543 δὲ
859 3477 916 3555 τάς
939 3477 1215 3568 πολυθρυλλήτους
1239 3479 1437 3544 έπανατείνοι

156 3698 180 3764 f.
206 3699 258 3778 71,
282 3698 316 3763 in
340 3699 457 3764 lacuna
481 3699 500 3762 2
527 3719 628 3764 vers.:
653 3720 690 3760 το
716 3694 860 3784 τηρήσεις
885 3700 925 3770 ὡς
951 3704 1225 3784 μαρτυροῦντας..
1241 3719 1297 3758 ,να
1319 3695 1473 3770 κινήσεις.
1490 3743 1516 3758 ..
1542 3685 1708 3758 Χαλδαίων

156 3799 265 3894 ἕξομεν
282 3807 430 3896 τηρήσεις
446 3806 565 3896 λέγει...
582 3796 779 3896 παραδούσας
796 3798 829 3882 ἐξ
848 3803 1017 3892 ἀμυθήτων
1034 3804 1186 3893 χρὸνων...
1203 3803 1256 3868 καί
1273 3805 1352 3867 ὁλων
1377 3812 1534 3892 κοσμικῶν
1558 3793 1708 3892 περιόδων
1735 3829 1738 3836 ·

157 3915 210 3979 καί
238 3915 502 4001 ΙΓκα]ταστάσεων,
527 3911 607 3988 ἦσαν
634 3915 773 4005 ίρτορίαι·
798 3911 965 4003 προσθήσω
991 3903 1023 3977 δέ
1049 3903 1215 3989 Χαλδαίοις
1231 3910 1285 3977 καί
1303 3913 1501 4002 Αἰγυπτίους.
1521 3911 1583 3975 Καί
1605 3913 1638 3976 τί
1663 3903 1711 3975 δεῖ

159 4012 332 4097 Χαλδαίους
350 4022 403 4085 καί
420 4023 609 4112 Αἰγυπτίους
625 4022 745 4112 λέγειν;
763 4019 846 4084 ἀλλά
861 4021 920 4108 πρὸ
937 4019 1058 4084 τούτων
1077 4024 1186 4084 αἰτῶν
1204 4018 1279 4085 θεῶν
1298 4019 1410 4109 φημαί,
1428 4028 1531 4110 σαφῶς
1547 4018 1589 4084 τά
1607 4022 1709 4084 αύτῶν

159 4120 298 4204 είδὸτων,
324 4128 377 4192 καί
393 4133 421 4192 οἱ
437 4129 575 4220 χρησμοί
591 4129 650 4201 τήν
668 4153 704 4194 τε
721 4132 847 4202 ἀπλανῆ
866 4125 1015 4192 κινεῖσθαι
1032 4129 1134 4214 φασὶν,
1153 4129 1249 4204 οὕτως
1270 4134 1310 4204 ὡς
1334 4128 1388 4192 καί
1411 4127 1579 4205 Πλάτωνος
1603 4129 1707 4219 λόγος,

157 4235 367 4327 περιάγουσαν
393 4237 447 4300 τὸν
472 4239 544 4302 ὁλον
569 4237 696 4326 ούρανὸν
714 4237 765 4302 ἐπὶ
781 4229 911 4325 δυσμάς,
929 4235 982 4301 καί
997 4238 1056 4326 πρὸ
1073 4235 1196 4313 τούτοις
1215 4237 1394 4325 έπταμὸνας
1419 4229 1497 4300 εἶναι
1519 4233 1576 4310 τάς
1600 4233 1710 4310 λοιπάς

158 4335 330 4434 περιόδους,
356 4343 425 4408 ἀλλ’
451 4347 506 4410 οὸκ
530 4345 730 4422 ἑπικύκλους,
756 4333 826 4409 οῦδὲ
851 4348 1086 4422 ἀνελισσούσας,
1111 4336 1175 4409 ουδ’
1201 4345 1297 4409 ἄλλόν
1322 4367 1393 4409 τινα
1417 4354 1558 4408 τοιοῦτον
1584 4341 1706 4406 κύκλων

159 4449 267 4539 ὁχλον,
292 4447 334 4527 οῖς
358 4451 418 4541 χρή
444 4451 654 4542 πειθομένους,
679 4451 736 4526 τάς
760 4451 922 4542 εἰρημένας
947 4445 1095 4528 ἐπιθολάς
1114 4452 1275 4542 κρατύνειν
1299 4463 1364 4527 τοῖς
1389 4450 1611 4539 μηχανήματα
1638 4451 1710 4534 βου-

105 4573 132 4609 ³⁵
158 4557 310 4645 λομένοις,
337 4560 471 4624 ἱστάνειν
496 4561 546 4624 ἐπί
569 4563 624 4625 τὸν
649 4559 775 4649 ούρανὸν
799 4558 1092 4648 παραχωρήσαντας
1117 4565 1157 4635 ὡς
1184 4561 1288 4650 χρείας
1313 4560 1403 4623 ἕνεκα
1427 4557 1480 4621 καί
1506 4555 1702 4645 ἀνθρωπίνων

159 4669 329 4756 λογισμῶν,
353 4679 422 4746 ταῖς
446 4667 607 4734 ὑποθέσεσι
631 4667 762 4744 ταύταις
785 4669 955 4758 χρομένοις·
980 4673 1006 4733 εί
1030 4660 1053 4731 δ’
1081 4673 1120 4743 ὡς
1143 4667 1319 4758 πειθὸμενοι
1336 4664 1423 4730 ταῦθ’
1442 4665 1538 4739 οὕτως
1559 4665 1641 4753 ἔχειν
1658 4663 1710 4727 λέ-

160 4797 281 4864 γουσιν,
303 4779 361 4865 οὐχ
385 4782 476 4866 ήμεῖς
501 4801 537 4868 γε
560 4765 784 4867 προὸησὸμεθα
808 4775 880 4852 τούς
904 4777 1027 4866 λύγους·

427 5003 471 5064 -ζ-
494 4989 564 5054 Ἐπί
588 4982 621 5055 δὲ
644 4999 708 5055 τῶν
736 4989 859 5054 κύκλων
893 4993 988 5054 αὐτοῦ
1021 4989 1135 5055 ἀνωθεν
1169 4995 1215 5080 ἐφ’
1241 4989 1376 5055 ἑκάστου
1400 5002 1445 5065 -·,-

427 5112 471 5173 ÷
495 5091 662 5182 βεύηκέναι
688 5105 819 5190 Σειρῆνα
845 5098 1162 5188 συμπεριφερομένην,
1181 5097 1283 5188 φωνήν
1303 5100 1376 5187 μίαν
1400 5111 1445 5173 -ζ-

199 5329 220 5403 ¹)
239 5327 310 5385 Maii
330 5331 416 5402 Hesp.
436 5344 468 5400 ιι,
487 5329 548 5402 222,
568 5347 596 5386 n.
615 5333 641 5386 4.
1000 5327 1023 5402 ¹)
1043 5331 1146 5399 εοτρον,
1166 5331 1201 5384 οι
1219 5326 1291 5383 alibi
1309 5343 1362 5399 pro
1381 5275 1514 5382 ίιιίοιοίίε
1533 5321 1639 5380 stollis.
