4022 6072
877 575 1025 650 Sanctus
1043 576 1278 670 Hieronymus

549 745 731 804 Gertrutme
749 746 804 803 111.
1144 751 1233 805 Ysteee
1245 748 1345 822 (im-opu
1354 748 1378 818 ll
1391 765 1464 806 veru
1475 765 1583 821 greece
1597 747 1706 818 videre,
1719 749 1770 807 vel
1781 767 1848 806 nar·

1101 854 1185 910 rere;
1205 838 1285 896 uude
1301 841 1388 912 petor
1411 839 1512 911 (ἵστωρ)
1531 837 1562 894 id
1584 842 1639 908 est,
1659 837 1773 910 sciene;
1798 839 1849 897 vel

337 927 517 985 Declaratur
530 927 622 984 etiem
640 927 717 985 scire
736 927 849 986 volenti
868 928 1047 1002 quodpeulo
1097 931 1257 1000 philoietor
1279 928 1331 1002 qui
1356 929 1453 985 multe
1477 927 1565 998 vidit,
1585 927 1635 984 vel
1661 928 1754 985 norit.
1773 927 1847 986 Inde

302 1022 375 1090 post
393 1016 541 1091 sequitur:
561 1015 686 1073 ‹Etium
705 1017 731 1074 ei
753 1017 874 1074 attilius
899 1022 929 1074 st
950 1019 1048 1091 pleete
1101 1019 1233 1090 historie,
1252 1017 1349 1076 idest
1367 1035 1468 1076 rerum
1486 1017 1621 1080 visarum
1639 1016 1780 1074 narretis.
1798 1017 1848 1074 So-

302 1111 422 1162 ceeseut
434 1123 576 1163 merus».
589 1108 695 1164 Plaeso
709 1123 848 1180 graecum
859 1106 985 1164 verbum
1001 1113 1049 1164 est
1101 1108 1205 1164 labent
1223 1108 1302 1164 enim
1323 1113 1442 1165 veteres
1463 1108 1611 1165 bellorum
1637 1108 1729 1164 duces
1748 1114 1847 1179 gesto·

302 1196 381 1270 quod
394 1195 486 1254 latine
498 1196 616 1270 proprie
626 1197 709 1270 fingo
721 1198 836 1254 dicitur.
849 1197 928 1254 Hinc
939 1215 1047 1255 nomen
1101 1215 1169 1254 rum
1179 1215 1301 1254 suorum
1312 1197 1473 1270 scriptores
1485 1215 1586 1254 secum
1597 1215 1714 1269 semper
1724 1196 1847 1253 hebere:

300 1286 421 1344 uerbnle
430 1286 628 1344 masculinum
634 1291 749 1358 plastes
759 1288 943 1358 velplastor,
956 1287 987 1344 id
1000 1291 1048 1343 est
1102 1295 1137 1345 ut
1149 1288 1246 1362 Scipio
1264 1289 1425 1346 Africanus
1435 1288 1583 1346 Polibium
1596 1288 1845 1362 Megalopolitsm,

300 1377 407 1448 festor,
427 1395 503 1451 quae
523 1383 593 1434 sunt
611 1377 792 1448 masculina;
811 1382 950 1434 neutrum
975 1395 1047 1435 vero
1102 1379 1153 1452 qui
1172 1385 1296 1436 cunctus
1315 1379 1410 1453 ipsius
1429 1379 1550 1454 scripsit
1568 1379 1718 1451 historias,
1733 1385 1764 1436 et
1780 1378 1848 1435 Ale·

298 1470 431 1540 plosme,
445 1467 476 1524 id
489 1474 544 1537 eet,
556 1466 743 1541 figmentum.
752 1468 830 1524 Hiuc
842 1470 1047 1540 emplastrum,
1102 1471 1215 1526 rander
1229 1470 1356 1542 Magnus
1374 1468 1567 1528 Aristotelem
1586 1469 1804 1544 philosophum,
1818 1473 1849 1524 et

302 1554 489 1614 medicinalis
508 1555 654 1613 confectio
673 1573 750 1628 quae
774 1555 926 1614 doloribus
946 1573 1049 1630 suppo·
1101 1561 1245 1634 plurimos
1264 1561 1347 1618 elice.
1361 1561 1471 1618 Caesar
1489 1577 1561 1618 vero
1581 1578 1649 1618 eum
1667 1559 1715 1617 vie
1733 1560 1847 1616 littera·

300 1645 390 1704 nitur.

551 1737 731 1795 Cerrrunuu
749 1737 800 1794 IV.

337 1920 433 1994 quue
452 1918 564 1994 pariter
582 1923 757 1992 exponetur,
775 1917 854 1992 quod
872 1917 960 1992 peulo
979 1921 1048 1991 post

304 2009 426 2068 dicitur:
437 2013 498 2068 Καὶ
507 2013 603 2068 monte
611 2009 1048 2084 pautmtteodidootimeliom-

303 2126 343 2158 rue
356 2109 445 2166 πάντες
458 2103 623 2175 terbiduuror)
635 2103 666 2159 id
679 2109 734 2175 est,
746 2101 847 2175 potius
856 2120 875 2158 a
894 2102 957 2159 Deo
968 2100 1048 2158 docti

302 2210 393 2266 quem
411 2193 554 2251 docibiles
572 2193 644 2250 Deo.

337 2287 471 2343 Dideseo
490 2301 598 2356 graece
617 2282 727 2339 dicitur
746 2282 845 2340 doceo.

340 2375 527 2443 Didascaloe,
547 2373 579 2429 id
598 2377 645 2430 est
664 2372 775 2430 doctor.

338 2464 514 2521 Diduecelo‘a
532 2462 582 2518 vel
600 2463 741 2532 Didacte,
761 2461 905 2518 doctrina

337 2555 541 2620 Didascaliom,
562 2552 647 2610 loeus
665 2551 696 2608 in
715 2569 773 2625 quo
793 2552 922 2608 docetur.

341 2647 555 2702 Ilteooiidacioe
574 2659 645 2715 ergo
658 2643 779 2716 propria
792 2641 902 2698 dicitur
919 2641 971 2714 qui
989 2658 1048 2697 uon

303 2737 444 2800 humens,
460 2733 514 2790 sed
526 2732 629 2790 divine
642 2731 777 2788 doctrine
789 2733 896 2788 doctus
908 2736 962 2800 est,
976 2749 1046 2802 que·

303 2823 349 2880 les
359 2823 574 2896 prophatarum
584 2820 705 2894 quidem
715 2821 763 2877 vel
773 2819 975 2892 apostolorum
988 2818 1050 2876 fue·

303 2918 390 2980 runt,
410 2911 461 2985 qui
484 2910 577 2968 uullIe
598 2909 738 2967 humanis
762 2908 945 2983 magisteriis
969 2907 1049 2966 docti

303 3003 399 3060 fuisse
417 3001 564 3060 feruntur.

562 3180 742 3240 Gerrrunuu
760 3179 795 3238 V.

343 3367 474 3424 Tteucoe
492 3379 600 3435 greeoe
624 3361 699 3418 liber
717 3361 767 3419 val
792 3360 899 3418 modus
923 3359 1049 3433 dicitur;

303 3455 383 3512 unde
399 3451 598 3525 compositum
616 3469 724 3510 nomen
742 3453 946 3523 Pentateueue,
969 3458 1046 3523 [quo]

303 3545 435 3619 quinque
453 3543 522 3600 libri
540 3541 655 3617 Moysis
673 3541 870 3598 nominentur.
889 3539 1049 3614 Adjunctis

304 3653 376 3692 varo
395 3633 513 3691 duobus
531 3631 734 3705 sequentibus,
749 3631 770 3688 J
772 3648 826 3688 esu
842 3629 984 3686 videlicet
1003 3635 1050 3685 et-

304 3742 363 3798 que
376 3725 397 3783 J
398 3724 527 3795 udicum,
542 3722 651 3778 dieitur
664 3725 869 3793 epistolicam
881 3721 966 3777 Ruth
977 3738 1050 3777 vero

306 3816 332 3874 si
348 3815 503 3889 junxerim,
522 3817 714 3882 octoteucum,
734 3810 917 3884 competenti
934 3810 1050 3866 retione

306 3904 469 3978 composito
482 3902 609 3960 nomine.
622 3901 698 3957 Nam
716 3905 746 3956 st
765 3903 863 3957 teucos
881 3898 961 3956 eicut
979 3898 1048 3967 dixi,

305 3995 394 4052 liber:
405 3999 501 4066 pente,
517 3991 661 4064 quinque:
675 3995 745 4061 epta
757 3996 886 4064 septem:
901 3993 963 4046 octo
975 3988 1050 4046 VIII

1101 1652 1235 1710 tissimus
1254 1658 1343 1721 esset,
1363 1653 1528 1726 plenusque
1553 1651 1762 1724 philosophus,
1782 1649 1847 1723 ipse

1101 1760 1154 1817 per
1167 1759 1200 1798 se
1213 1759 1271 1798 uon
1285 1758 1361 1814 quee
1374 1740 1500 1807 uiderat,
1513 1741 1569 1798 sed
1580 1757 1657 1814 quae
1669 1757 1723 1813 per
1736 1757 1769 1796 se
1784 1739 1849 1811 ipse

1101 1837 1253 1904 gesserat,
1274 1847 1408 1904 quaeque
1435 1829 1557 1889 vocarit
1577 1828 1756 1899 Oeseariue,
1776 1845 1849 1886 eon·

1102 1922 1231 1997 scripsit.

1138 2014 1265 2072 Graecia
1281 2031 1354 2072 vero
1379 2012 1575 2070 communiter
1593 2027 1728 2085 quaeque
1747 2009 1847 2084 priora

1101 2121 1155 2177 per
1173 2103 1305 2176 picturas
1319 2103 1439 2175 digesta
1451 2102 1570 2160 vocavit
1581 2101 1734 2158 historias.
1753 2099 1846 2157 Nobis

1102 2211 1219 2266 quoque
1238 2212 1303 2251 moe
1322 2199 1369 2250 est
1386 2210 1570 2268 papyraceus
1580 2193 1603 2262 1)
1621 2197 1759 2248 texturae
1776 2191 1847 2263 hye-

1101 2286 1194 2344 tories
1219 2287 1386 2358 nominare,
1405 2285 1562 2360 prescipua
1580 2301 1657 2356 quae
1680 2283 1846 2354 picturatas

1101 2377 1188 2434 nobis
1207 2380 1348 2450 Aegypto
1366 2378 1527 2434 vehuntur.

1137 2466 1244 2523 Daniel
1262 2467 1355 2538 igitur
1369 2469 1526 2538 philoistor
1540 2465 1609 2538 jure
1627 2470 1760 2535 vocatur,
1773 2463 1843 2534 quie

1102 2556 1240 2630 quemvis
1258 2556 1384 2629 mystice
1403 2555 1500 2611 multe
1518 2555 1606 2624 dicat,
1622 2558 1705 2610 totus
1723 2553 1786 2610 fere
1805 2557 1848 2610 ta·

1102 2662 1171 2700 men
1190 2650 1238 2700 est
1256 2645 1287 2700 in
1299 2643 1435 2701 historiis
1448 2643 1513 2702 sive
1525 2642 1761 2717 proeteritorum,
1781 2640 1845 2700 sive

1102 2732 1281 2790 futurorum.

1344 2911 1524 2972 Genuunuu
1542 2911 1610 2970 VH.

1138 3094 1215 3152 Item
1233 3093 1376 3170 posthaec
1394 3095 1658 3166 Paralipomenon,
1678 3091 1758 3150 sieut
1782 3091 1846 3164 ipse

1104 3183 1182 3254 dicit,
1201 3181 1393 3241 instrumenti
1412 3182 1524 3240 veteris
1541 3183 1673 3254 epltome,
1686 3181 1718 3238 id
1737 3185 1783 3238 est
1800 3181 1843 3236 in·

1103 3273 1176 3330 cisio
1195 3291 1248 3347 per
1266 3272 1487 3346 expressionem
1505 3273 1564 3344 rei,
1583 3289 1643 3328 non
1661 3271 1759 3342 verbi,
1777 3287 1846 3326 nem

1103 3365 1370 3434 Paralipomenon,
1391 3361 1517 3418 sirecte
1535 3361 1680 3432 vertitur,
1700 3367 1748 3417 est
1768 3357 1847 3432 quod

1103 3470 1239 3512 seorsum
1256 3453 1443 3527 relinquitur.
1456 3453 1484 3506 N
1485 3469 1533 3508 em
1541 3469 1625 3523 pore
1638 3468 1747 3524 graece
1764 3465 1847 3522 prae·

1103 3544 1220 3619 positio,
1234 3561 1301 3600 cum
1316 3544 1403 3617 plura
1416 3541 1573 3616 significet,
1585 3541 1617 3600 in
1628 3543 1686 3598 hoo
1703 3539 1767 3598 loco
1785 3556 1848 3614 pro-

1103 3636 1167 3710 prie
1186 3652 1321 3692 seorsum
1343 3635 1504 3708 siguificat
1526 3635 1602 3691 Nem
1625 3631 1785 3705 scriptores
1804 3629 1848 3686 di-

1103 3727 1241 3782 sincrum
1259 3725 1465 3795 historiarum,
1486 3742 1554 3781 cum
1572 3741 1621 3780 res
1645 3728 1750 3794 gestes
1769 3720 1845 3778 serie

1104 3815 1276 3886 scriberent,
1297 3815 1546 3888 computetionem
1562 3819 1737 3886 temporum,
1751 3810 1783 3866 id
1802 3817 1849 3867 eet

1104 3909 1246 3979 chronice,
1267 3923 1402 3963 seorsum
1420 3904 1537 3962 duobus
1554 3903 1639 3960 libris
1657 3901 1848 3975 digerendum

1104 3993 1296 4068 reliquerunt.
1321 3993 1403 4052 Sicut
1425 3994 1489 4067 ipse
1513 3993 1620 4050 beatus
1646 3991 1847 4064 Hieronymus

307 4085 456 4142 dicuntur·
1033 4129 1035 4136 .
1104 4091 1235 4142 testetur
1254 4085 1368 4144 dicens:
1388 4085 1502 4153 «Quod
1523 4080 1743 4156 significantius
1767 4084 1849 4138 etro-

1103 4175 1191 4230 mioon
1209 4173 1303 4230 totius
1316 4173 1487 4247 Scripturas
1499 4172 1650 4246 possimus
1664 4169 1813 4244 appellere
1821 4187 1849 4226 e.

1140 4263 1185 4319 Ne
1203 4264 1280 4320 forte
1291 4279 1364 4320 vero
1377 4263 1505 4319 nominis
1517 4260 1749 4336 ethymologiam
1768 4259 1849 4332 iguo·

1104 4371 1161 4426 ree,
1174 4361 1205 4412 et
1217 4355 1295 4410 hene
1307 4353 1363 4410 tibi
1375 4353 1503 4411 fideliter
1515 4353 1748 4427 interpretabor:
1760 4369 1848 4424 poro,

342 4441 487 4514 Quodque
506 4445 575 4516 post
594 4439 730 4512 sequitur
749 4457 824 4512 pene
845 4455 937 4511 propo
962 4437 1051 4494 finem
1105 4443 1183 4500 sicut
1201 4441 1270 4514 dixi,
1290 4460 1399 4515 greeae
1411 4443 1591 4516 praepositio
1604 4450 1658 4511 est,
1672 4441 1792 4500 diverse
1811 4440 1849 4498 ei·

306 4536 452 4611 epistolae
470 4535 702 4598 Philoieiom'ous,
718 4531 844 4602 loquens
864 4531 900 4586 de
918 4529 1050 4600 Deniele,
1105 4531 1264 4604 gnihcens;
1284 4534 1361 4604 lcipo
1379 4549 1450 4590 vero
1470 4533 1535 4589 sive
1548 4533 1700 4604 lampone,
1713 4530 1848 4603 relinquo

305 4645 365 4684 non
378 4627 535 4699 ignoretur
548 4621 814 4680 scirevoleutibue.
828 4622 1050 4677 Phileimemere
1104 4621 1222 4696 proprie
1236 4620 1351 4679 dicitur.
1372 4621 1415 4679 De
1434 4621 1543 4695 quibus
1562 4622 1687 4680 verbum
1705 4618 1849 4695 componi·

306 4734 413 4791 grem
433 4715 557 4774 dieitur:
569 4715 638 4770 hinc
652 4714 761 4782 Philus,
776 4711 903 4780 emicue3
916 4713 1049 4782 Philetus,
1104 4717 1154 4767 tur
1165 4713 1323 4782 pereleipo
1337 4710 1401 4768 sive
1411 4713 1611 4783 puraleipeuo
1624 4705 1849 4783 (superoptime).

306 4805 455 4877 amabilis,
472 4806 655 4876 theophilus,
666 4803 722 4858 Dei
735 4802 861 4871 amicum
878 4802 1050 4873 Theophilie,
1104 4799 1198 4872 Cujus
1211 4799 1377 4872 proesentis
1395 4800 1537 4874 temporis
1557 4799 1746 4873 perticipium
1765 4805 1812 4856 est
1831 4817 1850 4855 e

305 4897 403 4952 Deum
413 4911 518 4950 emens
523 4911 530 4966 ς
541 4894 745 4962 Philosophus,
753 4895 868 4946 ematcr
878 4888 1050 4963 sapientiem
1104 4890 1225 4964 passivo
1240 4893 1499 4960 paralipomenon,
1513 4891 1605 4946 idest
1620 4888 1701 4962 quod
1713 4907 1849 4946 seorsum

305 4989 481 5058 Philippus,
503 4989 618 5039 ametor
643 4997 802 5055 equorum
824 4982 1072 5070 Philoloidoroe,·
1103 4978 1288 5052 relinquitur,
1303 4979 1381 5050 quod
1395 4978 1489 5034 latine
1500 4979 1607 5051 lingua
1618 4978 1788 5036 nonhabet.
1801 4977 1850 5032 Di·

306 5081 422 5132 emator
441 5073 644 5143 detractionis,
659 5078 690 5129 st
702 5071 818 5146 relique
829 5069 959 5144 plurime
977 5089 1052 5126 com·
1104 5074 1212 5126 cuntur
1230 5067 1262 5124 hi
1280 5069 1340 5125 duc
1353 5069 1421 5124 libri
1429 5072 1662 5140 paralipomeno
1674 5068 1753 5142 quod
1765 5085 1849 5140 pree-

305 5169 463 5236 ponuntur.
1104 5165 1150 5214 ter
1169 5165 1324 5231 gesturum
1342 5176 1443 5216 rerum
1463 5159 1571 5217 seriem
1589 5165 1756 5233 temporum
1774 5175 1850 5216 com·

554 4258 735 4316 strumen
752 4257 803 4316 VI.

343 5395 365 5474 ¹)
385 5397 454 5455 eod.
471 5397 662 5470 pepyrotlue.
