4006 6074
234 507 270 562 10
687 500 831 574 Juetitio
848 521 890 572 eu
908 498 1042 592 intepro
1057 499 1179 592 subulo
1196 501 1328 574 emieat.

232 669 348 760 χούσας
366 680 420 734 τοῦ
436 669 554 747 παντὸς
572 679 729 762 Σειρῆνας,
747 673 796 736 ἰ’να
812 669 973 736 κάνταῦθα
991 661 1042 736 διά
1060 683 1210 761 μουσικῆς
1226 678 1245 746 η
1263 674 1408 738 πολιτεία
1426 683 1604 739 συνεστῶσα
1618 675 1779 763 ραίνηται,

233 779 287 841 καί
309 776 429 853 ταύτης
454 779 501 844 ἀεὶ
525 777 684 868 μενούσης,
710 778 786 867 μένῃ
813 779 867 844 καί
889 785 908 852 ή
934 773 1032 857 τάξις·
1051 774 1087 855 ἧς
1103 780 1147 869 μή
1166 779 1327 868 μενούσης,
1344 781 1452 847 ἐλύετο
1475 792 1533 858 τῆς
1556 783 1717 857 πολιτείας
1740 782 1779 846 τέ

233 878 322 962 εἶδος,
347 891 386 962 ῶς
412 891 444 950 αἱ
468 897 580 977 μοῦσαι
603 885 756 976 λέγουσιν.
776 927 817 936 -
835 888 947 977 Τρίτον
965 878 1008 965 δέ,
1025 887 1135 964 αύτούς
1156 888 1228 966 τοὺς
1252 887 1349 966 θεούς,
1366 888 1436 965 τούς
1461 893 1616 980 οὐρανίους
1639 891 1780 981 ρύλακας

233 999 273 1069 ὡς
298 991 423 1068 ἀληθῶς
439 993 539 1069 ’ὄντας
555 997 739 1085 ἐγκοσμίους
756 1005 818 1060 τῶν
836 997 991 1060 παντοίων
1008 998 1039 1060 ἐν
1055 1005 1101 1080 τῷ
1118 996 1225 1085 κόσμῳ
1242 997 1345 1088 νόμων
1366 1002 1478 1062 ὁλικῶν
1503 1023 1539 1064 τε
1562 1001 1616 1064 καὶ
1640 1009 1780 1089 μερικῶν.

195 1131 208 1171 ι
235 1139 277 1149 -
292 1100 451 1189 Τέταρτον
465 1091 508 1178 δὲ,
522 1099 593 1178 τοὺς
606 1102 657 1167 ἐπὶ
669 1113 738 1179 ταῖς
752 1098 864 1192 ψυχαῖς
881 1102 1092 1194 τεταγμένους
1108 1103 1274 1193 ἄρχοντας,
1287 1104 1349 1170 έῖτε
1363 1105 1524 1198 ἀγγέλους,
1543 1109 1605 1170 εἴτε
1622 1097 1782 1196 δαίμονας,

234 1217 297 1272 τῶν
323 1208 397 1292 βίων
422 1212 497 1297 ήγε-

235 1425 258 1490 f.
275 1426 315 1490 18
332 1423 450 1512 [μόνας,
467 1421 526 1496 τὴν
544 1423 606 1487 ἀπὸ
624 1433 681 1499 τῆς
698 1417 894 1502 αύτεξουσίου
913 1435 1005 1515 ρορᾶς
1022 1431 1061 1501 ὡς
1079 1425 1206 1515 στάθμῃ
1223 1435 1285 1491 τῶν
1300 1430 1401 1491 αὐτῶν
1417 1423 1442 1514 ¹)
1456 1428 1576 1500 κίνησιν
1594 1425 1783 1504 τάττοντας,

236 1533 292 1595 ούκ
315 1535 431 1607 ἐῶντας
454 1524 673 1623 παρεκύαίνειν
696 1532 769 1608 τοὺς
793 1535 878 1622 ὅρους
901 1545 960 1612 τῆς
982 1537 1126 1624 προνοίας
1151 1534 1169 1607 ἢ
1196 1544 1253 1609 τῆς
1278 1526 1375 1608 δίκης.
1402 1573 1441 1584 -
1465 1535 1625 1624 Πέμπτον,
1642 1533 1714 1610 τοὺς
1739 1527 1785 1598 δι-

236 1637 355 1714 και-τάς
371 1640 395 1728 ²)
418 1649 480 1704 τῶν
504 1633 537 1705 εὖ
561 1639 580 1713 ή
607 1650 709 1716 κακῶς
728 1631 887 1725 βιούντων,
903 1642 975 1718 τοὺς
993 1647 1230 1732 ἀποροιτῶντας
1248 1641 1308 1706 ἀπὸ
1327 1651 1388 1705 τῶν
1405 1641 1518 1732 νόμων,
1542 1643 1783 1733 ἐπιστρέροντας

184 1770 210 1808 ιο
238 1741 323 1822 αὖθις
347 1752 387 1823 εἰς
411 1748 471 1819 τὴν
496 1751 573 1821 ὅλην
598 1743 697 1833 τάξιν,
722 1749 862 1826 καὶτοὺς
879 1752 998 1826 ἐκείνης
1015 1743 1232 1841 ἐξερχομένους
1249 1741 1300 1814 διά
1317 1760 1379 1814 τῶν
1397 1759 1495 1838 τιμῶν
1514 1753 1645 1826 άκλινῶς
1669 1751 1779 1834 αὐτῆς]

238 1853 367 1944 ἔχεσθαι
383 1851 687 1945 παρασκευάζοντας.
706 1897 746 1906 -
759 1856 861 1931 Ἕκτη
883 1849 910 1923 δ’
928 1862 959 1924 ἐν
975 1869 1077 1951 γενεῇ,
1094 1859 1186 1947 ρησὶν
1204 1857 1329 1948 Ὀρρεύς
1340 1858 1376 1944 ⁵),
1392 1856 1464 1933 τοὺς
1482 1847 1610 1945 δημίους
1624 1855 1695 1932 τοὺς
1711 1880 1784 1922 κοσ-

239 1962 358 2050 μικοὺς,
383 1968 411 2028 οἱ
434 1963 505 2040 τοὺς
529 1975 717 2052 τυραννικῶς
743 1958 944 2050 βεύιωκύτας,
966 1965 1067 2057 ἅγριοί
1090 1991 1170 2042 τινες
1186 1967 1273 2042 ὄντες
1290 1965 1343 2029 καί
1367 1966 1589 2054 ἀπαραίτητοι,
1614 1958 1783 2044 κολάζουσι

239 2062 519 2158 διαλαμύάνοντες,
543 2069 584 2148 οἷς
608 2073 806 2162 ὑπέστρωται
829 2072 870 2138 τά
893 2084 951 2149 τῆς
981 2075 1091 2152 τίσεως
1123 2065 1333 2163 δεσμωτήρια.
1359 2112 1400 2122 -
1424 2073 1485 2137 Καί
1507 2073 1546 2138 τθ
1569 2074 1703 2164 ἔσχατον
1728 2071 1782 2136 καὶ

238 2171 490 2269 φρικωδέστατον
514 2189 577 2244 τῶν
601 2177 707 2270 ψυχῶν
731 2181 911 2264 οἰκητήριον
935 2182 989 2246 καὶ
1012 2183 1231 2270 κολαστήριον,
1248 2185 1264 2244 ὁ
1282 2179 1451 2271 Τάρταρος.
1469 2180 1597 2254 Ταύτην
1620 2172 1655 2246 δὲ
1677 2190 1781 2245 πᾶσαν

185 2305 211 2341 1⁵
238 2285 298 2360 τὴν
322 2279 467 2365 σύνταξιν
491 2289 616 2374 νοήσας,
640 2283 707 2376 θύει
729 2297 793 2363 πῶς
817 2279 904 2352 ούδέν
929 2279 1088 2379 διαρυγεῖν
1106 2280 1238 2353 δυνατὸν
1254 2286 1314 2358 τήν
1338 2289 1416 2360 ὅλην
1439 2286 1585 2377 πρόνοιαν
1608 2296 1671 2352 τῶν
1696 2285 1781 2352 θεῶν·

239 2396 293 2460 καί
307 2387 380 2460 ἰδὼν
397 2397 434 2461 τὸ
451 2387 652 2486 παράδειγμα
669 2405 726 2471 τῆς
744 2405 940 2485 σωκρατικης
956 2397 1125 2478 πολιτείας,
1143 2395 1280 2486 οὐράνιον
1297 2395 1436 2485 ὑπάρχον
1452 2395 1598 2484 εὑρήσεις,
1615 2394 1669 2459 καὶ
1689 2405 1783 2459 τοῦτο

241 2502 345 2593 εὑρὼν,
358 2503 413 2566 τὸν
431 2503 546 2567 σκοπδν
563 2511 621 2579 τῆς
638 2501 827 2591 μυθολογίας
845 2502 966 2578 ταύτης
982 2494 1195 2587 καταδήσειθ)
1211 2502 1265 2566 τὸν
1284 2501 1494 2570 τελεώτατον.
1512 2502 1573 2566 Καὶ
1589 2513 1654 2579 πῶς
1670 2501 1729 2593 γάρ
1746 2498 1784 2577 ἦν

240 2601 372 2674 δυνατὸν
396 2608 467 2685 τούς
492 2607 617 2698 μισθοὺς
642 2600 827 2686 άναδιδάξαι
850 2619 913 2672 τῶν
938 2600 1065 2675 δικαίων
1087 2610 1142 2673 καὶ
1158 2599 1283 2692 ἀδίκων,
1301 2606 1350 2684 οὓς
1366 2612 1397 2673 ἐν
1414 2618 1459 2692 τῷ
1475 2609 1571 2674 παντί
1591 2604 1785 2697 κομίζονται,

241 2714 284 2804 μή
310 2707 525 2805 ἐνδειξάμενον
550 2716 599 2779 ὅτι
622 2717 776 2780 τέτακται
799 2716 837 2780 τὸ
859 2725 932 2800 πᾶν,
957 2717 1011 2779 καὶ
1026 2721 1065 2792 ὡς
1083 2714 1230 2805 ἄρχοντές
1249 2719 1323 2780 εἰσιν
1339 2717 1589 2806 προτεταγμένοι
1605 2727 1667 2780 τῶν
1692 2719 1783 2792 ὅλων,

186 2840 214 2877 ²⁰
242 2822 295 2887 καὶ
319 2825 376 2912 μία
399 2823 528 2913 πρόνοια
553 2815 653 2898 διήκει
677 2834 835 2912 κοσμοῦσα
859 2823 901 2888 τά
925 2823 1022 2914 μέρης
1047 2824 1174 2896 Ταύτην
1191 2817 1242 2887 οὖν
1260 2827 1275 2886 ὁ
1294 2821 1386 2910 μῦθος
1410 2828 1486 2911 ἡμῖν
1510 2823 1707 2914 ἐκραίνωνὸ),
1731 2822 1785 2887 καί

241 2931 313 3008 τοὺς
336 2932 490 3023 περὶτῶν
513 2941 684 3023 περιρορῶν
708 2933 820 3023 λόγους
843 2931 983 3008 καὶτοὺς
1007 2932 1077 3022 περί
1100 2942 1158 3008 τῆς
1181 2924 1297 3010 τάξεως
1322 2933 1398 3007 ὸλης
1421 2931 1705 3022 παρεισεκύκλησεν
1719 2929 1785 3019 6γῆ

242 3043 298 3104 οὐκ
315 3037 350 3104 άν
368 3030 432 3104 οὐδ’
450 3048 479 3105 οἱ
495 3039 598 3129 μισθοὶ
613 3049 675 3104 τῶν
693 3031 819 3104 δικαίων
835 3039 889 3104 καί
905 3031 1019 3104 ἀδίκων
1036 3035 1116 3115 ἦσαν
1132 3030 1360 3130 εύπαράδεκτοι
1375 3049 1440 3115 τοῖς
1458 3039 1619 3106 ἀκούουσιν
1636 3041 1670 3129 ⁷).

569 3383 659 3433 noua
670 3381 693 3455 ⁸)
713 3385 765 3435 ΔΕΙ
783 3383 1032 3436 ΠΡΟΛΗΦΘΗΝΑΙ
1053 3385 1119 3435 ΤΩΝ
1139 3385 1294 3436 ΨΥΧΙΚΩΝ
1312 3384 1465 3436 ΚΡΙΣΕΩΝ.

244 3587 268 3654 f.
288 3588 328 3653 18
345 3610 374 3653 v.
392 3582 453 3648 Καὶ
470 3585 516 3670 [εἰ]
536 3582 592 3672 μέν
609 3573 657 3647 δεῖ
672 3581 786 3670 τούμὸν
803 3586 910 3666 εἰπεῖν,
926 3585 1065 3672 ἠγοῦμαι
1081 3590 1143 3644 τῶν
1161 3578 1278 3671 μισθῶν
1294 3578 1415 3643 τούτων
1432 3583 1487 3644 ούκ
1511 3578 1612 3653 άλλως
1629 3567 1791 3666 δειχθῆναι

246 3684 422 3782 δυναμένων
438 3689 457 3763 ή
477 3683 572 3778 δυ[οῖν
589 3689 713 3755 τούτοιν
730 3681 1067 3781 προ]αποδειχθέντοιν·
1084 3689 1149 3764 ἐνὸς
1166 3688 1233 3776 μὲν,
1249 3695 1305 3752 τοῶ
1326 3685 1503 3776 [χωριστὰς]
1522 3679 1598 3749 εἷναι
1622 3684 1788 3773 σωμά[των

190 3815 218 3854 ²⁵
245 3800 303 3876 τάς
327 3799 439 3890 ψυχάς,
462 3801 513 3864 ίνα
530 3793 618 3863 οὖσαι
638 3791 841 3888 κομίζωνται]
866 3795 1002 3887 μισθοὺς,
1020 3791 1061 3860 ὧν
1080 3798 1122 3883 [ἐν
1139 3792 1290 3884 σώμασιν]
1308 3787 1407 3868 οὖσαι,
1424 3795 1455 3857 ἐν
1480 3790 1620 3880 σώμασιν
1644 3785 1791 3880 ἔπραξαν,

248 3909 290 3998 μή
317 3904 408 3984 ούσας
432 3907 492 4001 γάρ
517 3900 679 3972 ἀδύνατον·
705 3905 810 3995 ἑτέρου
829 3895 872 3983 δέ,
889 3915 944 3970 τοῦ
960 3907 1105 3995 πρόνοιαν
1122 3897 1207 3968 εἶναι·
1226 3901 1269 3992 μή
1288 3899 1349 3993 γάρ
1366 3894 1470 3983 οὖσαν,
1487 3898 1546 3971 τήν
1571 3892 1659 3976 ἀξίαν
1683 3891 1792 3988 ὁρίζειν

246 4026 311 4092 τοῖς
337 4017 412 4100 βίοις
436 4016 613 4105 ἀμήχανον.
636 4013 724 4080 Ἀλλ’
743 4016 846 4105 ὥσπερ
869 4008 945 4079 εἶναι
969 4005 1068 4078 δεῖτὸ
1084 4004 1247 4100 λαμύάνον
1264 4009 1335 4086 τούς
1352 4008 1478 4099 μισθούς
1494 4006 1551 4083 τάς
1567 4003 1678 4098 ψυχάς,
1695 4006 1792 4081 οὕτως

246 4121 325 4192 εἶναι
341 4116 458 4190 δεῖκαὶ
473 4125 511 4190 τέ
529 4114 625 4207 διδὸν,
641 4121 702 4196 τήν
718 4121 876 4213 πρόνοιαν,
893 4119 1034 4197 καὶτοὺς
1051 4123 1082 4185 ἐν
1099 4129 1144 4204 τῷ
1161 4119 1257 4184 παντί
1274 4118 1396 4208 νόμους.
1415 4117 1546 4182 Τούτοιν
1564 4107 1591 4180 δ’
1608 4109 1659 4180 οὖν
1677 4118 1792 4204 άμροῖν

283 4427 305 4501 ¹)
325 4429 423 4498 στάθμῃ
442 4422 556 4495 Maius,
576 4421 628 4496 qui
646 4427 734 4479 aeuie
760 4420 889 4480 oodioem
906 4439 995 4506 pene·
1085 4423 1107 4496 ³)
1126 4419 1170 4478 cf.
1191 4421 1321 4492 Orphica
1333 4419 1414 4493 Lips.
1426 4416 1497 4475 1867
1509 4436 1537 4492 p.
1551 4416 1612 4472 145.
1631 4431 1693 4472 var.
1713 4417 1793 4486 γινιρ,

246 4517 348 4574 travit.
368 4516 405 4572 IL
425 4532 482 4572 om.
502 4517 535 4577 ὡς
548 4531 582 4570 eo
599 4512 677 4586 legit
688 4517 856 4570 monstrum
869 4517 996 4583 ἀστάομνι-
1049 4511 1121 4568 Mox
1139 4515 1194 4572 τοὺς
1214 4515 1342 4580 κωμικοὺς
1361 4515 1473 4583 punota
1491 4505 1646 4580 superiora
1664 4502 1764 4560 delent

247 4628 287 4660 τον
307 4606 396 4659 αὐτῶν.
415 4601 512 4661 Hodie
530 4601 604 4658 nihil
626 4607 777 4675 comparet
795 4601 851 4657 sub
870 4600 997 4657 obsouro
1085 4601 1110 4674 ⁴)
1128 4600 1196 4657 fori.
1216 4601 1356 4670 καταδήσῃ.

247 4693 369 4751 chartae
388 4693 483 4752 illitae
501 4692 578 4749 velo.
1086 4691 1109 4765 ⁵)
1129 4694 1272 4761 Ἐριραίνων
1292 4691 1329 4746 Μ.

284 4783 308 4858 ²)
326 4784 365 4840 Μ.
385 4801 441 4840 om.
462 4781 486 4836 εύ
509 4781 524 4839 ἧ
549 4784 632 4843 κακῶς
652 4785 705 4842 τοὺς
727 4781 751 4846 β.
770 4801 792 4834 τ.
812 4782 998 4852 ύποφιιτῶντας
1087 4780 1204 4856 8)1”.55
1221 4779 1259 4835 Η.

247 4892 344 4949 usque
357 4874 396 4930 od
414 4875 503 4945 νέμων,
523 4890 593 4930 mox
610 4871 703 4928 habet
721 4870 885 4941 ἕξιηομίιουε-
899 4869 941 4925 Gl-
955 4866 999 4927 vi·
1085 4871 1110 4944 ⁷)
1129 4869 1227 4927 Maius
1239 4867 1345 4926 seriem
1364 4868 1523 4940 abruptam
1541 4862 1706 4938 suspendit,
1726 4861 1797 4919 siel-

248 4965 291 5022 ris
311 4963 423 5023 omissa
440 4963 491 5022 vel
509 4964 587 5021 male
605 4963 685 5018 leuia
697 4978 769 5018 eave
788 4977 826 5016 ne
845 4957 997 5015 socordiae
1050 4962 1172 5035 lulsque
1190 4960 1324 5030 micante,
1343 4957 1455 5015 tacitus
1473 4957 1585 5014 transit
1603 4955 1700 5013 multa
1717 4953 1796 5011 folia

249 5055 380 5125 tribuas3
400 5055 454 5112 sed
472 5054 568 5111 reoole
588 5051 712 5106 arduam
730 5047 867 5122 impervii
886 5046 997 5104 oodiois
1086 5053 1108 5122 ⁸)
1128 5049 1262 5106 Primum
1281 5055 1363 5106 totus
1382 5046 1414 5104 in
1426 5045 1527 5104 oodioe
1540 5045 1669 5119 emergit
1686 5044 1795 5100 titulus

248 5145 414 5204 lectionem.
434 5145 546 5202 Maium
570 5141 650 5214 fugit
668 5139 873 5214 apographum
897 5137 997 5194 Lucae
1051 5141 1082 5196 in
1099 5142 1174 5197 haee
1192 5139 1300 5197 verba:
1320 5141 1390 5192 Πόσα
1409 5143 1446 5192 διῖ
1464 5145 1518 5190 κτλ
1532 5154 1609 5210 quae
1625 5133 1671 5192 uti
1689 5131 1749 5190 elia
1767 5131 1798 5188 id

250 5235 412 5306 Holsienii,
431 5237 540 5291 Lueam
561 5250 651 5290 manu
669 5229 837 5305 trepidante
856 5234 888 5287 et
906 5227 999 5286 citata
1052 5247 1148 5302 genus
1170 5247 1208 5288 ex
1232 5228 1422 5287 amanuensis
1446 5227 1569 5285 arbitrio
1597 5225 1732 5285 derivare
1755 5222 1800 5280 vi·

250 5325 352 5385 neseio
371 5324 443 5400 quid
462 5323 591 5382 seribere
610 5321 717 5398 ooegii.
1053 5318 1169 5376 dentur.
