4022 6072
792 527 957 600 adversus
974 525 1206 601 manichaeos.
1733 536 1768 591 69

227 697 271 788 μὴ
297 695 378 774 eoo
412 697 487 774 θεός
502 697 537 780 1)·
561 689 643 763 διότι
674 697 773 788 μόνως
805 701 900 764 αὐτοῦ
932 697 970 762 τό

1028 698 1162 766 'Nemo
1186 699 1270 766 enim
1301 700 1419 780 bonus,
1443 700 1503 766 nisi
1526 723 1608 766 onus
1636 701 1722 768 Deus
1740 751 1767 786 „

227 807 383 897 ἄτρεπτον
396 807 480 872 ἐστὶν
498 806 626 897 ἀγαθον,
638 803 687 872 οἷα
699 805 828 897 πρώτως
839 806 880 870 ὢν
893 810 972 896 ἀγα·
1026 807 1101 892 quia
1124 807 1223 892 ipsius
1247 808 1367 874 bonum
1397 811 1523 874 tanturn
1547 815 1595 876 est
1617 811 1770 878 immuta·

229 915 289 991 θός·
313 915 367 978 καὶ
390 919 462 978 κατ’
488 915 593 979 οὐσίαν
617 913 659 978 ὢν
689 913 814 1006 ἀγαθὸς,
839 910 858 1000 ᾗ
885 905 972 980 οὐθέν
1026 916 1102 997 bite,
1125 921 1280 1003 tanquam
1303 918 1358 1003 qui
1375 922 1423 983 est
1439 918 1578 1002 primum
1604 919 1714 999 bonus,
1738 922 1771 985 et

230 1027 314 1090 ἐστιν
339 1024 478 1088 ἐναντίον
492 1019 528 1105 ²).
545 1021 651 1088 ’Ὥστε
667 1023 704 1086 τ“ο
721 1023 816 1086 κακὸν
834 1019 878 1109 μὴ
896 1015 974 1086 εἶναι

230 1131 300 1196 κατΙ
326 1132 441 1195 οὐσίαν·
466 1139 511 1212 τῷ
527 1130 586 1220 γὰρ
603 1131 680 1212 ὄντι,
698 1130 735 1195 τό
761 1129 803 1216 μὴ
829 1129 862 1194 to
887 1133 976 1193 ἀντι-

232 1231 430 1326 θιαιρεῖταιθ)
454 1237 521 1303 ὅθεν
546 1243 601 1303 οὐκ
625 1239 724 1319 οὐσία,
750 1237 786 1301 τὸ
812 1236 854 1325 μὴ
881 1237 924 1302 όν·
950 1243 976 1301 εἰ

233 1341 266 1414 δὲ
289 1348 327 1413 τό
348 1347 390 1436 μὴ
415 1345 462 1430 ὃν,
487 1351 543 1411 οὔκ
559 1348 657 1421 οὐσία,
673 1338 928 1435 ἀντιθεαιρεῖοθαι
943 1336 977 1408 tt

232 1454 326 1545 pm‘)
342 1463 388 1537 τῷ
412 1453 520 1544 ἀγαθῷ
539 1454 576 1518 τό
593 1451 702 1529 κακόν,
727 1455 814 1534 οὐσίᾳ
838 1452 914 1526 ὄντι,
940 1451 977 1514 τό

232 1563 292 1654 ἄρα
315 1562 412 1628 κακόν
437 1564 492 1627 οόκ
517 1563 614 1626 οὐσία.

278 1889 313 1948 Εἰ
330 1876 364 1949 δέ
386 1881 473 1948 ταῦθ’
499 1883 595 1959 οὕτως
619 1881 695 1971 ἔχει,
711 1880 765 1946 καὶ
788 1879 898 1970 ἑτέρως
923 1877 977 1968 μέν

233 1992 271 2058 τό
296 1989 413 2081 ἀγαθον
430 1991 468 2055 τό
487 1994 518 2055 έν
534 1998 580 2072 τῷ
596 1994 667 2071 Θεῷ
692 1986 862 2076 θεωρεῖται,
887 1990 979 2050 αὺτο-

234 2098 416 2174 ακλονήτως
433 2095 541 2188 ἀγαθῷ
558 2096 625 2160 ὄντι
641 2095 695 2160 καλ
712 2099 784 2159 κατ’
803 2095 907 2158 οθσίαν
924 2091 979 2158 καὶ

233 2205 346 2294 πρώτῳ
371 2203 479 2295 ἀγαθῷ
503 2204 667 2292 νοουμένῳ·
691 2202 802 2289 ἑτέρως
827 2192 860 2264 δὲ
884 2202 921 2264 τό
946 2203 977 2263 έν

235 2314 417 2405 ἀνθρώποις,
441 2312 500 2384 τὴν
526 2311 610 2376 κατὰ
628 2311 801 2399 προαίρεσιν
825 2307 978 2382 πολλάκις

234 2424 387 2513 ὑπομένον
411 2432 469 2497 τῆς
493 2421 606 2496 οἰκείας
634 2413 724 2498 ἕξεως
756 2416 900 2506 στέρησιν
925 2415 979 2480 καὶ

236 2530 316 2622 μετὰ
329 2529 355 2618 ⁵)
378 2539 441 2594 τῶν
459 2529 547 2594 οὕτω
570 2526 743 2614 νοουμένων
768 2522 860 2606 καῖ’)
884 2527 979 2614 λεγο-

236 2641 334 2729 μένων
359 2638 442 2703 έστέν
466 2642 486 2711 ἡ
512 2634 655 2710 ἀλήθεια,
680 2643 744 2708 πῶς
768 2635 803 2696 οὐ
831 2623 979 2719 βαρθαρι-

234 2750 287 2814 κόν
312 2747 366 2813 καὶ
390 2745 524 2818 ἀνόητον
547 2743 600 2807 καὶ
624 2737 821 2830 πανταχόθεν
847 2737 980 2802 ἀσύστα-

234 2879 307 2930 τον,
331 2856 369 2919 τὸ
394 2852 464 2942 περὶ
488 2842 542 2916 δύο
567 2853 671 2938 ἀρχῶν
700 2847 920 2937 μυθολόγημα,
944 2843 980 2920 ἃς

235 2955 378 3053 οὐδαμῶς
403 2967 434 3026 αἱ
462 2958 564 3024 κοιναὶ
587 2946 822 3046 παραδέχονται
845 2953 978 3031 ἔννοιαις

235 3083 299 3149 πῶς
323 3071 382 3163 γὰρ
407 3069 507 3159 κόριος
533 3067 569 3131 ἂν
586 3067 632 3138 εἴη
659 3062 752 3154 ἁρχὴ,
777 3068 797 3136 ἠ
823 3062 878 3150 μέν
903 3060 981 3126 πάν-

236 3205 298 3247 των
323 3179 482 3268 ἅρχουσα;
500 3180 526 3239 εἰ
544 3167 577 3239 δέ
591 3172 718 3237 πάντων
731 3169 758 3253 ⁷)
783 3167 906 3259 ἀνάγκη
929 3167 981 3246 ἄρ-

236 3286 342 3379 χεῖνθ)
365 3285 424 3359 τὴν
449 3282 566 3373 ἀρχὴν,
591 3283 648 3371 μία
673 3279 709 3344 ἂν
741 3281 786 3350 εἴη
820 3277 874 3342 καλ
898 3275 977 3365 μόνη

238 3395 333 3488 ἀρχή.

283 3611 327 3676 Τὸ
351 3607 446 3672 κακόν
471 3605 573 3669 τοίνυν
599 3605 654 3667 οὐκ
682 3601 788 3682 οὐσία,
813 3597 896 3662 ἀλλὰ
925 3609 980 3663 τοῦ

237 3718 319 3784 θείου
343 3713 439 3802 νόμου
462 3703 637 3800 παράόασις
669 3713 704 3774 ἐκ
729 3707 823 3796 μόνου
846 3715 902 3770 τοῦ
927 3709 982 3770 αθ-

236 3819 399 3903 τεξουσίου
422 3819 595 3905 κινήματος
617 3826 680 3891 τοῖς
706 3812 875 3905 ῥᾳθυμοῦσι
898 3815 983 3903 λογι-

237 3943 301 4009 κοῖς
318 3919 553 4016 έπισυμθαίνον,
577 3925 631 3989 καὶ
654 3927 686 3988 ὲν
703 3921 783 4010 μόνῃ
809 3931 849 4006 τῇ
871 3914 982 4010 πράξει

238 4050 299 4106 τῶν
325 4034 534 4103 ἀπειθοθντων
559 4042 599 4117 τῇ
625 4041 680 4096 τοῦ
704 4035 784 4094 Θεοῦ
817 4026 983 4116 νομοθεσία

135 4139 136 4144 ¹
240 4144 465 4236 θεωρούμενον·
497 4139 564 4205 ὅθεν
589 4138 643 4204 καὶ
670 4133 826 4202 παύεσθαι
853 4136 981 4223 πέρυκε,

240 4250 502 4344 μεταμελομένων
516 4244 542 4331 ⁹)
564 4243 717 4320 πολλάκις
737 4252 800 4308 τῶν
823 4242 862 4306 τὸ
886 4242 982 4306 κακὸν

237 4359 453 4452 πραττόντων,
477 4355 625 4443 καὶπρὸς
649 4351 764 4440 ἀρετὴν
793 4349 982 4416 ἐπανιόντων

239 4477 284 4552 τῷ
316 4458 506 4546 αθτεξουσίῳ
538 4461 706 4548 κινήματι·
738 4459 814 4547 ὅπερ
843 4455 983 4545 μάλιστα

239 4567 373 4642 δείκνυσι
397 4569 440 4660 μὴ
475 4565 554 4635 εἶναι
578 4566 618 4632 τό
646 4563 730 4631 κακὰ
761 4562 845 4628 κατὰ
876 4562 981 4652 ρθσιν·

237 4690 363 4771 κρατεῖν
380 4676 439 4770 γὰρ
456 4686 518 4740 τῶν
535 4671 620 4739 κατὰ
641 4671 729 4761 φύσιν
753 4671 918 4760 ἀμήχανον
933 4667 982 4754 ¹⁰).

275 4894 298 4968 1)
316 4894 388 4950 Luo.
407 4897 515 4960 urin,
534 4889 577 4942 19.

274 4985 298 5057 ²)
317 4981 403 5039 Turn.
419 4976 527 5035 vertit:
541 4992 602 5049 qua
613 4975 728 5032 ratione
740 4973 815 5030 surr
827 4973 870 5029 est
882 4971 908 5028 ei
920 4985 985 5027 coo·

239 5077 405 5234 trpptffir·
419 5157 581 5230 opponatur
592 5153 751 5210 dividendo
764 5153 845 5224 quod
856 5167 915 5208 non
934 5151 984 5208 εεῖ.

275 5253 299 5326 ⁴)
317 5247 404 5306 'I‘orn
424 5245 586 5318 opponitur
603 5245 720 5302 molum
737 5242 922 5300 mercantias
940 5241 985 5296 dr·-

240 5341 376 5408 oideado,
396 5341 430 5396 ot
450 5337 504 5392 ota.

1028 1026 1201 1092 seeundum
1231 1027 1444 1092 substantiam
1474 1026 1594 1108 bonus,
1619 1027 1669 1093 oui
1699 1028 1773 1093 sub-

1029 1132 1165 1198 stantiae
1189 1131 1270 1198 nihil
1286 1137 1334 1198 est
1351 1134 1556 1198 contrarium.
1574 1132 1679 1210 Quare
1702 1155 1771 1200 rna·

1030 1237 1096 1303 lum
1120 1260 1184 1304 non
1211 1244 1259 1304 est
1289 1240 1460 1306 seeundum
1489 1240 1719 1307 substantiam:
1745 1240 1774 1305 ei

1030 1346 1114 1410 enim
1132 1347 1217 1430 quod
1240 1351 1299 1426 est,
1315 1347 1506 1433 opponitur3
1527 1347 1613 1432 unde
1635 1367 1699 1412 non
1724 1349 1773 1412 est

1031 1452 1211 1517 substantia
1234 1452 1319 1537 quod
1341 1474 1406 1518 non
1428 1457 1486 1518 est.
1511 1450 1545 1518 Si
1565 1457 1671 1518 autem
1687 1453 1772 1538 quod

1031 1577 1094 1620 non
1111 1562 1169 1638 est,
1193 1579 1257 1622 nou
1272 1563 1321 1626 est
1336 1558 1526 1641 substantia,
1551 1565 1584 1625 et
1600 1559 1772 1645 opponitur

1032 1662 1162 1744 malurn,
1180 1667 1217 1730 ut
1232 1665 1288 1746 ais,
1305 1664 1400 1747 bono,
1417 1666 1502 1751 quod
1518 1669 1567 1732 est
1582 1666 1771 1748 substantia,

1032 1769 1152 1834 malum
1173 1770 1275 1855 igitur
1298 1794 1361 1838 non
1386 1778 1434 1839 est
1456 1775 1644 1840 substantia.

1077 1873 1110 1940 Si
1133 1880 1240 1941 autem
1256 1876 1335 1943 haeo
1350 1880 1395 1944 sio
1411 1880 1540 1961 habent,
1557 1885 1590 1946 et
1607 1881 1701 1948 aliter
1717 1881 1774 1947 bo·

1033 2000 1110 2047 num
1133 1982 1218 2066 quod
1232 1988 1290 2050 ,est
1313 1984 1345 2050 in
1370 1985 1447 2067 Deo,
1465 1988 1692 2069 consideratur,
1718 1989 1773 2074 qui

1032 2095 1069 2156 ut
1094 2093 1221 2172 bonum,
1245 2114 1265 2156 a
1287 2093 1391 2176 seipso
1415 2099 1530 2174 motus,
1546 2098 1578 2160 et
1601 2096 1773 2162 seeundum

1032 2202 1243 2267 substantiam
1267 2203 1378 2282 bonus,
1396 2207 1428 2268 et
1450 2205 1534 2288 quod
1558 2205 1696 2288 primum
1721 2204 1776 2270 bo·

1032 2330 1108 2372 num
1129 2307 1339 2394 intelligitur;
1357 2309 1451 2375 aliter
1467 2332 1542 2375 vero
1558 2311 1775 2376 consideratur

1031 2415 1065 2480 in
1082 2416 1272 2497 hominibus,
1285 2417 1371 2500 quod
1383 2439 1475 2501 saepe
1487 2418 1699 2501 privationem
1716 2419 1773 2484 ha·

1033 2521 1120 2587 bitus
1145 2522 1265 2606 proprii
1289 2522 1501 2589 voluntariam
1524 2524 1648 2608 recipit,
1664 2529 1697 2590 et
1719 2548 1773 2590 ve-

1031 2630 1110 2696 ritas
1141 2636 1190 2696 est
1213 2653 1286 2696 cum
1308 2631 1346 2696 iis
1369 2633 1518 2716 quassis
1548 2632 1775 2718 intelliguntur

1033 2739 1066 2801 et
1088 2737 1254 2803 dicuntur:
1271 2759 1377 2803 annon
1394 2742 1442 2805 est
1459 2739 1594 2806 barbara
1618 2744 1651 2805 et
1673 2740 1774 2806 stulta

1034 2848 1128 2909 etex
1152 2845 1238 2910 omni
1269 2849 1361 2930 parte
1391 2868 1572 2931 repugnans
1603 2845 1713 2912 fabula
1736 2847 1774 2912 de

1034 2950 1156 3017 duobus
1179 2951 1354 3037 principiis,
1370 2974 1451 3037 quae
1466 2975 1650 3020 communes
1672 2954 1777 3021 notio·

1034 3080 1089 3124 nes
1112 3079 1176 3124 non
1199 3059 1399 3125 admittunt?
1422 3059 1587 3136 Quomodo
1603 3061 1686 3126 enim
1709 3083 1776 3128 esse

1034 3167 1155 3250 poterit
1178 3163 1271 3254 ἀρχό,
1297 3188 1378 3253 quae
1394 3189 1458 3234 non
1473 3169 1507 3234 in
1522 3169 1669 3235 omnibus
1692 3169 1778 3254 prin·

1034 3274 1177 3359 oipatum
1200 3278 1306 3341 tenet:
1330 3276 1357 3341 si
1380 3279 1489 3342 autom
1511 3297 1636 3343 neeesse
1660 3281 1717 3356 est,
1741 3281 1782 3341 ut

1034 3382 1067 3446 in
1091 3381 1237 3448 omuibus
1262 3382 1475 3468 principatum
1499 3387 1649 3453 tenenti
1682 3379 1777 3471 ἀρχὴ,

1035 3512 1117 3556 unus
1133 3489 1219 3555 solus
1235 3489 1296 3554 erit
1313 3490 1470 3576 princeps,
1490 3491 1555 3557 sire
1571 3491 1775 3577 principium.

1079 3595 1186 3683 Igitur
1209 3598 1328 3664 malum
1351 3620 1414 3663 non
1438 3603 1487 3663 est
1509 3598 1698 3678 substantia,
1722 3598 1777 3664 sed

1035 3704 1159 3770 divinae
1182 3703 1263 3789 legis
1293 3705 1519 3790 transgressio,
1544 3727 1624 3789 quas
1649 3726 1685 3770 ex
1707 3705 1777 3771 solo

1036 3816 1124 3877 motu
1155 3811 1273 3876 liberae
1305 3810 1478 3877 voluntatis
1501 3811 1624 3900 ignavis
1647 3812 1777 3878 ratioci-

1035 3920 1200 3986 natoribus
1222 3919 1346 3999 accidit,
1364 3924 1397 3985 et
1418 3921 1452 3985 in
1475 3920 1543 3985 sola
1566 3920 1691 3986 actione
1714 3941 1778 3986 non

1036 4011 1327 4110 obtemperantium
1349 4025 1416 4111 legi
1438 4026 1503 4091 Dei.
1515 4025 1672 4094 cernitur:
1697 4027 1780 4094 unde

1036 4133 1069 4198 in
1093 4155 1130 4198 ea
1144 4133 1238 4213 inest,
1258 4137 1295 4196 ut
1311 4134 1412 4218 possit
1429 4133 1581 4214 desinere,
1605 4156 1677 4200 omn
1702 4155 1780 4218 poe·

1037 4239 1140 4306 niteat
1155 4259 1381 4324 saepenumero
1395 4239 1516 4332 eosqui
1528 4238 1720 4306 maleficium
1732 4237 1781 4304 fa-

1037 4347 1136 4426 ciunt,
1159 4346 1247 4412 etad
1264 4345 1416 4411 virtutem
1438 4351 1528 4411 motu
1546 4345 1719 4412 voluntatis
1735 4367 1781 4410 re·

1037 4455 1152 4533 deunt;
1176 4452 1262 4537 quod
1284 4453 1412 4536 quidem
1431 4453 1621 4519 documento
1635 4456 1693 4533 est,
1716 4474 1779 4518 non

1039 4584 1105 4628 esse
1121 4560 1205 4628 mola
1220 4560 1392 4627 secundum
1406 4563 1565 4626 naturam.
1585 4559 1672 4636 Quae
1696 4545 1780 4626 edim

1038 4672 1211 4737 secundnm
1234 4672 1382 4735 naturam
1406 4672 1491 4750 sunt,
1515 4668 1598 4733 vinei
1622 4689 1686 4732 non
1707 4689 1780 4752 pos·

1087 4884 1110 4955 ⁵)
1128 4879 1167 4936 M.
1188 4887 1230 4934 καὶ
1250 4883 1269 4932 εἰ
1288 4883 1360 4950 μετά.

1086 4969 1109 5044 ⁶)
1127 4969 1165 5026 Μ.
1186 4990 1211 5022 ει
1231 4973 1282 5022 καί.

1086 5057 1109 5130 ⁹)
1127 5058 1166 5114 M.
1186 5061 1285 5110 πάντων
1305 5059 1379 5129 ἀρχό,
1400 5062 1438 5114 ἂν.

1085 5147 1108 5220 ⁸)
1127 5147 1166 5204 Μ.
1185 5163 1242 5204 om.
1262 5151 1353 5218 ἄρχειν.

1087 5240 1111 5312 ⁹)
1129 5239 1168 5294 M.
1189 5238 1418 5310 μεταμελαυμένων.

1034 5349 1039 5364 ·
1076 5328 1111 5400 ¹⁰)
1129 5325 1169 5384 M.
1189 5329 1315 5381 ἀδύνατον.
