3978 6070
679 439 809 516 Collata
826 439 999 516 οσαίἰσέἰίίε
1011 439 1236 535 planetarum
1254 443 1382 516 sidera.

524 627 569 690 -',-
591 613 644 678 καί
667 615 748 678 ούτω
774 605 811 686 δὴ
838 615 945 704 τρίτον
970 615 1066 681 ἄλλον
1090 615 1144 680 καί
1159 617 1323 706 τέταρτον,
1348 616 1402 680 καί
1420 614 1475 680 άλ-
1497 630 1541 692 -ζ-

523 736 568 798 -ζ-
589 726 663 798 λους
686 723 858 813 τέτταρας·
882 725 966 789 ύκτω
998 725 1057 816 γάρ
1089 719 1166 790 εἶναι
1193 725 1265 802 τοὺς
1291 719 1473 814 ξύμπαντας
1496 738 1540 801 -ζ-

524 844 570 906 ÷
593 822 792 918 σφονδύλους,
810 835 840 896 ἐν
858 834 1009 909 ἀλλήλοις
1030 836 1234 923 ἐγκειμένους,
1252 832 1382 908 κύκλους
1399 831 1476 898 ἀνω·
1496 847 1542 908 -ζ-

523 953 568 1014 ÷
592 938 642 1004 θεν
666 939 708 1004 τά
731 942 822 1029 χείλη
843 943 1019 1030 φαίνοντας,
1037 952 1135 1007 νῶτον
1153 941 1276 1032 συνεχὲς
1295 943 1361 1018 ἐνὸς
1385 965 1476 1032 σφον-
1498 955 1543 1018 ÷

524 1061 569 1122 ÷
592 1039 686 1111 δόλου
700 1043 971 1140 ἀπεργαζομένους
987 1051 1056 1140 περὶ
1072 1050 1131 1122 τὴν
1148 1051 1340 1136 ἠλακάτηνγ,
1354 1052 1476 1115 ἐκείνην
1499 1064 1544 1126 -ζ-

523 1169 567 1230 -ζ-
592 1147 625 1221 δέ
655 1147 706 1221 διά
735 1157 828 1246 μέσου
860 1169 918 1224 τοῦ
949 1151 1061 1249 ὀγδόου
1094 1152 1257 1250 διαμπερὲς
1287 1158 1472 1232 ἐληλάσθαι.
1496 1173 1541 1235 —2—

303 1372 364 1437 Τὸν
378 1361 558 1460 σφόνδυλον,
572 1372 622 1436 ὅτι
639 1371 794 1462 ἀνάλογον
811 1366 969 1460 λαμόάνει
985 1384 1030 1458 τῷ
1047 1385 1102 1439 τοῦ
1119 1379 1246 1465 ούρανοῦ
1263 1374 1424 1464 τμήματι,
1441 1383 1486 1458 τῷ
1503 1372 1618 1438 ἀνωθεν
1636 1373 1811 1462 φαινομένῳ

257 1489 319 1544 τῶν
344 1477 498 1569 ὁρώντων,
523 1480 652 1568 φανερὸν
678 1480 732 1544 καί
754 1482 877 1569 εἴρηται
891 1481 1055 1558 πολλάκις·
1075 1477 1239 1562 ἀπεικάζει
1262 1474 1295 1546 δέ
1319 1483 1415 1547 αὺτὸν
1439 1481 1525 1547 κατά
1548 1481 1586 1546 τί
1611 1490 1722 1570 σχῆμα
1746 1491 1813 1556 τοῖς

257 1579 338 1676 τῇδε
362 1578 553 1676 σφονδύλοις,
578 1579 659 1653 διότι
683 1589 736 1653 καί
760 1583 846 1653 οὖτοι
869 1590 907 1654 τὸ
933 1589 986 1678 μέν
1010 1589 1118 1679 έχουσι
1142 1589 1254 1678 κυρτὸν
1279 1582 1389 1666 ἔξωθεν
1410 1589 1448 1653 τὸ
1468 1588 1544 1677 πρὸς
1568 1596 1614 1670 τῷ
1638 1587 1810 1677 ἀγκίστρῳ,

205 1719 231 1756 ιο
259 1698 297 1762 τὸ
322 1691 356 1760 δὲ
379 1685 500 1760 ἔνδοθέν
525 1685 681 1778 ἐπίπεδον,
698 1697 856 1786 τμήματα
872 1696 932 1788 γάρ
950 1703 1008 1762 εἰσι
1024 1698 1078 1761 καί
1093 1693 1179 1763 οὗτοι
1201 1697 1357 1787 σφαιρικά·
1380 1695 1465 1769 πλὴν
1488 1698 1537 1761 ὅτι
1561 1697 1616 1760 τὸν
1640 1686 1811 1786 σφόνδυλον

259 1810 375 1870 ἐκεῖνον
400 1805 455 1868 οὑκ
479 1797 557 1868 εἶναι
580 1804 705 1888 ναστὸν,
732 1802 815 1869 ἀλλά
840 1803 986 1870 σύνθετον
1010 1808 1045 1870 ἐκ
1061 1809 1187 1869 πολλῶν
1204 1804 1308 1868 ἀλλων
1326 1802 1433 1878 ἀλλοις
1450 1803 1647 1894 ἐγκειμένων,
1671 1803 1811 1868 καὶτῶν

260 1913 315 2002 μέν
340 1906 487 2001 μειζόνων
519 1912 795 2002 ἐγκολπισαμένων
826 1913 899 1989 τοὺς
929 1913 1118 1994 ἐλάσσονας,
1142 1913 1197 1978 καί
1223 1914 1431 2002 περιεχόντων
1462 1925 1532 1990 ταῖς
1564 1916 1683 1989 κοίλαις
1707 1916 1812 1978 αὐτῶν

259 2023 467 2112 ἐπιφανείαις·
491 2029 553 2084 τῶν
579 2010 612 2086 δὲ
636 2021 812 2086 ἐλασσόνων
837 2024 1073 2112 ἐνηρμοσμένων
1098 2025 1222 2098 ἐκείνοις
1247 2020 1331 2086 κατά
1355 2020 1412 2098 τάς
1442 2021 1574 2113 κυρτάς·
1600 2022 1812 2114 ἐκγεγλόφθαι

259 2127 319 2220 γάρ
343 2127 415 2205 τούς
441 2121 584 2219 μείζονας
602 2120 768 2219 διαμπερὲς
786 2130 889 2218 φησίν,
905 2129 1011 2221 χώραν
1029 2131 1225 2221 παρέχοντας
1241 2141 1306 2207 τοῖς
1323 2130 1498 2196 ἐλάσσοσιν·
1516 2123 1680 2221 διαμπερὲς
1702 2122 1746 2214 δέ,
1770 2135 1810 2205 ὡς

207 2257 232 2294 1⁵
261 2231 301 2304 δι’
316 2241 396 2304 ὁλων
413 2243 531 2303 ἑαυτῶν
549 2247 645 2303 τοῦτο
661 2237 866 2317 πεπονθότας,
884 2242 933 2303 ἵνα
949 2238 1017 2304 καθΙ
1036 2241 1168 2305 ἕκαστον
1186 2243 1288 2304 αὐτῶν
1306 2245 1334 2304 οἰ
1351 2231 1535 2330 διορίζοντες
1549 2239 1659 2303 κύκλοι
1672 2237 1713 2302 τά
1728 2234 1809 2320 βάθη

260 2357 324 2412 τῶν
348 2338 540 2438 σφονδύλων,
564 2345 600 2410 ἀν
625 2345 645 2410 ἀ
669 2338 707 2418 δά
725 2349 817 2436 χείλη
834 2351 1029 2438 προείρηκεν,
1046 2351 1151 2424 αὐτοῖς
1167 2347 1352 2438 ὁμὸκεντροι
1369 2341 1452 2411 ὦσιν·
1471 2344 1514 2435 μὴ
1533 2345 1594 2436 γάρ
1615 2345 1713 2410 όντων
1737 2349 1814 2431 ὁμο·

261 2457 409 2548 κέντρων,
434 2458 490 2521 ούκ
507 2456 573 2545 ἔχει
590 2453 695 2544 χώραν
714 2455 751 2520 τὸ
770 2445 945 2545 διαμπερὲς,
963 2458 1114 2546 ἀνομοίων
1133 2457 1232 2521 ὄντων
1249 2455 1302 2520 καί
1319 2457 1431 2520 ἀνίσων
1449 2464 1512 2520 τῶν
1530 2452 1634 2540 βαθῶν
1651 2453 1670 2525 ἢ
1688 2457 1813 2542 χειλῶν·

262 2565 344 2630 ούτω
368 2555 401 2629 δὲ
424 2563 479 2627 καί
502 2567 533 2628 ἐν
559 2565 682 2651 Τιμαίῳ

263 2780 286 2846 ί.
303 2780 376 2858 145,
391 2800 474 2844 verS.
489 2780 507 2844 7
522 2778 643 2863 partim
657 2780 829 2864 expuncti:
846 2773 1013 2868 ...ψυχῆς..,
1029 2778 1125 2868 τέρων
1139 2787 1230 2843 τῶν...
1245 2784 1284 2854 ὡς
1299 2777 1358 2869 ἄρα
1371 2780 1443 2843 οότε
1456 2776 1527 2852 τοὺς
1541 2782 1603 2842 ἐκ...
1616 2774 1814 2841 πλατωνικόν

208 2915 235 2953 ιι
262 2888 347 2950 ἐστιν
372 2878 424 2948 οὖν
448 2885 521 2949 οὔτε
544 2882 660 2972 τάς..,
685 2885 739 2948 καί
763 2884 823 2975 γάρ
847 2886 885 2950 τὸ
908 2885 1027 2962 πλῆθος
1052 2881 1159 2976 ὁρίζων
1183 2897 1247 2952 τῶν
1270 2887 1308 2951 τὸ
1323 2938 1330 2950 .
1345 2936 1369 2951 ..
1394 2887 1533 2952 καὶτῶν
1557 2877 1734 2977 σφονδύλων
1759 2883 1813 2949 καί

262 2998 293 3057 ἐν
312 2991 459 3067 ἀπάσαις.
471 3041 495 3055 ..
513 3000 621 3073 ποιῶν,
638 2997 678 3068 ὡς
696 2983 730 3056 δέ
747 2982 914 3082 διαμπερὲς
931 2993 1192 3083 ἐκγεγλυμμένων
1209 2985 1304 3069 δῆλός
1321 2997 1405 3058 ἐστιν
1422 2995 1544 3058 ἐκείνων
1568 2991 1812 3084 ἀπογιγνώσκων

263 3110 326 3164 τῶν
351 3097 539 3164 ὑποθέσεων·
563 3099 648 3172 πλὴν
673 3095 843 3189 θαυμάζειν
868 3093 964 3185 ἀξιον,
980 3111 1043 3178 πῶς
1061 3105 1091 3166 ἐν
1108 3103 1232 3192 Τιμαίῳ
1251 3102 1316 3192 μὲν,
1333 3102 1402 3191 περί
1422 3100 1524 3190 ψυχῆς
1546 3101 1657 3190 λέγων,
1682 3099 1812 3175 κύκλους

265 3211 363 3275 ἐποίει
388 3209 481 3299 μόνον
514 3201 659 3293 ἀὸαθεῒς,
683 3207 817 3274 ἐνταῦθα
842 3201 875 3275 δέ
899 3211 968 3301 περὶ
999 3211 1146 3301 σώματος
1172 3203 1359 3302 σφονδύλους
1390 3209 1513 3276 τίθεται
1545 3210 1639 3295 βάθος
1668 3212 1813 3299 ἔχοντας·

264 3311 326 3385 ἔδει
350 3315 409 3408 γάρ
434 3309 634 3406 συμύολικοῒς
659 3313 806 3407 ὁνὸμασιν
829 3318 1002 3409 χρώμενον,
1020 3321 1096 3386 ὅπου
1119 3321 1175 3411 μὲν
1199 3318 1334 3411 χρῆσθαι
1350 3331 1416 3396 τοῖς
1441 3319 1712 3410 ἀσωματωτέροις,
1737 3319 1813 3384 ὅπου

210 3451 237 3488 ιε
265 3419 298 3492 δὲ
321 3437 387 3502 τοῖς
411 3438 618 3514 σωματικοῖς·
642 3428 696 3492 καὶ
719 3428 817 3503 οὕτως
841 3428 966 3516 ἄμεινον
990 3428 1050 3500 τὴν
1076 3429 1240 3518 μεσότητα
1270 3440 1350 3494 νοεῖν
1380 3439 1444 3494 τῶν
1469 3426 1575 3518 ψυχῶν
1600 3439 1658 3504 τῆς
1683 3426 1814 3517 ἀμέρους

265 3537 369 3611 οόσίας
387 3536 440 3599 καί
460 3545 619 3627 μεριστῆς,
637 3539 668 3598 ἐν
685 3534 790 3617 κύκλῳ
808 3534 903 3611 αότάς
920 3546 1096 3614 ποιοῦντας,
1114 3537 1168 3601 καί
1185 3527 1236 3600 διά
1252 3536 1372 3600 τούτων
1389 3527 1637 3623 ἐνδεικνυμένους
1660 3536 1698 3601 τὸ
1724 3537 1816 3624 μέσον

264 3653 327 3708 τῶν
353 3644 513 3734 ἀμεγέθων
538 3644 677 3708 καὶτῶν
701 3643 805 3716 πάντη
833 3635 1010 3708 διεστώτων
1037 3642 1186 3732 μεγεθῶν,
1211 3642 1230 3711 ἢ
1256 3643 1377 3731 κρίκους
1405 3642 1492 3718 τινάς
1516 3634 1816 3732 διαμηχανωμένους

267 3751 407 3841 στερεοὺς
432 3751 503 3828 τούς
523 3749 681 3842 ψυχικοός,
698 3753 815 3826 παντὸς
832 3753 938 3840 κρίκου
963 3762 1026 3815 τῶν
1051 3759 1219 3841 σφαιρικῶν
1244 3751 1346 3841 ὄγκων
1370 3748 1602 3841 συνθετωτέραν
1624 3743 1708 3815 ἰδέαν
1732 3754 1818 3822 εἰλη-

268 3860 375 3949 χότος,
392 3861 446 3924 καί
462 3851 513 3925 διά
529 3869 623 3925 τοῦτο
640 3871 698 3935 τῆς
714 3856 848 3948 ψυχικῆς
867 3862 970 3937 οόσίας
987 3851 1186 3939 ἀπαίδοντυς,
1203 3861 1273 3934 ἥτις
1290 3855 1329 3934 ἧν
1355 3859 1552 3950 ἁπλουστέρα
1575 3869 1638 3924 τῶν
1663 3858 1816 3948 σωμάτων

212 3987 238 4025 ³⁰
268 3977 437 4059 σφαιρικῶν
453 3968 562 4033 ὄντων·
578 3974 605 4033 εἰ
621 3958 654 4034 δὲ
672 3961 837 4058 διαμπερές
854 3967 1029 4041 ἐληλάσθαι
1046 3960 1098 4036 διά
1115 3968 1242 4032 πάντων
1261 3968 1353 4058 φησίν
1378 3967 1436 4039 τὴν
1460 3967 1641 4046 ἠλακάτην,
1658 3968 1817 4056 συντόμως

267 4075 322 4139 καί
345 4073 404 4148 τὴν
430 4077 533 4141 αἰτίαν
558 4068 712 4166 ἐξέφηνεν,
737 4067 777 4141 δι’
794 4075 833 4149 ἣν
850 4074 1019 4151 ἠλακάτην
1036 4077 1091 4140 τὸν
1109 4069 1204 4154 ἄξονα
1219 4077 1414 4166 προείρηκεν,
1430 4075 1483 4139 καί
1500 4076 1550 4139 ὅτι
1573 4072 1657 4164 παρά
1681 4075 1719 4138 τὸ
1743 4077 1818 4145 ἐλη-

268 4181 393 4248 λάσθαι·
416 4183 543 4249 πάντων
568 4175 602 4250 δέ
625 4195 688 4250 τῶν
713 4177 891 4274 σφονδύλων
909 4187 982 4274 μίαν
1000 4184 1169 4260 ἠλακάτην
1185 4184 1333 4276 ἑχόντων,
1354 4185 1424 4274 περὶ
1443 4184 1481 4256 ἣν
1505 4194 1673 4266 κινοῦνται,
1697 4183 1817 4259 πάντας

268 4292 472 4384 ὁμοκίντρους
496 4291 619 4386 ἀνάγκη
646 4292 752 4382 φάναι·

267 4508 292 4575 f.
312 4510 374 4576 145
391 4531 432 4589 ν,
449 4510 485 4574 in
500 4509 617 4576 lacuna
640 4511 661 4576 3
682 4531 785 4576 vers.:
810 4509 931 4581 ...τὴν
949 4505 1109 4574 ἰλάσθαι...
1135 4510 1218 4572 ἐστιν
1244 4498 1358 4582 ἄξων...
1382 4505 1501 4580 κίνησις
1525 4505 1758 4594 περιαγομένων
1782 4525 1819 4567 τε

214 4647 241 4685 ιι
268 4625 330 4679 τῶν
355 4606 441 4680 ένδὸν
465 4617 524 4681 όπὸ
548 4625 610 4681 τῶν
635 4617 734 4693 ἐκτὸς,
759 4616 813 4681 καί
836 4617 896 4691 τὴν
924 4608 1003 4682 ἰδίαν
1020 4618 1142 4688 κίνησιν
1159 4615 1228 4705 περὶ
1251 4614 1305 4678 τὸν
1329 4613 1424 4677 αὐτὸν
1448 4606 1545 4690 ἄξονα
1568 4614 1769 4702 ποιουμένων·
1794 4616 1821 4676 εἰ

268 4715 302 4789 δὲ
326 4724 457 4800 κύκλους
481 4723 597 4789 ἀνωθεν
622 4723 664 4789 τά
686 4727 777 4814 χείλη
805 4728 964 4814 φαίνουσιν
989 4731 1017 4791 οἱ
1041 4724 1124 4790 ὁκτώ
1149 4715 1334 4814 σφὸνδυλοι,
1359 4721 1412 4786 καί
1441 4713 1565 4797 διττούς
1593 4721 1723 4796 ἕκαστος
1747 4719 1820 4796 τοὺς

268 4831 403 4897 ἑκάστου
427 4857 463 4897 τε
488 4832 581 4917 βάθος
605 4825 785 4922 ὁρίζοντας,
810 4834 862 4899 καί
886 4825 937 4898 διά
960 4845 1055 4899 τοῦτο
1080 4825 1174 4899 διττά
1198 4834 1291 4922 χείλη
1324 4822 1522 4915 δεικνύντας,
1547 4822 1644 4904 δῆλον
1669 4821 1821 4904 δήπουθεν

269 4943 320 5006 ὁτι
345 4947 373 5008 οἰ
397 4948 525 5031 ὁρῶντες
550 4942 660 5018 αύτούς
684 4942 811 5007 πάντων
836 4939 914 5017 ἦσαν
940 4941 1129 5030 κατωτέρω,
1154 4941 1207 5003 καί
1236 4941 1332 5014 οὕτως
1357 4937 1473 5002 ἀνωθεν
1503 4939 1624 5004 ἐκείνων
1655 4937 1758 5027 ἑώρων
1781 4937 1823 5002 τά

269 5053 360 5140 χείλη
387 5050 529 5124 κύκλους·
555 5051 636 5115 ὥστε
660 5052 718 5115 ὑπὸ
742 5051 801 5123 τὴν
827 5050 962 5124 σελήνην
980 5045 1071 5133 ἦσαν,
1089 5047 1229 5113 κακεῐθεν
1250 5059 1320 5124 ταῖς
1344 5043 1455 5135 όβησιν
1480 5050 1640 5113 ἐποιοῦντο
1665 5045 1721 5122 τάς
1746 5051 1823 5110 ἀπο-

215 5183 242 5220 ιι
271 5156 372 5245 τομάς
395 5167 458 5221 τῶν
483 5159 564 5221 ὁλων
589 5157 643 5221 καί
659 5161 786 5223 τελείων
803 5170 858 5224 τοῦ
876 5162 1003 5249 ούρανοῦ
1022 5168 1166 5247 σφαιρῶν·
1185 5159 1247 5222 εἴτε
1263 5154 1322 5247 γάρ
1340 5155 1510 5246 κατωτέρω
1534 5167 1589 5221 τοῦ
1614 5155 1742 5245 αἰθέρος,
1768 5157 1823 5218 οὐκ

272 5263 308 5328 ἀν
333 5266 427 5354 μόνας
452 5263 615 5356 ἀποτομὰς
639 5264 740 5356 ἐώρων
765 5267 859 5351 ὀκτὼ,
892 5265 976 5333 ἀλλά
1000 5269 1143 5343 πλείους,
1167 5266 1221 5329 καί
1243 5264 1303 5355 γάρ
1329 5273 1391 5328 τῶν
1416 5264 1585 5355 κατωτέρω
1613 5274 1668 5330 τοῦ
1697 5266 1823 5353 ούρανοῦ
