4022 6072
854 549 892 623 in
905 545 1068 642 psalmos.

192 719 233 786 τά
257 719 415 786 ἀκόλουθα
438 729 484 804 τῷ
509 719 579 804 θείῳ
604 712 799 810 δικαστηρίῳ
824 718 935 810 ἀύάτῳ

192 821 323 918 δυνάμει
334 832 365 894 ὲν
380 833 458 920 ῥοπῇ
473 839 579 918 καιροῦ
594 829 861 919 ραντασιουμένου
880 841 934 895 τοῦ

190 947 242 1002 νοῦ
259 937 313 1001 καί
328 936 434 1001 πάντα
452 930 747 1028 άνκζωγραφοῦντος
764 941 866 1018 ἑαυτῷ
883 937 935 1000 καί

190 1046 282 1111 οἱονεί
305 1049 335 1110 έν
360 1045 530 1136 κατόπτρῳ
547 1056 592 1128 τῷ
608 1051 785 1136 ήγεμονικῷ
805 1048 935 1134 ὲναρῶν-

191 1177 244 1229 τος
268 1151 338 1228 τούς
363 1153 478 1229 τόπους
502 1163 565 1218 τῶν
589 1154 827 1243 πεπραγμένων.
853 1156 936 1216 Πολ-

191 1265 292 1350 λαχοῦ
317 1253 350 1326 δὲ
365 1271 423 1338 τῆς
441 1272 563 1351 γραφῆς
581 1261 728 1337 τοιαύτας
746 1263 860 1351 ἔχομεν
885 1261 936 1326 λε’-

192 1361 254 1446 ξεις
272 1368 314 1454 ι),
339 1375 379 1445 ὡς
403 1371 556 1458 ὁμότιμος
580 1380 645 1446 τοῖς
677 1368 847 1460 ἀνθρώποις
878 1379 934 1433 τοῦ

190 1482 270 1542 Θεοῦ
286 1483 327 1553 είς
344 1480 441 1566 κρίσιν
459 1471 775 1569 συγκαταθαόνοντος·
792 1477 933 1543 τοιοῦτόν

190 1587 275 1650 ἑστιν
293 1586 395 1650 καὶτὸ
409 1587 496 1651 αὐτό·
514 1586 620 1676 Κύριος
635 1593 675 1663 εἰς
688 1589 786 1676 κρίσιν
799 1579 866 1663 ἥξει
880 1610 935 1676 με-

191 1690 232 1755 τά
248 1701 311 1755 τῶν
328 1685 544 1783 πρεσθυτέρων
561 1704 616 1758 τοῦ
634 1698 711 1758 λαοῦ
726 1693 759 1779 ²).
781 1695 841 1758 Καὶ
863 1695 936 1784 πρέ-

190 1821 247 1862 πον
265 1800 301 1889 γέ
318 1804 385 1864 ἐστι
401 1799 461 1871 τήν
477 1800 559 1865 θείαν
573 1804 671 1890 κρίσιν
687 1800 728 1889 μή
747 1799 933 1891 τυραννικήν

190 1899 277 1989 εἶναι,
302 1905 385 1971 ἀλλά
402 1908 585 1978 κοινωνικήν
603 1908 725 1997 μάλλον
749 1918 811 1971 τῶν
833 1913 863 1972 ἐν
882 1911 935 1972 άν-

191 2011 322 2102 θριύποις
347 2006 521 2102 δικαστῶν,
545 2017 643 2081 τόπον
674 2017 845 2107 ἀπολογίας
869 2026 934 2090 τοῖς

190 2113 432 2212 δικαιοζομένοις
462 2125 630 2214 παρέχειν,
654 2127 705 2188 ἵνα
738 2125 862 2208 βλέπων
887 2148 934 2200 τις

189 2230 249 2301 τήν
274 2223 365 2303 δίκην
397 2229 646 2322 σαρηνιζομένην
678 2236 782 2316 αύτῷ,
808 2233 862 2297 καί
884 2234 935 2298 ἐπὶ

189 2351 230 2425 τῇ
249 2339 378 2406 κολάσει
396 2331 573 2406 συνευδοκεῖ
586 2352 650 2416 τοῖς
665 2341 860 2429 άντιρρήτοις
873 2342 937 2429 κρί-

190 2473 266 2537 μασι
282 2461 337 2514 τοῦ
351 2456 441 2528 Θεοῦ,
458 2456 497 2526 ὡς
514 2448 598 2514 κατά
616 2459 718 2514 πᾶσαν
736 2441 934 2521 δικαιοσύνην

189 2557 403 2647 προσαχθείσῃ
421 2561 506 2642 αύτῷ
523 2557 746 2648 συντιθέμενος.
761 2565 884 2623 Ταῦτον
902 2549 935 2622 δὲ

187 2665 350 2756 πρόσωπον
367 2673 479 2741 ποιεῖή
494 2666 610 2758 γραφή,
624 2671 682 2756 οὐχ
699 2672 739 2742 ὡς
755 2667 830 2756 πρός
847 2666 937 2731 ἕκασ-

189 2798 244 2840 τον
261 2781 351 2862 ήμῶν
368 2775 489 2850 πεύσεις
507 2775 674 2866 προσάγειν
693 2775 863 2864 μέλλοντος
879 2784 935 2838 τοῦ

192 2887 334 2971 Χριστοῦ,
353 2881 424 2947 ἀλλ’
443 2885 491 2946 ἵνα
509 2884 658 2973 μερίμναν
676 2889 752 2971 ἡμῖν
777 2882 933 2972 ἐμποιήσῃ

190 2992 244 3054 καὶ
269 2990 311 3079 μή
339 2992 575 3080 αμεταμελήτῳ
592 2994 713 3081 ἔχωμεν
738 3001 796 3066 τῆς
822 2995 938 3055 άπολο-

190 3102 269 3191 γίας.
293 3099 363 3164 Ἐπί
379 3101 512 3186 τούτοις,
530 3101 583 3164 καὶ
604 3101 708 3192 ἕτερον
733 3099 868 3190 ἐπιφέρει
892 3092 938 3166 δι-

191 3211 317 3300 καίωμα
341 3211 453 3300 λέγων·

1683 559 1733 619 101

991 724 1145 790 tribunali
1161 731 1350 810 sequuntur,
1367 749 1466 811 quum
1481 750 1596 794 arcane
1615 729 1735 794 virtute

989 830 1023 896 in
1046 831 1113 898 ictu
1137 833 1221 898 oculi
1244 855 1333 898 mens
1362 833 1492 899 sibimet
1516 835 1622 900 omnia
1644 857 1736 902 exco-

990 938 1073 1022 gitet
1103 943 1200 1023 atque
1228 939 1398 1025 depinget,
1422 946 1455 1006 et
1486 943 1575 1026 quasi
1606 942 1737 1027 speculo

989 1045 1132 1129 praefixo
1153 1047 1318 1112 intueatur
1333 1047 1453 1134 effigies
1475 1050 1648 1115 actionum.
1673 1049 1737 1115 Sed

989 1175 1052 1219 non
1075 1154 1173 1220 semel
1196 1155 1350 1222 habemus
1372 1156 1405 1221 in
1428 1157 1588 1242 scripturo
1617 1157 1735 1224 similia

988 1261 1136 1348 legende,
1153 1285 1190 1329 ac
1206 1263 1231 1329 si
1248 1264 1287 1329 ad
1303 1265 1469 1331 hominum
1484 1267 1736 1332 convenientiam

990 1371 1077 1437 Deus
1087 1372 1288 1456 adjudicium
1307 1374 1519 1440 descenderet.
1536 1374 1615 1440 Tale
1630 1380 1679 1440 est
1695 1375 1735 1440 is·

989 1478 1061 1543 tud:
1078 1479 1188 1544 “Deus
1200 1480 1231 1544 in
1240 1480 1393 1565 judicium
1406 1482 1511 1548 veniet
1523 1505 1595 1548 cum
1608 1483 1737 1549 seniori·

991 1587 1049 1652 bus
1063 1587 1175 1672 populi
1188 1636 1214 1666 ,.
1225 1588 1307 1656 Sene
1323 1590 1413 1656 decet
1425 1591 1565 1657 divinum
1579 1592 1734 1677 judicium

989 1718 1053 1761 non
1084 1719 1150 1764 esse
1181 1700 1400 1783 tyrannicum,
1424 1701 1477 1764 sed
1510 1701 1616 1785 potius
1645 1702 1735 1787 large

989 1802 1095 1868 locum
1120 1806 1271 1889 praebere
1292 1806 1470 1891 judicandis
1493 1829 1526 1874 se
1550 1807 1736 1872 defendendi

989 1911 1038 1976 uti
1060 1933 1167 1978 corani
1192 1913 1339 1978 humanis
1351 1914 1522 1998 judicibus,
1542 1919 1579 1980 ut
1603 1914 1736 1998 quisque

989 2018 1098 2085 videns
1122 2020 1316 2085 sententiam
1333 2020 1394 2085 sibl
1410 2020 1614 2101 declaratam,
1638 2019 1736 2084 etiem

988 2124 1022 2190 in
1046 2125 1203 2210 supplicio
1227 2127 1394 2192 conveniet
1409 2149 1473 2191 non
1493 2149 1585 2211 posse
1600 2131 1736 2193 contra-

989 2233 1049 2297 dici
1068 2232 1186 2316 judicia
1203 2232 1272 2314 Dei,
1291 2255 1348 2299 nec
1364 2233 1425 2299 uisi
1441 2257 1514 2299 cum
1528 2257 1652 2299 summa
1667 2233 1734 2317 jus·

990 2341 1063 2406 titia
1085 2363 1220 2425 paenam
1245 2341 1305 2425 ipsi
1327 2341 1467 2426 irrogari
1493 2343 1734 2426 persuadentur.

990 2449 1088 2534 Cujus
1111 2450 1158 2514 rei
1181 2450 1295 2515 faciem
1312 2448 1479 2534 Scriptura
1500 2450 1561 2515 sibi
1584 2449 1734 2531 vindicat,

990 2580 1053 2623 non
1077 2579 1114 2624 eo
1138 2557 1224 2641 quod
1247 2557 1394 2624 Christus
1416 2557 1532 2624 debeat
1547 2558 1662 2642 cuique
1686 2557 1736 2622 in·

991 2667 1225 2752 terrogotiones
1241 2687 1428 2750 proponere,
1445 2667 1499 2732 sed
1516 2670 1551 2730 ut
1568 2666 1659 2732 nobis
1675 2665 1737 2732 sol·

989 2775 1185 2842 licitudinern
1210 2775 1348 2860 ingerat,
1366 2797 1467 2859 neque
1482 2774 1515 2839 in
1537 2774 1737 2860 negligentia

991 2883 1158 2968 apologiae
1177 2887 1307 2948 stemus.
1324 2880 1375 2948 Ad
1391 2881 1469 2950 haec
1485 2882 1580 2948 etiam
1599 2881 1735 2948 alterum

991 2992 1100 3058 subdit
1120 2991 1275 3077 judiciuin
1300 2991 1423 3056 dicens:

190 3561 219 3604 ν.
245 3538 275 3603 8.
300 3527 378 3601 Ἰδού
402 3534 462 3627 γάρ
487 3539 517 3599 ὲν
543 3537 684 3624 ἀνομίαις
708 3526 915 3618 συνελήρθην,
940 3527 993 3592 καὶ
1016 3530 1047 3591 έν
1073 3528 1240 3614 ἁμαρτίαις
1264 3523 1409 3597 ἐκίσσησέ
1433 3548 1471 3613 με
1495 3529 1514 3596 ή
1542 3523 1649 3612 μήτηρ
1667 3546 1736 3610 μου.

237 3647 320 3712 Ecce
335 3649 421 3712 euim
436 3648 472 3711 ιἰι
489 3645 719 3728 iniquitalibus
735 3646 903 3722 conceptus
919 3660 1000 3716 curu,
1018 3644 1046 3704 et
1064 3639 1100 3702 ιἰι
1110 3637 1255 3718 peccatis
1270 3637 1412 3717 concepit
1428 3656 1476 3700 me
1492 3640 1596 3699 muter
1612 3653 1692 3698 αισα.

235 3859 297 3922 Καὶ
321 3849 372 3922 διά
395 3857 450 3923 τόν
476 3856 569 3948 ρύπον
600 3857 655 3921 τόν
687 3860 722 3920 ἑκ
754 3864 810 3920 τοῦ
834 3844 937 3940 Ἀδάμ

191 3966 409 4058 καταγόμενον
442 3976 547 4031 ταῦτα
577 3965 726 4054 λέγεται·
751 3965 845 4028 αὐτοῦ
877 3961 937 4052 γάρ

192 4074 282 4139 ἕνεκα
307 4073 438 4165 ῥυπαροὶ
453 4066 646 4161 νομιζόμεθα
664 4069 838 4153 τίκτεσθαι,
855 4071 937 4132 ὥστε

192 4184 247 4248 καί
269 4184 340 4274 πρίν
357 4180 458 4248 ἐλθεῖν
475 4186 517 4258 εἰς
534 4175 595 4259 ἕξιν
612 4181 747 4264 ήλικίας,
765 4183 861 4244 καλοῦ
883 4177 938 4242 καί

192 4305 290 4360 κακοῦ
315 4285 489 4382 δεχομένην
514 4283 676 4379 διάκρισιν,
693 4287 871 4379 καθάρσεως
896 4293 936 4363 ὡς

193 4405 227 4467 ἐκ
250 4403 394 4492 πατέρων
418 4399 625 4490 ἐρρυπωμένοι
649 4389 815 4486 χρήζομεν.

1036 3853 1164 3918 Etenim
1180 3855 1314 3936 propter
1330 3849 1487 3918 maculem
1503 3848 1543 3914 ab
1564 3845 1668 3913 Adam
1683 3847 1738 3912 de·

992 3964 1128 4029 rivalem
1144 3984 1181 4028 ea
1197 3961 1362 4027 dicuntur:
1381 3960 1422 4026 ob
1437 3959 1530 4025 illum
1554 3957 1672 4043 quippe
1689 3979 1738 4022 re·

991 4073 1145 4154 putamur
1158 4069 1190 4133 in
1207 4068 1333 4134 macula
1349 4067 1506 4150 generari,
1519 4067 1566 4130 ita
1580 4067 1617 4131 ut
1633 4065 1738 4148 prius·

991 4202 1088 4264 quem
1112 4179 1143 4243 in
1157 4178 1338 4263 juventutis
1354 4176 1503 4242 habitum
1519 4176 1683 4241 veniamus
1706 4178 1738 4238 ei

991 4287 1183 4371 recipiamus
1213 4285 1289 4350 boni
1318 4288 1351 4350 et
1380 4283 1456 4350 mali
1490 4281 1737 4360 distinctionem,

992 4393 1215 4479 purificatione
1239 4392 1450 4477 indigeamus,
1467 4389 1574 4475 utqui
1591 4411 1738 4474 aparen-

991 4505 1078 4568 tibus
1100 4499 1308 4568 maculemur.

191 4752 221 4795 v.
235 4730 266 4794 9.
280 4725 431 4800 Ῥαντιεῖς
450 4749 488 4813 με
501 4723 636 4805 ύσσόπῳ,
651 4721 704 4786 καὶ
717 4718 998 4811 καθαρισθήσομαι,
1012 4719 1135 4792 πλυνεῖς
1154 4737 1192 4805 με
1209 4713 1262 4778 καὶ
1279 4711 1352 4802 ὑπὲρ
1369 4711 1460 4800 χιόνα
1472 4707 1738 4798 λευκανθήσομαι.

258 4839 421 4922 Asperycs
444 4857 494 4902 me
516 4837 664 4920 hyssopo,
682 4839 711 4899 et
733 4832 931 4912 ικιικιίυύονς
956 4829 1082 4896 locutis
1104 4848 1163 4904 occ,
1188 4831 1217 4891 el
1240 4845 1338 4906 super
1360 4823 1464 4888 nivem
1489 4817 1670 4885 dealbator.

236 5045 294 5112 Διά
318 5049 350 5113 τί
374 5039 408 5113 δὲ
431 5055 494 5112 τῶν
522 5049 640 5112 λευκῶν
665 5050 683 5120 ή
710 5043 786 5134 χιὼν
812 5049 854 5118 εἰς
878 5041 937 5114 τήν

190 5155 295 5221 εἰκόνα
311 5154 499 5246 παρελήφθη
514 5165 573 5230 τῆς
589 5155 799 5231 λευκότητος;
817 5153 866 5216 ότι
880 5151 940 5214 ὥσ-

230 5387 253 5462 ¹)
272 5386 341 5445 cod.
362 5388 475 5448 τοιαύτης
495 5387 583 5458 ίχομιν
601 5385 697 5448 λιἙιως.

1037 5039 1125 5118 Quae
1148 5059 1244 5104 eausa
1267 5059 1323 5103 cur
1339 5055 1391 5099 res
1406 5033 1490 5098 inter
1513 5029 1660 5098 candidas
1683 5027 1738 5092 nix

994 5149 1184 5216 admittatur
1206 5147 1240 5212 in
1256 5143 1411 5211 albedinis
1426 5139 1623 5225 imaginem?
1647 5134 1738 5214 Quod

1027 5383 1049 5456 ²)
1069 5380 1108 5438 Is.
1127 5394 1172 5452 ιιι,
1192 5379 1235 5434 14.
