3944 6074
551 537 607 614 De
624 541 763 616 sublimi
781 542 959 621 chaldaica
977 551 1264 644 contemplatione.

889 938 931 1004 θ’.

581 1129 756 1220 Πρόκλουί)
780 1138 815 1198 ἐκ
839 1145 896 1210 τῆς
921 1137 1017 1210 αὐτῆς
1043 1139 1235 1228 φιλοσοφίας.

181 1355 296 1436 Ψυχῆς
322 1346 416 1430 βάθος
439 1348 496 1424 τάς
513 1349 646 1440 τριπλάς
664 1355 762 1426 αύτῆς
779 1349 955 1441 γνωστικάς
973 1341 1117 1440 δυνάμεις
1135 1355 1221 1441 φησί,
1247 1355 1363 1445 νοεράς,
1385 1357 1510 1435 νοητάς,
1536 1364 1681 1448 (γνωστι-

133 1453 204 1536 κάς)
218 1453 253 1536 ²),
279 1447 476 1532 δοξαστικάς·
494 1457 626 1545 ὄμματα
643 1451 686 1536 δὲ,
700 1459 806 1524 πάντα
829 1461 885 1536 τάς
903 1459 1035 1549 τριπλάς
1052 1465 1154 1524 αύτῶν
1172 1464 1347 1551 γνωστικάς
1364 1469 1528 1555 ἐνεργείας.
1553 1475 1579 1532 Τ
1582 1471 1597 1532 ό
1621 1469 1680 1559 γάρ

132 1564 236 1650 ὄμμα,
262 1563 403 1653 γνώσεως
428 1558 602 1651 σύμύολον·
626 1572 645 1640 ῆ
673 1558 705 1631 δὲ
729 1561 805 1650 ζωὴ,
829 1561 970 1654 ὀρέξεως·
997 1567 1113 1656 τριπλά
1137 1561 1170 1634 δὲ
1198 1570 1344 1656 ἑκάτερα.
1369 1579 1412 1646 Γῆ
1440 1565 1473 1637 δὲ
1497 1573 1547 1664 ἀφ’
1573 1571 1609 1650 ἧς
1635 1567 1682 1640 δεῖ

131 1665 289 1760 κουφίζειν
314 1671 373 1744 τὴν
398 1665 537 1763 καρδίαν,
562 1673 603 1738 τά
627 1673 719 1740 ύλικά
743 1677 850 1740 πάντα
866 1676 920 1739 καί
937 1675 977 1739 τά
995 1676 1127 1740 ποικίλα
1144 1687 1205 1742 τῶν
1222 1683 1252 1744 ὲν
1278 1681 1394 1770 γενέσει
1418 1683 1603 1772 φερομένων,
1628 1686 1681 1748 καί

90 1817 102 1854 ι
131 1793 193 1856 παῖς
217 1783 313 1859 τύπος
331 1785 519 1870 σωματικός·
538 1780 581 1858 οἷς
596 1783 705 1849 ἕπεται
722 1783 776 1850 θέα
794 1786 849 1874 μὲν
866 1795 924 1860 τῆς
940 1796 1094 1874 πατρικῆς
1113 1777 1256 1873 μονάδος,
1276 1789 1443 1878 εὐφροσύνη
1468 1781 1501 1855 δὲ
1526 1790 1680 1880 ἄχραντος

132 1891 180 1956 ἐπ’
206 1891 315 1969 αύτῆν,
341 1891 507 1956 εὐστάθειά
530 1916 565 1956 τε
590 1893 650 1957 ἀπό
674 1904 732 1968 τῆς
757 1902 860 1980 νοερᾶς
886 1893 1006 1969 ταύτης
1028 1905 1202 1983 περιωπῆς·
1229 1895 1279 1984 ἀφ’
1304 1891 1345 1960 ὧν
1371 1887 1477 1982 δῆλον,
1503 1905 1543 1975 ὡς
1568 1901 1679 1990 μικτόν

132 2006 223 2089 ἡμῶν
248 2000 284 2064 τό
310 1997 443 2090 ἀγαθόν,
468 2001 504 2064 ἔκ
528 2023 564 2063 τε
588 2002 737 2076 κινήσεως
761 2001 814 2065 καί
838 2011 896 2076 τῆς
923 2012 1078 2090 συμφυοῦς
1102 2003 1299 2090 εὐφροσύνης.
1324 2011 1414 2070 Ποῖσα
1437 2005 1497 2096 γάρ
1522 2001 1586 2086 ζωὴ
1619 2007 1679 2079 τὴν

130 2113 247 2184 ἑαυτῆς
271 2109 426 2198 ἐνέργειαν
451 2110 579 2173 εύλυτον
605 2111 732 2197 ἔχουσα,
748 2101 865 2182 ῆδονὴν
888 2111 983 2198 ἔλαχε
1008 2113 1088 2194 αὐτῇ
1110 2106 1383 2202 σύζυγονὝμνος
1409 2105 1441 2178 δὲ
1466 2126 1521 2179 τοῦ
1545 2118 1677 2206 Πατρός,

133 2219 167 2279 ού
189 2216 279 2306 λόγοι
303 2215 454 2297 σύνθετοι,
479 2219 534 2280 ούκ
559 2218 655 2308 ἔργων
673 2217 852 2290 κατασκευή
870 2217 904 2298 8)·
924 2218 1015 2304 μόνας
1030 2217 1089 2306 γάρ
1107 2216 1263 2307 ἄφθαρτος
1287 2217 1339 2304 ὢν,
1365 2219 1501 2310 φθαρτόν
1525 2224 1620 2310 ὕμνον
1645 2227 1679 2288 ού

77 2352 104 2388 ιο
133 2315 271 2412 δέχεται·
290 2323 332 2410 μὴ
353 2317 403 2386 οὖν
421 2333 494 2408 κενῇ
514 2323 664 2412 ῥημάτων
682 2315 844 2414 καταιγίδι
856 2325 972 2388 πείσειν
986 2319 1153 2412 ἐλπίζομεν
1170 2335 1232 2390 τῶν
1249 2327 1352 2416 λόγων
1366 2327 1492 2400 ἀληθῶν
1510 2321 1678 2415 δεσπότην,

133 2422 214 2522 μηδὲ
238 2433 334 2522 ἔργων
359 2432 562 2520 φαντασίᾳί),
582 2430 663 2522 μετά
679 2433 794 2522 τέχνης
814 2433 1130 2523 κεκαλλωπισμένων,
1148 2435 1393 2501 ἀκαλλώπιστον
1418 2441 1586 2528 εὐμορφίαν
1612 2439 1679 2517 θεός

133 2544 225 2628 φιλεῖ.
239 2539 356 2629 Ὕμνον
373 2533 425 2604 οὖν
442 2549 487 2622 τῷ
506 2539 565 2623 θεῷ
582 2551 693 2606 τοῦτον
712 2540 884 2629 ἀναθῶμεν,
900 2541 960 2612 τὴν
981 2546 1023 2616 εἰς
1041 2544 1135 2606 αὐτόν
1152 2536 1342 2631 ἐξομοίωσιν·
1361 2549 1587 2636 καταλίπωμεν
1605 2559 1679 2640 γῆν,

133 2649 260 2738 ῥέουσαν
285 2651 400 2713 οὐσίαν·
418 2647 558 2737 ἔλθωμεν
575 2649 625 2714 ἐπὶ
642 2649 696 2713 τόν
713 2648 816 2722 ἀληθῆ
836 2649 962 2714 σκοπόν·
980 2651 1178 2740 γνωρίσωμεν
1196 2651 1250 2715 τόν
1272 2642 1439 2730 δεσπότην,
1464 2655 1678 2744 ἀγαπήσωμεν

131 2757 185 2820 τόν
210 2755 345 2846 Πατέρα·
370 2760 517 2821 καλοῦντι
540 2756 726 2846 πεισθῶμεν,
743 2767 788 2840 τῷ
805 2756 906 2848 θερμῷ
923 2750 1181 2849 προσδράμωμεν,
1198 2760 1236 2824 τό
1252 2756 1369 2850 ψυχρόν
1393 2763 1589 2852 ἐκφυγόντες·
1616 2772 1675 2852 πῦρ

77 2903 103 2939 ,5
131 2863 314 2954 γενώμεθα,
338 2855 390 2930 διά
412 2865 506 2955 πυρός
530 2856 715 2954 ὁδεύσωμεν.
736 2865 874 2955 Ἔχομεν
907 2869 1035 2930 εὔλυτον
1060 2858 1131 2930 ὁδὀν
1161 2872 1202 2942 εἰς
1234 2867 1402 2934 ἀνέλευσιν.
1429 2867 1539 2958 Πατὴρ
1569 2861 1680 2961 ὁδηγεῖ

131 2971 224 3061 πυρός
249 2962 337 3049 ὁδούς
362 2965 610 3060 ἀναπτύξασθαι,
635 2974 676 3065 μῆ
704 2977 849 3040 ταπεινόν
874 2974 1033 3051 ἐκλήθης
1058 2975 1213 3066 ῥεύσωμεν
1237 2976 1389 3064 χεῦμαί).

885 3301 927 3367 Γ’.

784 3515 969 3606 Πρόκλου
989 3516 1024 3602 ⁶).

176 3725 261 3810 Ῥίζα
284 3744 340 3808 τῆς
365 3733 476 3808 κακίας
494 3732 530 3797 τό
548 3740 649 3820 σῶμα,
667 3732 770 3821 ὥσπερ
788 3739 845 3805 τῆς
863 3732 975 3819 ἀρετῆς
993 3733 1008 3792 ὁ
1024 3739 1102 3804 νοῦς.
1120 3729 1155 3792 Ἡ
1173 3727 1227 3814 μέν
1244 3726 1305 3820 γάρ
1330 3727 1445 3792 ἀνωθεν
1470 3721 1676 3793 ἔκύλυστάνει

131 3850 200 3915 ταῖς
224 3839 346 3927 ψυχαῖς,
370 3846 389 3914 ῆ
416 3832 450 3904 δὲ
474 3841 534 3903 ἀπό
559 3849 621 3904 τῶν
647 3842 792 3930 χειρόνων
810 3833 1036 3927 ἑπεισκωμάζει
1051 3839 1104 3902 καὶ
1121 3835 1273 3901 κάτωθεν·
1297 3838 1334 3900 τό
1359 3829 1392 3901 δὲ
1416 3829 1610 3900 καταύαλεῖν
1635 3842 1676 3913 εἰς

131 3956 201 4034 γῆν,
225 3947 262 4009 τό
288 3950 340 4033 ἀφ’
365 3953 455 4036 ἡμῶν
479 3943 619 4034 ἐκκόψαι·
645 3951 734 4010 ἔῖισαι
757 3939 791 4010 δὲ
808 3949 919 4030 αὺτῆν,
936 3947 1008 4008 ὅποι
1023 3943 1210 4034 παρετάχθη
1231 3943 1384 4033 φέρεσθαι·
1409 3946 1564 4008 τέτακται
1588 3935 1621 4009 δὲ
1644 3947 1675 4010 ὲν

79 4084 105 4120 ιο
132 4055 187 4138 όλῃ
214 4064 254 4138 τῆ
280 4055 408 4145 γενέσει,
433 4047 557 4136 Ἐπειδὴ
585 4046 618 4120 δὲ
635 4055 675 4120 τά
693 4055 775 4122 κακά
793 4046 910 4131 ἐνθάδε,
930 4055 982 4118 καὶ
997 4044 1088 4118 τόνδε
1105 4054 1158 4118 τὀν
1176 4053 1272 4119 τόπον
1290 4046 1322 4130 ἐξ
1341 4053 1480 4143 ἀνάγκης
1503 4056 1676 4142 περιπολεῖ,

133 4161 220 4251 μέρος
245 4153 278 4227 δὲ
301 4163 355 4226 καί
370 4163 407 4227 τό
424 4163 576 4252 ἡμέτερον
595 4173 685 4250 σῶμα
702 4174 760 4238 τῆς
777 4163 942 4254 γενήσεως,
961 4161 1049 4252 μέρος
1067 4159 1121 4249 μὲν
1140 4155 1190 4225 οὖν
1209 4161 1384 4225 ἀκάκυντον
1406 4172 1513 4242 ποιεῖν,
1532 4152 1675 4239 δυνατόν,

131 4273 206 4343 όλην
231 4263 265 4336 δὲ
288 4270 347 4342 τὴν
372 4271 504 4362 γένεσιν,
523 4263 687 4355 ἀδύνατον,
714 4277 740 4336 εί
765 4271 807 4360 μὴ
834 4271 887 4334 καί
911 4271 947 4336 τό
966 4265 1043 4334 εἶναι
1061 4273 1158 4345 αὐτῆς
1183 4271 1355 4362 ἀνέλοιμεν·
1381 4275 1422 4345 είς
1439 4270 1477 4342 ῆν
1502 4271 1556 4334 καὶ
1579 4265 1675 4348 ζῆλον

132 4379 183 4443 καί
207 4377 318 4468 φθόνον
342 4373 583 4463 καταύλητέον,
609 4378 737 4468 ὅθενπερ
762 4379 843 4444 αύτά
874 4373 1087 4457 κατελέξατο·
1112 4377 1205 4442 ὑλικά
1228 4378 1288 4469 γάρ
1312 4379 1389 4443 ὅντα
1419 4377 1478 4450 τὴν
1509 4379 1587 4450 ύλην
1611 4381 1676 4468 ἔχει

131 4487 271 4560 τιθήνην·
297 4487 333 4552 τό
359 4481 392 4553 δὲ
417 4487 459 4576 μθ
487 4481 616 4552 σύέσθαι
639 4489 734 4577 φρενὶ,
758 4491 832 4569 πρός
850 4487 909 4560 τὴν
927 4489 1103 4570 ἀπόκλισιν,
1122 4490 1155 4552 ού
1171 4488 1245 4576 πρὸς
1265 4488 1320 4552 τόν
1345 4487 1517 4574 ἀφανισμόν
1543 4490 1674 4577 εἴρηται·

80 4616 107 4654 2⁵
131 4595 267 4684 καθάπερ
291 4594 333 4660 τά
356 4589 641 4684 ἔναποσύεννύμενα
666 4597 737 4680 τινί,
754 4597 935 4687 περιέχεται
959 4599 1018 4661 ὅλα
1039 4599 1068 4660 ἐν
1086 4599 1202 4678 ἐκείνῳ,
1223 4595 1277 4659 καί
1295 4597 1533 4682 ἀναπίμπλησιν
1547 4593 1573 4680 ⁷)
1598 4597 1675 4660 αὑτό

131 4716 186 4780 τῆς
211 4707 324 4780 οἰκείας
349 4705 473 4795 θέρμης,
498 4731 568 4770 αντι
593 4698 627 4772 δε
651 4731 687 4770 το
712 4699 821 4770 σθέσαι
845 4699 1014 4782 κατέύαλε,
1038 4703 1081 4792 μίν
1107 4707 1187 4792 ἔχων
1206 4703 1300 4767 αὐτόν
1324 4695 1411 4767 ἑνδόν
1435 4702 1674 4793 καθειργμένον,

132 4803 233 4902 διόπερ
257 4814 375 4906 ἔπάγει·
402 4813 449 4880 wa
475 4825 596 4904 πνεῦμα
621 4813 768 4904 μολύνῃς,
792 4805 843 4879 διά
867 4823 923 4878 τοῦ
948 4815 1030 4902 ἔχειν
1055 4803 1142 4877 ἔνδον
1168 4809 1220 4874 καὶ
1245 4808 1430 4900 ἀποκρύψαι.
1456 4811 1576 4887 Ἰλικός
1601 4803 1674 4875 δὲό

165 5009 187 5082 ¹)
205 5009 243 5064 Η.
262 5008 313 5064 fol.
334 5009 394 5065 149.
962 5009 985 5082 ⁵)
1005 5009 1109 5064 Palam
1121 5013 1208 5063 vatos
1219 5005 1291 5078 agit,
1301 5004 1469 5077 desinitque
1481 5004 1512 5060 in
1525 5004 1674 5077 quoddam

164 5099 187 5171 ²)
206 5099 242 5153 Η.
262 5116 318 5154 om.
342 5106 495 5172 γνωστικὰς,
515 5100 594 5170 quod
618 5099 722 5172 glossa
747 5099 873 5171 videtur,
925 5101 1055 5170 ἐφύμνιον,
1076 5096 1133 5153 Sed
1152 5113 1171 5151 ο
1195 5113 1254 5168 quo
1272 5094 1387 5168 tripode
1407 5100 1571 5166 εισοίεῖιιτ,
1592 5094 1674 5151 dictu

131 5186 206 5243 idom
226 5205 261 5243 αο
279 5193 378 5255 νοητοῖς,
398 5193 429 5244 εί
448 5207 466 5244 a
485 5189 679 5262 sequentibus
697 5188 873 5248 derivatum.
927 5187 1061 5243 arduum.

162 5277 186 5350 ⁸)
204 5279 240 5333 Η.
259 5277 310 5334 fol.
331 5279 391 5334 150.
962 5277 984 5350 ὓ)
1003 5277 1040 5331 Η.
1059 5274 1109 5330 fol,
1130 5273 1189 5330 151.

162 5368 185 5442 ⁴)
204 5366 273 5425 Ood.
293 5367 342 5425 fol.
361 5368 423 5424 232.
961 5367 984 5440 7)
1002 5367 1038 5422 H.
1059 5365 1284 5424 fol.152.1dem
1296 5363 1382 5437 infra,
1397 5381 1491 5439 aeque
1504 5364 1672 5422 obscurum.

269 5495 365 5553 Ααεε.
384 5510 413 5562 v,
433 5493 476 5550 13.
