3944 6074
828 498 920 572 Pars
937 496 1014 570 ΙΙΙ.
1643 506 1698 564 233

153 677 195 743 Ut
211 678 299 742 enim
317 684 426 742 uatum
437 673 541 762 furor
556 695 593 740 ec
609 674 754 757 acritate,
772 673 819 738 sic
833 679 1001 760 poetarum
1016 681 1130 756 oestuo,
1148 695 1187 738 ccc
1203 673 1319 739 divina
1341 676 1524 762 symmetria
1544 678 1697 764 noscitur,

147 808 212 872 qua
235 786 302 850 diis
319 785 523 872 penitissime
545 784 791 870 conjunpuntur.

192 892 307 960 Altera
331 899 377 958 eet
394 893 512 979 poecis,
537 891 582 956 ad
605 891 816 956 eruditionem
839 899 985 976 spectant
1008 899 1036 955 ct
1059 886 1239 956 inoderatos
1261 893 1366 958 animi
1389 891 1534 980 effectur,
1559 893 1698 961 rationis

146 1001 284 1066 arbitrio
309 1002 523 1088 componitur.

198 1109 307 1175 Tertio
331 1109 463 1175 liberior
485 1119 514 1174 et
536 1108 717 1176 inconsulta
740 1109 947 1196 opinionibus
970 1118 998 1173 ct
1017 1109 1202 1194 plantariis
1219 1112 1379 1198 poscitur.

735 1312 1029 1320 μ--ῇ
1041 1313 1062 1318 .-

193 1437 238 1504 M.
262 1438 319 1504 fol.
346 1441 420 1504 101.
439 1439 497 1504 Ed.
516 1460 548 1524 p.
567 1440 642 1504 399.
660 1473 702 1485 -
719 1437 740 1502 l.
761 1439 801 1502 17
825 1429 897 1522 ἐξῃ-
996 1438 1040 1504 Μ.
1065 1437 1120 1504 fol.
1142 1439 1215 1504 102.
1234 1475 1275 1486 -·
1291 1439 1313 1506 l.
1332 1442 1373 1505 40
1390 1431 1519 1528 ὕπαρξιν
1537 1435 1626 1521 θεῶν)
1648 1437 1698 1502 irc.

151 1547 303 1637 ρημένως)
327 1540 526 1636 ἐξῃρημένος.
952 1555 1014 1609 τῶν
1039 1543 1124 1610 θεῶν.
1149 1583 1194 1594 -
1216 1547 1238 1612 l.
1264 1551 1306 1614 43
1331 1549 1556 1636 συμμετρείαν)
1580 1569 1699 1637 συμμε-

194 1657 239 1723 Μ.
263 1657 319 1723 fol.
346 1660 407 1723 101
426 1679 455 1722 v.
474 1693 512 1707 -·
531 1655 554 1721 l.
580 1659 620 1723 18
645 1665 708 1730 τοῖς
732 1653 815 1744 περὶ)
839 1665 897 1730 τῆς
951 1655 1052 1744 τρίαν.
1079 1693 1119 1703 -
1144 1652 1320 1746 ἀρορίοθοιι)
1345 1652 1526 1744 ἀφωρίσθαι.

150 1753 230 1854 cepi.
248 1801 291 1812 —
308 1765 330 1830 l.
344 1767 386 1830 24
403 1773 461 1838 τῆς
478 1764 606 1848 οἰκείοις)
622 1763 682 1835 τὴν
699 1773 757 1838 τῆς
771 1765 897 1838 οἰκείοις.
998 1763 1040 1828 M.
1066 1762 1089 1829 f.
1117 1767 1179 1830 102
1203 1787 1233 1829 v.
1258 1801 1301 1812 —
1323 1764 1346 1830 l.
1376 1767 1415 1830 51
1443 1761 1699 1853 συμμεμιγμένη)

150 1913 191 1924 --
215 1884 273 1950 τῆς
299 1864 344 1958 δὲ)
369 1872 429 1944 τὴν
453 1864 497 1940 δέ.
523 1912 564 1922 -
588 1876 609 1940 l.
636 1877 678 1940 26
709 1897 896 1962 προοτησοι-
952 1871 1302 1964 σνμ,μιγνυμένη.-1.
1325 1876 1367 1938 52
1391 1871 1467 1935 τότε
1486 1871 1550 1956 nui)
1568 1870 1643 1936 τότε
1667 1862 1701 1935 δὲ

150 1978 259 2067 μένην)
272 1979 531 2070 προστησαμένη.
546 1980 621 2046 -1,
636 1983 679 2046 27
692 1980 745 2044 τόν
762 2004 798 2044 τε
815 1981 898 2065 νοῦν)
953 1980 1016 2045 καί.
1033 2017 1075 2028 -
1092 1980 1114 2046 l.
1133 1982 1175 2045 53
1196 1977 1422 2050 ἐκπλήττοντα
1446 1979 1532 2058 τοὺς)
1551 1983 1642 2046 tucn.
1667 1970 1701 2043 ii

148 2086 185 2150 τό
210 2110 246 2150 τε
275 2097 373 2155 νοοῦν.
400 2125 440 2136 -
464 2088 486 2154 l.
511 2090 553 2154 28
578 2088 684 2151 οὐσίκν
709 2088 767 2173 ἑνί)
790 2089 895 2153 οὐσίαν
952 2086 1035 2162 τούς.
1059 2125 1104 2134 -
1127 2089 1185 2156 Ed.
1210 2112 1241 2173 p.
1267 2091 1344 2171 400,
1367 2088 1389 2154 l.
1417 2089 1433 2154 1
1466 2087 1521 2151 nui
1549 2087 1625 2174 τῶν)
1649 2087 1702 2151 καὶ

149 2197 180 2262 ὀν
204 2197 258 2263 ἑνί.
953 2207 1022 2272 τοῖς
1046 2205 1120 2262 τῶν.
1146 2235 1186 2245 -
1212 2198 1234 2262 l.
1260 2201 1279 2262 5
1304 2198 1371 2262 ἔστι
1395 2188 1441 2280 δὲ)
1465 2197 1550 2262 ἔστιν
1575 2187 1626 2270 δή.

896 2521 955 2588 VI.

196 2725 233 2809 ς’.
253 2731 329 2798 Ὀτι
353 2730 437 2797 nuci
462 2731 619 2798 iliricum.
643 2730 700 2808 τὰς
726 2743 807 2822 τρεῖς
834 2724 914 2809 ἰδίοις
939 2743 997 2807 τῆς
1022 2742 1191 2808 ποιητικῆς
1209 2723 1413 2822 ἀποδείξομεν
1436 2733 1586 2812 τοιούτοις
1610 2736 1701 2815 οὔσας

151 2845 206 2909 nui
228 2843 386 2918 τοσαύτας
402 2839 435 2926 ¹).

196 2949 416 3036 Despiciemue
440 2971 523 3037 quae
547 2958 574 3015 et
598 2957 676 3038 quot
697 2971 815 3038 ponera
832 2950 977 3037 poeticae
993 2952 1096 3038 juxto
1119 2949 1289 3018 Platonem
1313 2951 1390 3018 rint.

196 3167 398 3255 Praefatum
422 3167 542 3255 triplcoc
563 3189 663 3252 penus
681 3188 821 3253 pocccoe,
846 3168 982 3232 Platoni
1004 3177 1121 3252 notum,
1144 3167 1237 3254 apud
1258 3169 1432 3234 Homerum
1456 3169 1626 3234 inuenitur.
1651 3169 1702 3234 De

149 3278 263 3362 prima
286 3278 321 3342 in
345 3275 495 3341 Phaedro
512 3275 608 3340 Plato
625 3277 703 3361 opit,
720 3277 847 3362 ejusque
864 3275 1063 3340 diuinitatem
1079 3278 1222 3362 opnoccit
1238 3285 1266 3341 et
1285 3275 1435 3358 accabin
1453 3276 1580 3363 afflatur
1603 3277 1701 3360 enim,

155 3385 211 3468 uit,
229 3407 267 3450 oc
282 3394 385 3452 moine
401 3385 532 3449 diuinus
547 3393 601 3466 est,
615 3392 643 3448 ot
659 3383 771 3448 clareo
788 3381 952 3469 indefecta
967 3383 1011 3448 ad
1032 3385 1143 3449 Deum.
1168 3381 1258 3457 Quae
1275 3407 1324 3448 roc
1339 3384 1497 3448 humanae
1517 3384 1628 3450 divino
1653 3407 1706 3450 ore

151 3493 307 3579 prolatus,
327 3493 548 3581 perfectiores,
574 3491 775 3574 illustriores,
800 3501 828 3556 ct
850 3491 895 3555 ad
920 3513 1027 3556 oerum
1051 3491 1231 3558 doctrinam
1251 3491 1453 3556 auditoribus
1478 3491 1705 3557 commodiores

147 3599 245 3687 fucit,
270 3602 337 3665 uici
359 3600 443 3686 quod
458 3621 509 3665 coc
525 3605 678 3682 maturae,
698 3599 916 3685 consultorque
932 3601 1079 3686 requirit,
1097 3599 1243 3664 emcludit
1267 3621 1339 3665 vcro
1356 3600 1506 3686 juniores
1529 3599 1704 3683 auditores,

154 3709 270 3794 quibus
293 3708 456 3772 recondita
479 3709 596 3772 veritae
614 3729 676 3772 aon
692 3707 885 3774 enucleatur.
910 3705 1046 3773 Similia
1062 3707 1209 3773 Socrates
1225 3717 1253 3772 et
1274 3709 1375 3773 Plato
1400 3709 1435 3772 in
1458 3709 1545 3793 lonc,
1568 3709 1704 3774 ctcmbo

154 3838 226 3880 cum
248 3837 305 3880 cuo
323 3812 484 3879 Athenaeo
501 3816 591 3880 Xeno
607 3815 753 3880 diuinum
771 3813 920 3900 furorem
937 3817 1076 3882 Homero
1093 3816 1280 3882 concedunt.
1300 3855 1339 3864 —-
1359 3815 1422 3881 Sed
1437 3837 1576 3903 quonum
1596 3815 1705 3903 lapide

154 3923 256 4008 Lydio
273 3923 387 3986 diuina
403 3923 513 4009 poesis
529 3945 550 3986 a
560 3922 710 4009 profana
726 3925 922 3988 secernitur?
937 3923 1035 4010 Aqua
1051 3924 1157 3988 liceret
1172 3924 1301 4010 Proclo,
1318 3923 1397 3990 dnm
1414 3933 1485 3990 tum
1509 3922 1554 3988 ad
1569 3945 1701 4007 raucam,

154 4039 220 4094 tum
243 4031 288 4095 od
311 4031 486 4114 monadem,
511 4041 573 4096 turn
597 4031 642 4096 od
664 4030 819 4117 rapcodos
842 4053 873 4096 oc
896 4031 1007 4119 refert.

198 4136 240 4204 In
254 4139 356 4204 altera
363 4139 459 4226 poeti
470 4139 553 4204 ratio
567 4139 761 4222 dominatur,
769 4139 967 4225 prudentiae
971 4143 992 4226 j
994 4149 1098 4224 uncte,
1115 4147 1152 4206 ut
1167 4139 1348 4232 quodcirca
1361 4143 1487 4207 conata
1500 4150 1528 4206 ct
1541 4141 1624 4206 bona
1640 4149 1705 4205 tum

154 4245 258 4332 aerbo,
284 4253 350 4313 tum
376 4246 472 4334 facta
496 4258 650 4332 vereatur,
675 4249 838 4314 concinnis
861 4250 1002 4313 numeris
1025 4259 1053 4314 et
1076 4251 1228 4337 rhythmis
1251 4259 1345 4316 ornat
1367 4249 1537 4314 ceruturtice
1559 4249 1704 4332 morales,

157 4354 277 4438 optimo
293 4354 439 4440 consilia,
464 4377 584 4420 omnem
608 4357 743 4443 denique
759 4357 910 4423 uirtutem
919 4358 1086 4443 proponit.
1105 4357 1304 4448 Hujuemodi
1316 4359 1407 4444 poesi
1435 4357 1590 4444 'Ilieopnic
1598 4356 1705 4443 floret,

157 4469 185 4524 et
209 4463 276 4550 ipm
300 4463 462 4529 Homerus
485 4464 521 4528 in
544 4464 652 4530 cadom
677 4465 795 4530 multus
818 4474 870 4530 est.

155 4713 331 4783 πληρούμενον,
344 4719 387 4766 nai
401 4717 427 4766 τὸ
442 4717 485 4783 μὲν
500 4714 579 4774 dilue
593 4719 636 4766 καί
651 4717 751 4786 &rupim
765 4717 905 4786 ὑποστρων-
958 4717 1087 4787 κρείττονι,
1099 4720 1125 4769 τί
1140 4720 1165 4768 δὲ
1178 4717 1295 4786 θειότερον
1309 4717 1381 4786 μονον
1395 4713 1707 4787 ίνεργεῖν,·ὖπιστολμίνου

155 4802 243 4854 cicccc
262 4807 322 4872 πρὸς
336 4803 380 4860 τὴν
394 4805 526 4874 interulis,
542 4809 568 4857 τὸ
590 4808 615 4858 ii
635 4806 824 4875 cepturi-ecguine.
845 4811 905 4877 προς
957 4810 1001 4858 τοῦ
1015 4807 1209 4876 uenenorum
1222 4811 1264 4858 noi
1279 4806 1479 4875 ἁπονρύπτοντος
1493 4807 1516 4856 iu
1530 4807 1565 4874 τῷ
1586 4805 1707 4874 κρείττονι

156 4891 199 4947 τὴν
220 4895 352 4962 μετάδοσιν
372 4896 414 4946 τοῦ
435 4895 516 4964 φωτός
959 4897 1003 4952 τὴν
1023 4897 1143 4967 σφετέραν
1169 4897 1283 4951 ἰδιότητα
1308 4896 1539 4965 παρασκευάζουσα.
1563 4891 1706 4948 Divinum

959 4986 1081 5042 Homeri
1101 4991 1133 5042 et
1151 5003 1276 5058 poeseos
1290 4984 1472 5041 sublimioris
1486 4983 1618 5040 afflatum
1638 5001 1706 5040 cum

958 5077 1047 5148 plenu
1060 5075 1118 5132 fide
1131 5076 1255 5132 Proclus
1270 5075 1362 5132 ebibit
1376 5081 1406 5131 et
1416 5073 1527 5147 passim
1537 5073 1706 5130 inculcavit.

155 5167 222 5214 κατὰ
241 5167 268 5215 τὸ
282 5163 373 5235 λόγον,
386 5165 428 5215 ἵνα
442 5168 467 5216 δὲ
481 5165 613 5234 σύνδεσμον
633 5169 694 5218 νεῖον
715 5165 903 5236 ἀπεργαζομένη
1008 5167 1029 5239 ¹)
1057 5166 1116 5221 Vix
1144 5171 1319 5237 argumento
1348 5164 1530 5221 conveniunt
1558 5163 1589 5220 hi
1615 5163 1704 5236 tituli,

156 5257 197 5305 τσο
217 5253 444 5325 perequitasset
463 5255 617 5323 μετέχοντος,
641 5261 683 5308 ναὶ
703 5256 836 5326 σύγκρασιν
856 5256 905 5306 ἔνι·
958 5273 1034 5327 quos
1053 5255 1140 5313 facile
1162 5255 1291 5330 posteris
1310 5253 1544 5312 amanuensibus
1567 5260 1705 5327 acceptos

155 5351 232 5414 ποιὸν,
253 5349 307 5398 ὅλον
327 5351 371 5415 μίν
392 5352 418 5400 τὸ
445 5347 638 5416 καταδείστερον
658 5349 804 5417 ἑδράζουσαν
825 5347 848 5398 ἐν
868 5347 903 5414 τῷ
958 5345 1094 5402 referam.

177 5021 336 5093 Μιγνυμίνων
350 5022 372 5073 δ’
386 5022 478 5090 ὀχετῶν
493 5025 567 5092 πυρὸς
582 5024 686 5094 ἀφθίτου
700 5023 759 5095 ἔρροι
774 5027 886 5090 τελοῦσα,

297 5473 392 5526 Auni..
414 5487 442 5542 ν,
464 5471 524 5527 liti.
