3978 6070
288 511 340 566 124
574 502 742 592 Quomodo
761 510 939 578 ιιιιιίοιιίιιν
958 506 1065 596 Αριιιι,
1090 507 1269 598 Τίιειείἰω,
1292 507 1537 600 Αφιιιιιιιιιιιοιι.

286 676 340 743 Διό
364 676 417 740 καί
440 676 532 765 φησίν
557 679 587 741 ἐν
617 675 719 764 μέσοις
751 680 860 767 λαχεῖν
892 677 974 744 αότά
997 678 1057 752 τὴν
1081 673 1187 758 τάξιν,
1211 685 1251 755 ὡς
1274 692 1333 756 τῆς
1358 681 1534 770 μεσότητος
1562 685 1618 747 οἰκ
1642 675 1830 772 έξιστάμενα

286 795 343 861 τῆς
368 783 570 874 ἀνθρωπίνης.
595 790 630 848 Εἰ
654 776 687 850 δέ
711 779 748 857 δὴ
775 786 835 858 τὴν
859 788 989 863 Αἴαντος
1016 787 1160 859 εἰκοστὴν
1178 783 1260 854 εἶπεν
1277 793 1399 878 λαχεῖν,
1420 780 1566 862 δηλούτω
1584 790 1649 877 μέν,
1673 797 1700 856 εἰ
1717 791 1829 875 βούλει,

286 883 337 959 διά
360 903 418 969 τῆς
443 886 601 970 εἰκυσάδος
625 892 685 966 τὴν
711 893 794 958 κατά
819 891 914 983 θυμόν
937 888 1020 973 ζωὴν
1040 906 1199 986 προοεχῶς
1217 889 1352 962 ἑκόάσαν
1379 899 1440 962 ἀπὸ
1464 909 1522 974 τῆς
1546 898 1630 962 κατά
1653 901 1760 989 λόγον·
1784 910 1829 982 τῷ

286 1001 340 1090 μὲν
364 1002 449 1092 λόγῳ
473 1011 531 1075 τῆς
555 991 684 1076 δεκάδος
707 1001 893 1091 πρεπούσης,
919 1003 1021 1092 ὥσπερ
1046 1012 1091 1086 τῷ
1115 1013 1156 1086 νῷ
1180 1014 1238 1080 τῆς
1263 995 1407 1092 μονάδος,
1429 1015 1474 1088 τῷ
1499 996 1532 1070 δὲ
1556 1004 1643 1095 θυμῷ
1666 1017 1725 1082 τῆς
1749 1013 1831 1072 εἰκο-

245 1133 258 1170 ι
285 1099 389 1192 οάδος,
413 1115 452 1184 ὡς
478 1107 561 1198 μετά
584 1109 679 1199 λόγον
711 1110 905 1200 τεταγμένῳ.
935 1117 1074 1175 Τοιαῦτα
1105 1109 1164 1201 γάρ
1196 1116 1212 1175 ό
1242 1111 1393 1204 ῆμέτερυς
1425 1118 1586 1204 φιλοσοφεῖ
1615 1115 1686 1206 περὶ
1709 1115 1829 1180 τούτων

285 1218 401 1308 πατήρ·
429 1209 575 1291 δηλούτω
599 1209 632 1282 δὲ
657 1216 711 1282 καί
734 1217 792 1282 όσα
808 1217 934 1306 φησίνὸ
951 1216 1128 1308 Πορφύριος,
1145 1217 1215 1310 παρ’
1234 1222 1414 1310 Αἰγυπτίων
1436 1220 1577 1310 μαθόντα
1594 1223 1649 1288 τόν
1675 1223 1831 1288 Πλάτωνα

285 1325 355 1414 περὶ
379 1335 441 1390 τῶν
467 1329 660 1417 ἀναφυρικῶν
684 1326 802 1417 χρόνων
819 1318 1030 1392 ἐνδείκνυσθαι
1047 1318 1098 1391 διά
1113 1327 1246 1411 τούτων,
1262 1334 1302 1404 ὡς
1320 1329 1379 1419 ἀρα
1402 1329 1486 1395 κατά
1509 1331 1566 1408 τάς
1591 1329 1744 1422 άναφοράς
1766 1341 1829 1396 τῶν

285 1433 356 1510 τοὺς
382 1435 465 1518 βίους
490 1429 656 1525 ὁριζόντων
673 1434 804 1524 χρόνων,
820 1434 965 1509 εἰκοστὴν
982 1429 1047 1524 εἶχε
1064 1429 1153 1514 τάξιν
1169 1442 1189 1510 ῆ
1208 1448 1262 1501 τοῦ
1280 1438 1414 1514 Αἴαντος
1432 1437 1510 1511 αύτύ,
1537 1435 1635 1528 ψυχά,
1658 1439 1712 1503 καὶ
1735 1449 1830 1504 τοῦτο

286 1535 472 1608 ἀποβλέπων
496 1547 537 1616 εἰς
561 1543 599 1607 τό
622 1552 702 1625 πάν,
727 1547 743 1606 ὁ
774 1535 875 1608 τῶνδε
905 1555 968 1608 τῶν
999 1543 1103 1635 λόγων
1127 1545 1262 1638 ἄγγελος
1285 1544 1411 1636 ἠρίθμει
1441 1545 1501 1618 τὴν
1528 1541 1635 1625 τάξιν,
1659 1547 1743 1638 λέγω
1767 1557 1829 1611 τῶν

233 1672 258 1711 ιο
285 1648 391 1740 ψυχῶν
415 1661 478 1715 τῶν
502 1650 633 1742 πρώτων
658 1651 677 1723 ἢ
704 1643 854 1742 δευτέρων
879 1653 898 1724 ἢ
924 1657 1090 1730 εἰκοστῶν,
1115 1653 1134 1727 ἢ
1160 1653 1263 1729 άλλως
1288 1657 1426 1719 ὁπωσοῦν
1454 1656 1652 1746 αἱρουμένων.
1677 1657 1737 1721 Καί
1768 1655 1828 1747 γάρ

284 1763 376 1846 ῆμεῒς
401 1758 587 1848 ἐνετύχομεν
612 1760 754 1850 σφαίραις
780 1753 981 1851 βαρόαρικαῖς
1006 1763 1186 1852 Αιγυπτίων
1210 1763 1265 1827 καί
1289 1768 1357 1828 Χαλ

284 1981 308 2044 f.
336 1979 417 2043 175:
443 1966 554 2057 δαίων,
578 1972 662 2038 κατά
691 1974 758 2061 [τάς
782 1976 895 2065 Μοίρας
911 1964 939 2061 ¹)
959 1986 1014 2040 τοῦ
1039 1967 1192 2053 ζωδιακοῦ
1209 1975 1266 2052 τάς
1283 1986 1345 2040 τῶν
1371 1979 1444 2062 βίων
1465 1968 1611 2068 διαφοράς
1636 1976 1830 2068 μετροόσαις,

285 2086 338 2150 καί
360 2085 420 2158 τὴν
446 2084 501 2173 μὲν
525 2082 706 2169 ποιούσαις]
734 2083 884 2172 εἰτύχοι,
911 2083 1087 2167 βασιλικὴν,
1104 2085 1163 2156 τὴν
1185 2077 1229 2170 [δὲ
1245 2079 1326 2164 ἑξῆς,
1351 2089 1367 2149 ὁ
1392 2087 1445 2150 καί
1472 2078 1662 2178 πα]ράδυξον
1686 2087 1831 2164 ἀκούσαις

285 2194 455 2285 ἐμπορικήν
479 2217 562 2275 τινα,
586 2193 640 2256 καί
663 2192 785 2266 ταύτην
809 2194 934 2282 χείρονα
957 2203 1015 2269 τῆς
1040 2188 1131 2277 ζωῆς,
1157 2194 1211 2259 καὶ
1235 2194 1337 2267 ἄλλην
1356 2194 1465 2284 ἱερέως,
1484 2197 1539 2260 καί
1553 2196 1612 2268 τάν
1638 2195 1706 2284 μετ’
1733 2197 1831 2268 αὐτὴν

228 2317 257 2355 ¹⁵
286 2294 409 2387 δούλου,
433 2301 487 2367 καὶ
512 2302 548 2366 τὸ
571 2291 664 2366 τοῦδε
686 2311 788 2390 χεῖρον
814 2299 1122 2390 ἀπηρυθριακότος’)
1146 2303 1220 2391 πρός
1237 2300 1296 2373 τὴν
1314 2301 1425 2393 άρρενα
1445 2303 1543 2394 φύσιν.
1568 2305 1620 2381 Ὠς
1644 2296 1732 2372 οὐδὲν
1757 2299 1829 2368 θαυ-

286 2411 407 2501 μαστόν
431 2411 485 2475 καί
507 2409 565 2486 τάς
583 2411 775 2500 συγκληρους
793 2406 894 2499 ψυχάς
911 2411 948 2474 τό
964 2421 1115 2499 πρωτεῖον
1133 2409 1284 2499 ἔχεινκαὶ
1303 2410 1395 2499 μέσον
1414 2411 1467 2474 καὶ
1483 2413 1619 2502 ἔσχατον
1637 2410 1722 2477 κατά
1737 2410 1794 2488 τάς
1806 2410 1830 2496 ³)

286 2520 440 2613 ἀναφοράς
464 2529 526 2584 τῶν
552 2525 691 2609 Μοιρῶν,
715 2519 798 2608 εἰπερ
823 2517 876 2582 καί
900 2523 932 2581 αἰ
956 2509 1100 2607 διαφοραί
1122 2525 1185 2580 τῶν
1211 2519 1283 2602 βίων
1312 2517 1383 2583 κατ’
1408 2518 1523 2597 αύτάς,
1548 2525 1588 2596 ῶς
1612 2525 1644 2583 αἰ
1670 2521 1830 2610 εἰρημέναι

286 2642 414 2720 σφαῖραι
438 2619 706 2717 διασημαίνουσιν,
731 2621 773 2690 ὧν
798 2627 871 2714 μίαν
888 2625 960 2691 τινά
977 2625 1116 2717 Κύρατος
1126 2626 1153 2709 ⁴)
1176 2629 1412 2717 έπιγραμμένην
1428 2628 1567 2718 εὕρομεν,
1584 2631 1638 2694 καί
1662 2629 1763 2702 ἀλλην
1789 2634 1830 2704 εἰς

286 2735 382 2801 ἄλλον
402 2735 633 2826 ἀναφερομένην
650 2734 773 2826 πατέρα
789 2744 851 2798 τῶν
868 2735 981 2825 λόγων·
998 2735 1101 2810 πάσας
1119 2725 1163 2818 δὲ,
1180 2737 1253 2825 ὅπερ
1272 2737 1358 2826 ἔφην,
1376 2738 1430 2801 τόν
1449 2739 1514 2822 βίον
1531 2749 1602 2814 ταῖς
1625 2749 1687 2804 τῶν
1712 2744 1831 2829 Μοιρῶν

231 2876 258 2913 ιι
287 2838 489 2935 ἀφοριζούσας
515 2835 676 2920 ἰδιότησιν,
694 2838 734 2919 ὡς
750 2853 805 2908 τοῦ
822 2854 909 2908 ποιοῦ
926 2855 981 2908 τοῦ
998 2843 1082 2908 κατά
1098 2843 1170 2919 τούς
1189 2845 1272 2928 βίους
1289 2845 1550 2934 ἀποτελουμένου,
1568 2836 1620 2910 διά
1636 2845 1707 2922 τούς
1732 2857 1793 2911 τῶν
1807 2849 1831 2932 ⁵)

287 2954 422 3045 ἀστέρων
435 2955 509 3042 πρὸς
525 2952 581 3024 τὴν
599 2962 707 3042 μοῖραν
724 2952 1011 3040 συσχηματισμούς.
1027 2991 1068 3000 -
1085 2953 1215 3029 Τούτοις
1231 2955 1334 3018 τοίνυν
1347 2955 1536 3042 ἑπομένωςῆ
1553 2964 1608 3019 τοῦ
1620 2959 1831 3045 γελωτοποιοῦ

286 3063 437 3152 Θερσίτου
451 3059 534 3152 ψυχὴ
548 3060 680 3134 πίθηκον
692 3052 842 3138 ἐνεδύετο,
854 3063 956 3148 φησίν·
968 3062 1177 3153 γελωτοποιός
1192 3060 1246 3150 μὲν
1261 3055 1312 3126 οὖν
1323 3057 1360 3135 ἦν
1373 3065 1536 3152 Θερσίτης,
1553 3071 1565 3100 “
1578 3065 1627 3127 ότι
1638 3068 1666 3128 οἱ
1678 3065 1795 3128 εἴσαιτο
1807 3065 1831 3145 6)

286 3173 420 3262 γελοίϊον
444 3170 629 3261 Ἀργείοισιν
643 3221 669 3250 ,,
694 3169 804 3260 λέγων·
822 3168 877 3233 τόν
895 3160 929 3234 δέ
944 3168 1078 3242 πίθηκον
1095 3159 1238 3234 ἐνδύεται
1255 3160 1306 3234 διά
1319 3167 1345 3252 ²)
1370 3169 1428 3242 τὴν
1445 3163 1537 3236 τοῦδε
1554 3182 1609 3236 τοῦ
1626 3165 1707 3250 ζώου
1732 3171 1831 3260 φύσιν,

286 3280 527 3370 καταγέλαστον
552 3277 648 3354 ὄντως
682 3271 776 3342 ούσαν
800 3287 845 3361 τῷ
878 3276 1039 3366 μίμεῖσθαι
1069 3277 1129 3351 τὴν
1154 3275 1315 3367 ἀνθρώπου
1340 3271 1442 3360 ζωὴν,
1466 3281 1539 3342 ἀλλ’
1564 3278 1615 3342 ἐπὶ
1636 3280 1673 3343 τό
1699 3281 1833 3367 αἴσχιον.

231 3415 258 3452 ιι
282 3386 385 3465 Ἀπας
409 3383 460 3454 οὖν
486 3387 568 3477 μετά
591 3399 646 3453 τοῦ
664 3392 792 3478 αἰσχροῦ
809 3387 862 3450 καί
878 3386 1022 3462 ἀσθενοῦς
1040 3390 1160 3478 γελοῖος
1177 3385 1229 3465 ὢν,
1246 3384 1480 3475 πιθηκόμορφός
1505 3390 1599 3450 ἐστιν·
1624 3387 1725 3476 ὥσπερ
1749 3392 1832 3452 λεον-

205 3551 208 3556 .
286 3497 441 3588 τόμορφος
465 3503 480 3562 ὁ
506 3489 645 3587 ἀνδρικὸς
671 3495 752 3586 μετά
776 3499 950 3586 φιλονείκου
974 3497 1027 3561 καὶ
1052 3494 1180 3584 θυμικυῦ
1203 3493 1340 3572 πάθους,
1364 3495 1419 3559 καί
1450 3495 1639 3584 ἀετόμορφος
1672 3496 1832 3580 βασιλικός

287 3605 369 3694 μετά
392 3616 449 3682 τῆς
473 3605 548 3698 πρός
572 3607 610 3671 τό
634 3605 824 3696 ἀνθρώπινον
848 3603 935 3696 γένος
959 3602 1139 3693 ἑμπαθείας,
1164 3605 1219 3668 καί
1242 3606 1294 3692 ἀφ’
1320 3603 1460 3668 ἑκάστων
1485 3603 1598 3691 τρόπος
1622 3607 1638 3667 ὁ
1663 3605 1767 3682 αὑτός,
1790 3602 1832 3669 τά

288 3714 343 3802 μὲν
368 3705 434 3788 εἴδη
460 3725 519 3792 τῆς
541 3709 623 3793 ζωῆς
645 3707 818 3805 λαμόάνων
843 3713 904 3778 ἀπό
928 3722 992 3777 τῶν
1016 3717 1156 3802 ἡρωϊκῶν
1181 3709 1298 3802 ψυχῶν,
1323 3710 1364 3778 τά
1390 3704 1423 3776 δὲ
1447 3711 1509 3777 ἀπό
1532 3721 1591 3788 τῆς
1617 3717 1684 3777 ίστο

287 3933 310 3998 f.
338 3933 399 3999 175
424 3955 472 3998 v.:
502 3932 578 4018 [φίας
592 3928 617 4013 ⁸)
642 3929 695 4003 ἔθη
721 3928 853 4019 προστιθ
869 3983 875 3997 .
891 3950 976 3999 ..ον’
1002 3933 1112 3994 ἐκεῖνοι
1131 3928 1184 4017 μέν
1204 3928 1284 4018 μετά
1308 3929 1365 4008 τάς
1390 3935 1506 3995 ἐκτῶν
1531 3929 1686 4019 σωμάτων
1710 3921 1832 4009 ἐξόδους

231 4054 258 4092 ³⁰
288 4038 527 4130 ἀπαλλαγέντες
550 4038 707 4131 χωριστὴν
725 4040 818 4128 ἔσχον
835 4031 918 4117 ζωὴν
936 4038 1093 4130 γενέσεως.
1112 4042 1151 4103 Οί
1167 4028 1201 4104 δέ
1217 4039 1322 4126 ὅμοιον
1341 4039 1394 4126 μὲν
1411 4040 1537 4114 ἐκείνοις
1562 4039 1688 4129 ἔχοντες
1710 4040 1749 4105 τό
1773 4049 1831 4116 τῆς

287 4141 379 4234 ζωῆς]
399 4139 477 4224 εἶδος
490 4145 515 4236 ⁹)
531 4159 596 4223 τοίς
614 4139 648 4212 δὲ
662 4147 791 4214 πάθεσιν
804 4149 1009 4238 ὲνισχόμενοι,
1025 4147 1178 4223 τοιούτοις
1190 4141 1279 4232 ζῴοις
1293 4149 1415 4237 ἀλόγοις
1436 4144 1646 4230 ἀνῳκίσθησαν
1664 4147 1830 4238 μονονουχὶ

289 4259 375 4342 βοάν·
400 4256 531 4327 Οἰητέον
555 4255 610 4320 τόν
627 4255 769 4346 παρόντα
794 4256 899 4347 μῦθον,
925 4255 968 4346 μὴ
987 4255 1029 4320 τά
1047 4246 1199 4320 δοκοῦντα
1216 4249 1293 4320 εἰναι
1310 4253 1413 4346 ἀγαθά
1431 4253 1512 4343 μετά
1531 4253 1650 4332 παθῶν,
1675 4249 1699 4320 ὦ
1723 4255 1831 4345 ψυχαί,

288 4362 486 4453 μετίρχεσθε·
504 4373 598 4429 τοῦτο
615 4361 674 4454 γάρ
691 4370 770 4452 ὑμᾶς
783 4371 823 4442 εἰς
837 4367 967 4457 ἀλογίαν
981 4357 1120 4442 κατάξει,
1133 4369 1206 4453 παρ’
1221 4359 1239 4449 ᾖ
1259 4371 1392 4452 φυσικῶς
1409 4365 1477 4428 ἐστὶ
1492 4373 1596 4428 ταῦτα
1609 4363 1662 4426 καί
1674 4362 1831 4452 ἐμπαθῶς,

287 4467 349 4536 οἷον
366 4473 421 4536 τὀν
439 4471 587 4560 μουσικόν
603 4469 640 4560 ¹⁰)
657 4478 696 4547 εἰς
714 4473 829 4564 ἀλογον
846 4472 1008 4564 μουσικὴν,
1024 4475 1079 4538 τόν
1097 4465 1237 4552 ἀνδρικόν
1259 4477 1300 4547 εἰς
1317 4471 1432 4562 ἀλυγον
1451 4465 1591 4563 ἀνδρέιαν
1603 4469 1654 4559 ¹¹),
1670 4473 1725 4535 τόν
1745 4473 1834 4554 βασι-

233 4593 259 4630 ³⁵
286 4580 374 4644 λικόν
398 4585 439 4655 εἰς
464 4579 579 4670 ἄλογον
605 4581 846 4664 βασιλείαν,καί
869 4582 992 4655 ποιήσει
1011 4580 1149 4657 κύκνους,
1166 4581 1305 4663 λέοντας,
1332 4581 1450 4656 ἀετούς·
1476 4580 1627 4672 ἔστιγὰρ
1651 4591 1754 4646 ταῦτα
1778 4581 1833 4645 καὶ

288 4687 409 4779 ἀλόγως
434 4689 515 4778 ἔχειν
539 4687 593 4752 καί
608 4691 750 4780 λογικῶς·
768 4701 853 4754 ποιεῖ
867 4681 900 4756 δὲ
917 4691 1047 4781 ἀλογίαν
1065 4688 1208 4780 ἐμπαθάς
1227 4683 1304 4772 ζωὴ,
1322 4691 1376 4754 καί
1393 4689 1585 4780 ἀνθρωπίνην
1603 4689 1735 4766 ἀπαθής.
1754 4688 1834 4754 Ὀτι

325 4903 347 4975 ¹)
367 4902 407 4957 M.
427 4909 469 4956 καί
489 4908 533 4963 τάς
553 4906 647 4974 μοίρας.
661 4902 774 4960 Iterum
793 4902 879 4977 plura
896 4903 938 4960 M.
957 4922 1013 4962 om.
1134 4908 1157 4981 ⁷)
1176 4908 1212 4963 A.
1231 4907 1251 4963 f.
1272 4908 1332 4962 111.

323 4993 349 5065 ²)
366 4993 405 5049 M.
425 4995 608 5065 ἢρνθριακότιι.
1134 4998 1157 5070 ⁸)
1176 4997 1215 5053 M.
1229 5013 1285 5053 om.
1301 4993 1564 5070 sequentiamque
1576 4995 1615 5053 ad
1627 5000 1648 5050 οἱ
1662 4999 1687 5050 δὲ
1700 4998 1790 5067 ὅμοιον.

323 5083 345 5152 ³)
363 5081 403 5136 M.
423 5083 526 5150 ἔσχατον
547 5089 579 5135 τὰ
598 5087 650 5143 τάς.
1134 5087 1157 5154 ⁹)
1176 5085 1216 5140 M.
1237 5081 1298 5146 ιίδος
1319 5087 1358 5145 ὡς.

323 5171 347 5245 ⁴)
366 5171 405 5226 M.
425 5177 522 5242 κράτος.
542 5171 612 5230 Ood.
632 5178 742 5246 κύματος.
1124 5176 1159 5250 ¹⁰)
1177 5175 1216 5231 M.
1236 5193 1291 5230 om.
1313 5177 1345 5235 ιἰς
1366 5179 1454 5248 ἀλογον
1474 5178 1594 5246 μινσικὴν
1614 5181 1655 5230 τόν
1668 5179 1779 5248 ἀνδρικόν
1800 5179 1835 5239 εἰς

325 5261 348 5333 ⁵)
368 5259 407 5315 M.
428 5279 484 5317 om.
504 5265 559 5315 τῶν.
1088 5269 1185 5337 ἄλογον.

325 5351 348 5423 ⁶)
367 5351 402 5405 A.
423 5352 486 5404 ιίσαι
509 5357 532 5404 τί
552 5357 605 5423 γιλ.
625 5351 668 5409 Cf.
687 5351 722 5408 Π.
740 5354 777 5420 B',
795 5352 857 5409 215.
1124 5353 1159 5428 ¹¹)
1177 5355 1212 5411 A.
1233 5356 1339 5425 ἀνδρίαν.
