3940 6072
752 543 794 616 ιίσ
821 541 951 616 Ησνόίε
978 545 1037 614 σία.
1614 546 1668 604 νυν

118 710 152 786 δὲ
175 710 255 796 εἶδος
278 721 388 800 αὐτῆς,
414 715 487 782 ὡσεί
510 713 663 807 παρθένου
679 715 716 804 ¹),
733 725 774 800 τῇ
794 713 849 804 μέν
873 713 1019 802 εὐωνύμῳ
1035 712 1117 803 χειρί
1133 723 1293 803 κρατοῦσα
1315 711 1436 804 πηγήν,
1460 723 1500 800 τῇ
1528 703 1562 780 δέ
1584 704 1671 798 δεξιᾷ

119 819 243 919 ῥάβδον·
267 825 321 892 καί
344 827 569 891 κατακλείεται
585 823 644 889 ὑπὸ
661 824 716 889 τόν
732 820 819 888 λίθον
836 821 930 911 άκρον
946 832 1067 894 πτηνοῦ
1084 821 1213 904 νήσσης,
1238 821 1292 886 καί
1315 820 1417 912 βραχὺ
1442 831 1499 898 τῆς
1521 819 1671 907 βοτάνης.

120 933 193 1001 Ἐάν
211 927 263 1000 οὖν
280 933 340 1008 τήν
358 924 516 1024 σφραγῖδα
532 932 655 1006 ταύτην
668 929 874 1022 προσαγάγῃς
887 921 1144 1020 δαιμονιζομένῳ,
1155 933 1336 1023 παραυτίκα
1349 935 1365 996 ό
1379 923 1499 1020 δαίμων
1515 924 1672 1020 φτόξεται.

141 1319 143 1324 ,
268 1273 375 1366 Ἀρχή·
393 1285 448 1341 τοῦ
473 1278 508 1338 Ξ.
533 1277 627 1366 Ξίφος
651 1274 784 1360 βοτάνη,
808 1267 892 1365 ξίφος
916 1273 1011 1352 λίθος,
1036 1269 1120 1365 ξίφος
1145 1277 1276 1355 πτηνόν,
1302 1269 1402 1368 ξιφίας
1428 1277 1522 1369 ίχθός.

163 1471 229 1558 [Ex
251 1483 309 1548 τῆς
335 1471 473 1557 βοτάνης
496 1473 740 1564 παρασκείιεται]
769 1473 864 1564 μόρον
896 1478 967 1540 ὁὲν
991 1485 1057 1549 τοῖς
1091 1479 1256 1564 ἱερατικοῖς
1281 1463 1413 1558 βιβλίοις
1427 1471 1454 1559 ’)
1477 1472 1671 1561 καλούμενον
1763 1516 1764 1519 =

119 1580 267 1645 σούσινον.
291 1586 342 1646 Ἐν
368 1573 402 1647 δέ
425 1590 470 1666 τῷ
493 1579 571 1666 λίθῳ
595 1574 762 1673 (ἐξαίρετος
786 1571 821 1647 δε
845 1587 876 1648 ὲν
901 1593 941 1668 τῇ
967 1593 1008 1672 γῇ
1034 1573 1256 1667 Καππαδοκίᾳ,
1273 1583 1304 1646 ἐν
1321 1591 1362 1667 τῇ
1388 1574 1569 1665 Ναζιαηζῷ)
1594 1585 1670 1673 γλυ·

117 1689 249 1779 ρόμενος
272 1683 368 1783 ίιραξ,
392 1692 446 1756 καί
468 1691 528 1756 ὑπό
552 1688 623 1767 τοὺς
639 1681 738 1767 πόδας
758 1693 854 1756 αὐτοῦ
871 1695 886 1754 ό
905 1690 1000 1781 ἰχθὺς,
1017 1692 1077 1756 ὑπὸ
1093 1682 1128 1756 δέ
1144 1691 1198 1756 τόν
1215 1689 1301 1756 λίθον
1318 1696 1337 1765 ή
1358 1683 1426 1782 ῥίζα
1448 1701 1506 1767 τῆς
1532 1690 1670 1775 βοτάνης

118 1799 381 1888 κατακλειομένη,
406 1799 620 1891 φυλακτήριον
644 1801 776 1891 γίνεται,
800 1801 853 1866 καί
877 1798 929 1867 ἐάν
954 1798 1009 1887 θῇς
1034 1801 1111 1866 αὐτὸ
1136 1803 1167 1866 έν
1191 1793 1272 1884 ζώῳ,
1297 1799 1424 1889 μαθήσῃ
1442 1803 1516 1893 παρ’
1541 1798 1671 1866 αῦτοῦό

119 1905 155 1970 ἃν
182 1906 294 1996 βούλῃ.

196 2233 296 2325 Ἀρχὴ
321 2246 377 2302 τοῦ
401 2242 436 2304 0.
462 2233 637 2327 Ὀνόθυρσις
662 2235 795 2322 βοτάνη,
820 2229 913 2328 όρτυξ
936 2236 1068 2314 πτηνόν,
1091 2235 1184 2326 ὄρρος
1209 2231 1306 2325 ίχθὺς,
1329 2235 1478 2325 όνυχίτης
1501 2231 1595 2312 λίθος.

165 2444 287 2540 ’Όρτυξ
301 2452 325 2540 ⁸)
349 2451 469 2525 πτηνόν
492 2457 561 2518 ἐστι
575 2462 652 2519 πᾶσι
672 2452 823 2544 γνωστόν.
848 2454 881 2519 Ἡ
906 2455 1013 2544 μέντοι
1029 2453 1145 2546 γένεσις
1162 2457 1269 2540 αὐτοῦ,
1284 2451 1379 2520 πόθεν
1395 2453 1432 2519 τέ
1452 2457 1536 2518 ἐστιν
1561 2452 1615 2518 καί
1639 2458 1670 2520 ἐν

118 2561 197 2642 ποίῳ
220 2559 308 2644 τόπῳ
332 2561 464 2650 γίνεται,
489 2552 601 2650 σχεδὸν
624 2560 710 2652 παρά
732 2571 826 2627 πᾶσιν
851 2565 1030 2655 ἀγνοεῖται·
1054 2565 1121 2630 ἔστι
1146 2554 1180 2628 δέ
1202 2569 1222 2633 ή
1246 2563 1364 2654 γένεσις
1388 2565 1495 2645 αὐτοῦ,
1518 2567 1559 2639 ὡς
1582 2561 1669 2654 παρά

121 2677 183 2732 τῶν
208 2659 336 2732 εἰδότων
361 2661 493 2757 ἀκριβῶς
519 2670 740 2760 ἱστορήσαμεν,
765 2671 857 2745 αὕτη·
882 2673 959 2736 όταν
983 2673 1135 2763 χείμωνες
1159 2673 1296 2762 μεγάλοι
1318 2673 1481 2764 γίνωνται’
1498 2669 1583 2737 κατά
1611 2670 1671 2745 τήν

118 2767 246 2861 Λιβόην,
263 2781 293 2842 ὲν
318 2788 384 2854 τοῖς
405 2777 480 2869 πρός
497 2779 551 2843 τὀν
575 2779 722 2868 Αἰγιαλόν
745 2777 1117 2871 ἑρημικωτίροιςμέρεσι,
1134 2776 1205 2844 κατ’
1224 2777 1324 2852 αὑτήν
1340 2771 1469 2862 Διβύην,
1487 2785 1507 2854 ή
1525 2777 1670 2845 θάλασσα

119 2883 161 2948 τά
184 2887 215 2950 ίν
240 2888 321 2971 αὐτῇ
347 2886 483 2976 μέγιστα
499 2887 596 2960 κήτια
612 2888 803 2978 προρρίπτει·
820 2896 924 2953 ταῦτα
945 2887 1107 2965 σκώληκες
1123 2897 1262 2954 ποιοῦσιν
1285 2888 1337 2953 ίπί
1360 2887 1478 2977 ήμίρας
1504 2889 1555 2970 ια’,
1580 2891 1612 2952 αί
1636 2879 1671 2953 δέ

120 2990 280 3068 σκώληκες
304 2987 489 3083 ἀμείβονται
511 2999 551 3070 είς
577 2993 667 3085 μυάς,
683 2989 753 3060 εἶτα
768 3000 810 3071 τίς
827 2987 966 3085 άκρίδας,
984 2996 1078 3061 αὐταί
1094 2987 1128 3062 δέ
1143 2988 1352 3084 αὐξανόμεναι
1368 2996 1509 3086 γίνονται
1529 2994 1672 3087 ὄρτυγες.

124 3095 201 3164 Εἶτα
216 3101 307 3166 νότου
330 3101 445 3190 ἀνέμου
469 3102 632 3194 γινομένου
656 3102 676 3174 ἣ
702 3095 878 3185 λιβονότου,
902 3094 1155 3194 διαπεραιοῦνται
1171 3103 1231 3175 τήν
1248 3101 1421 3179 θάλασσαν,
1446 3102 1501 3168 καί
1524 3105 1672 3194 ἔρχονται

121 3212 161 3283 είς
185 3211 372 3299 Παμφυλίαν
397 3210 451 3275 καί
467 3213 610 3275 Κιλικίαν
634 3209 688 3274 καί
710 3213 838 3300 Καρίαν,
863 3209 947 3276 άλλά
971 3203 1008 3282 δὴ
1034 3210 1088 3275 καί
1112 3209 1171 3283 τήν
1195 3209 1341 3303 Θρᾴκην·
1365 3210 1420 3276 καί
1442 3209 1538 3275 πάλιν
1564 3209 1672 3300 βορίου

119 3314 327 3405 φυσήσαντος,
352 3319 543 3407 ἀφίστανται
566 3324 606 3394 είς
630 3318 702 3395 τοὺς
725 3318 1000 3410 παραθαλασσίους
1017 3319 1141 3395 τόπους,
1158 3329 1216 3395 τῆς
1240 3341 1277 3384 τε
1297 3316 1467 3408 Ἀσσυρίων
1491 3317 1595 3409 χώρας
1617 3317 1673 3383 καί

119 3431 177 3498 τῆς
196 3416 400 3514 Μεγανιτῖδος
416 3435 485 3517 γῆς.
503 3425 561 3492 Διά
576 3436 650 3518 γοῦν
668 3427 705 3492 τό
723 3417 970 3518 δυσδιάγνοστον
985 3437 1043 3503 τῆς
1060 3426 1209 3517 γενέσεως
1227 3429 1340 3508 αὐτῶν,
1358 3431 1542 3518 ἀγνοοῦντες
1567 3424 1669 3500 αὐτὴν

120 3536 148 3595 οί
171 3542 228 3607 τῆς
252 3534 359 3624 σοφίας
383 3534 524 3622 άμὺετοι,
551 3534 750 3601 παντάπασιν
775 3535 954 3626 ἀγνοεῖσθαι
977 3534 1099 3608 ταύτην
1124 3537 1225 3626 φασίν.
1244 3575 1284 3586 -
1299 3540 1359 3611 Ἐἰς
1383 3527 1417 3602 δέ
1440 3535 1495 3600 τόν
1520 3536 1670 3625 όνυχίτην

118 3637 204 3704 λίθον
229 3643 258 3722 (ὁ
282 3641 335 3705 καί
357 3641 547 3730 καλούμενος
573 3631 744 3732 σαρδόνιος)
769 3640 887 3733 γλόβον
913 3645 1041 3735 ὄρτυγα,
1065 3644 1120 3710 καί
1146 3645 1205 3710 ὑπὸ
1228 3643 1301 3721 τοὺς
1332 3635 1431 3720 πόδας
1456 3645 1552 3710 αὑτοῦ
1575 3643 1670 3733 όρρον
1730 3623 1737 3639 ’

120 3745 216 3835 ίχθόν·
240 3751 275 3812 ἐκ
299 3738 333 3814 δέ
356 3761 412 3815 τοῦ
437 3748 583 3842 ῥηθέντος
607 3749 806 3842 συνθήματος
829 3744 992 3817 ὑπόβαλλε
1014 3751 1076 3818 ὑπὸ
1100 3752 1154 3817 τόν
1178 3749 1276 3835 λίθον,
1300 3751 1356 3817 καί
1378 3761 1533 3843 φοροῦντα
1556 3742 1591 3817 δέ
1614 3751 1669 3816 τόν

118 3848 287 3924 δακτύλιον
312 3850 410 3936 οὐδείς
433 3855 557 3948 ὄψεται,
582 3852 653 3927 οὐδὲ
677 3859 730 3927 ἐάν
756 3855 899 3950 βαστάζῃ
925 3861 958 3925 τί
981 3869 1044 3926 τῶν
1068 3859 1181 3929 όντων.

374 4181 472 4275 Ἀρχὴ
498 4193 554 4250 τοῦ
563 4189 615 4250 ·11.
639 4183 815 4277 Πολόγονος
840 4183 960 4270 βοτάνη
986 4189 1005 4250 ό
1025 4185 1192 4277 λεγόμενος
1216 4193 1414 4277 χαμιμῆτον,

194 4290 334 4383 πυρφόρα
359 4290 515 4358 θαλασσία
538 4298 558 4368 ή
583 4293 738 4385 λεγομένη
765 4293 921 4386 κογχόλη,
944 4295 1135 4386 πορφυρίτης
1157 4292 1253 4378 λίθος,
1276 4293 1441 4385 πορρόριον
1465 4293 1596 4368 πτηνόν.

164 4513 229 4586 Τῆς
246 4504 297 4575 οὖν
317 4510 452 4594 βοτάνης
470 4517 489 4587 ἡ
509 4506 588 4604 ῥίζα,
606 4505 843 4603 λαμβανομένη,
860 4507 1127 4604 ληξιρογουμίνη,
1144 4519 1202 4587 τῆς
1219 4511 1355 4588 σελήνης
1370 4509 1671 4603 ίφιγμένης,-οόκέτι

118 4619 265 4684 ἐλλείπει·
290 4610 356 4687 ὁδί
377 4620 473 4710 χυλός
497 4612 721 4708 σκευαζόμενος
737 4624 777 4695 ὡς
797 4619 962 4686 ὑπόκειται
977 4621 1052 4710 πρός
1078 4618 1132 4708 μίν
1154 4617 1240 4693 πάθη
1266 4617 1308 4686 τά
1331 4623 1362 4685 'ev
1384 4616 1555 4710 όρθαλμοῐς
1580 4618 1671 4711 θερα-

116 4727 294 4807 πευητικός,
311 4732 390 4814 ἐστι,
413 4729 473 4794 όπδ
496 4733 624 4795 πολλῶν
647 4726 708 4820 γάρ
731 4726 839 4793 παθῶν
863 4738 1040 4820 πιιρσῦντοιι
1063 4733 1093 4792 οί
1108 4725 1278 4817 ὀφθαλμοί,
1294 4727 1387 4793 ἅτινα
1412 4731 1479 4793 ίστι
1503 4737 1669 4793 ταῦτα...

154 4921 175 4994 ²)
195 4921 258 4981 Ood
276 4924 391 4996 παρθίνη.
919 4923 958 4982 td
976 4921 1101 4981 biblicus
1124 4923 1321 4998 όρτυγομήτρατ,
1340 4921 1405 4981 σίνε
1424 4921 1463 4980 nd
1481 4920 1599 4980 cicadas
1617 4940 1670 4992 aua

152 5013 176 5084 ²)
194 5012 343 5070 Notentur
360 5029 451 5071 εσονσ
469 5013 631 5088 volumina,
648 5014 741 5073 toties
760 5014 866 5072 Ρτοολο
919 5013 1054 5071 locustas
1072 5011 1175 5070 eodem
1188 5012 1251 5070 ίετε
1262 5013 1351 5071 modo
1363 5019 1560 5086 nuncupatas,
1572 5029 1670 5085 nequo

117 5099 248 5158 Ῑειιόείικ
920 5103 960 5160 σᾶ
977 5102 1045 5174 ulia,
1064 5121 1141 5178 quae
1158 5103 1218 5160 huo
1235 5103 1366 5161 ίοείαεοε
1390 5102 1565 5177 respiciunt„
1590 5101 1670 5159 Satis

152 5190 178 5265 ³)
195 5191 334 5264 Longam
352 5198 418 5250 ετιιί
435 5192 558 5266 longam
581 5199 722 5252 excutere
747 5194 865 5267 ίαφρασιν
921 5211 1070 5269 superque
1089 5193 1127 5251 de
1143 5209 1177 5250 re
1194 5192 1404 5268 physiologica
1421 5192 1492 5251 olim
1504 5192 1622 5268 egimus
1638 5192 1670 5252 in

116 5279 153 5338 ᾱε
164 5281 323 5354 coturnice,
334 5298 432 5355 neque
445 5282 536 5340 etiam
546 5289 634 5342 νεοιιι
642 5283 791 5359 aspicere
800 5283 867 5345 σίνε
920 5285 1022 5358 spici&
1041 5284 1163 5343 ῦοίωιικ
1181 5289 1204 5341 ο,
1222 5299 1267 5342 ιιι.

188 5408 283 5466 Am
303 5422 331 5480 v,
351 5407 411 5466 19*.
