3978 6070
277 488 314 548 ευ
777 482 900 558 Trium
920 484 1114 558 Parcarum
1134 484 1327 576 imperium.

277 655 403 722 πάντων
428 657 594 747 ἐνέργειαν,
618 662 637 730 ῆ
664 666 726 722 τῶν
752 663 871 748 Μοιρῶν
888 650 1103 747 παραδέδοται
1118 655 1205 747 τριάς
1222 657 1297 750 ὑπὲρ
1313 656 1370 734 τάς
1393 665 1540 745 Σειρῆνας
1559 657 1673 722 ἀνωθεν
1698 661 1831 746 έποχου-
1949 693 1952 790 γ

269 871 336 963 ’γάρ
360 873 398 936 τό
423 863 604 955 διαλείπειν,
628 870 689 938 οἷον
708 875 911 964 ὑπερκόσμιός
935 900 971 940 τε
995 875 1061 963 ἅμα
1085 876 1138 939 καί
1159 875 1324 966 έγκόσμιος
1342 868 1428 938 οὖσα·
1445 875 1482 939 τό
1501 873 1556 962 μέν
1577 873 1637 964 γάρ
1663 873 1829 952 ἅπτεσθαι,
1953 908 1954 994 γ

278 764 367 853 μένη,
392 763 523 840 ταύταις
540 764 576 830 τέ
597 767 649 831 καί
665 776 735 842 ταῖς
752 769 838 844 ὅλαις
855 759 1006 858 περιόδοις
1024 767 1186 855 ἁπτομένη
1206 790 1241 831 τε
1257 771 1359 831 αὑτῶν
1377 767 1430 830 καί
1454 769 1512 854 οὐχ
1536 766 1709 855 ἁπτομένη·
1734 777 1829 828 τοῦτο

277 981 438 1043 κοινωνίαν
464 971 560 1054 δηλοῖ
580 983 654 1072 πρὸς
672 982 728 1059 τάς
746 983 920 1074 περιφοράς·
937 986 974 1048 τὸ
992 975 1018 1048 δ’
1038 977 1077 1046 αὑ
1094 983 1135 1069 μὴ
1156 982 1322 1068 ἅπτεσθαι,
1338 983 1497 1074 χωριστήν
1515 978 1597 1061 ζωήν
1619 984 1680 1048 ἀπὸ
1696 982 1830 1066 τοὺτων,

278 1087 455 1154 οἰσὺναπτον
479 1091 553 1178 πρός
572 1090 676 1167 αὑτάς.
695 1092 756 1156 Καί
773 1097 843 1182 ὁρᾷς
859 1102 923 1168 πῶς
941 1092 994 1156 καί
1010 1103 1068 1168 τῆς
1086 1091 1243 1182 Ἀνάγκης
1264 1095 1406 1181 ὑφεῖνται
1430 1103 1487 1168 τῆς
1511 1096 1630 1156 ἑαυτῶν
1656 1093 1773 1180 μητρὸς
1798 1096 1831 1153 αἱ

277 1201 400 1286 Μοῖραι,
423 1197 477 1261 καί
501 1209 564 1263 τῶν
590 1201 743 1288 Σειρήνων
768 1199 1011 1290 ὑπερκάθηνται·
1030 1199 1130 1290 θρόνοι
1154 1200 1208 1288 μέν
1234 1199 1294 1290 γάρ
1313 1191 1519 1265 ἀποδέδονται
1542 1199 1627 1290 παρά
1651 1210 1706 1265 τοὺ
1731 1199 1828 1288 μὺθου

277 1305 330 1369 καί
353 1310 473 1388 αὑταῖς,
498 1307 599 1398 ὥσπερ
624 1319 664 1392 τῇ
691 1307 841 1400 Ἀνάγκη·
858 1309 911 1373 καί
927 1308 987 1399 γάρ
1004 1321 1059 1374 τοῦ
1077 1319 1135 1385 τῆς
1159 1307 1316 1399 Ἀνάγκης
1340 1308 1447 1399 θρόνου
1473 1311 1666 1398 μεμνήσεται
1690 1300 1741 1373 διά
1765 1317 1828 1371 τῶν

276 1414 444 1502 ἑπομένων·
463 1415 515 1480 καί
528 1415 685 1489 καθῆσθαι
697 1417 846 1507 λέγονται
858 1417 998 1508 καθάπερ
1016 1423 1034 1490 ῆ
1052 1418 1169 1507 μήτηρ,
1184 1417 1255 1481 ἀλλ’
1269 1421 1303 1481 οὑ
1322 1416 1598 1508 συμπεριφέρεσθαι
1610 1428 1675 1493 τοῖς
1692 1417 1828 1498 κὺκλοις,

276 1522 379 1612 ὥσπερ
404 1528 436 1586 αἰ
461 1530 615 1614 Σειρῆνες·
634 1528 704 1588 ἀλλ’
722 1532 740 1594 ή
761 1525 815 1614 μὲν
833 1529 888 1590 οὑκ
904 1526 1081 1615 ἐφάπτεται
1097 1537 1152 1590 τοῦ
1175 1525 1332 1616 ἀτράκτου
1350 1537 1419 1602 ταῖς
1442 1527 1555 1616 χερσίν,
1579 1525 1662 1612 (ἀλλ’
1687 1527 1829 1616 ἔγκειται

224 1654 248 1690 ιο
276 1641 341 1706 τοῖς
365 1631 491 1722 γόνασιν
517 1635 626 1713 αὐτῆς,
650 1639 689 1708 ὡς
714 1625 906 1723 ἡδρασμένος
932 1637 962 1699 ἐν
988 1639 1068 1720 αὑτῇ
1095 1636 1251 1724 μονίμως)
1277 1639 1309 1698 αἰ
1333 1625 1366 1698 δέ
1394 1643 1532 1724 χρῶνται
1555 1643 1624 1708 ταῖς
1647 1635 1750 1722 χερσίν
1775 1631 1829 1697 καὶ

275 1747 392 1802 κινοῦσι
410 1729 461 1802 διά
478 1737 609 1817 τοὺτων,
627 1747 666 1818 ὡς
684 1741 719 1807 ἀν
736 1745 979 1833 προσεχέστεραι
998 1753 1063 1817 τοῖς
1081 1743 1282 1833 κινουμένοις·
1299 1740 1352 1805 καί
1369 1736 1462 1804 αὗται
1480 1741 1534 1829 μέν
1551 1734 1610 1817 ἔξω
1626 1751 1688 1805 τῶν
1706 1741 1828 1805 κὺκλων

276 1840 364 1910 οὖσαι
388 1847 442 1911 καί
465 1839 670 1937 ήδρασμέναι,
695 1860 838 1914 κινοῦσιν·
864 1855 895 1915 αί
920 1842 953 1915 δέ
978 1855 1129 1939 Σειρῆνες,
1151 1842 1372 1933 ἑπιβεὺηκυῖαι
1396 1857 1457 1913 τῶν
1483 1848 1605 1913 κὺκλων
1631 1850 1684 1914 καί
1708 1873 1828 1939 συμπε-

277 1954 471 2045 ριφερόμεναι
496 1959 610 2032 αὐτοῖς·
635 1958 716 2022 ὥστε
740 1967 802 2023 τῶν
827 1965 945 2048 Μοιρῶν
971 1957 1024 2022 καί
1047 1956 1167 2034 ταὺτας
1192 1982 1294 2022 κινου-

276 2174 301 2241 f.
327 2176 369 2240 73
393 2197 434 2252 ν.,
452 2178 527 2260 post
543 2174 694 2240 lacunam
719 2177 738 2240 5
764 2197 864 2240 vers.:
892 2172 1150 2263 ...περιφορά...
1176 2179 1211 2240 ἐκ
1226 2183 1288 2238 τῶν
1305 2198 1430 2263 περι...
1454 2183 1568 2238 τῶν...
1591 2172 1707 2248 εὐθείας
1725 2198 1827 2238 κινου-

277 2282 379 2370 μένας·
403 2280 484 2346 αὑτά
508 2280 629 2372 γάρ...
654 2293 724 2356 ταῖς
748 2283 871 2346 ἐκείνων
888 2273 1041 2370 περιόδοις
1058 2282 1131 2346 καί.
1148 2333 1173 2346 ..
1197 2284 1313 2371 κόσμος
1330 2282 1411 2358 ἅπας
1428 2285 1511 2346 ἐστιν
1530 2293 1669 2372 μοιραῖος
1686 2291 1750 2346 τῶν
1771 2282 1826 2371 μὲν

277 2391 455 2481 ...οτέρων
480 2391 641 2466 κινήσεων,
666 2395 706 2466 εἰς
730 2389 787 2466 τάς
806 2391 991 2480 κυριωτέρας
1010 2392 1244 2479 ἀνηρτημένων,
1268 2391 1387 2455 τοὺτων
1413 2381 1447 2456 δέ
1471 2396 1513 2467 εἰς
1537 2389 1594 2466 τάς
1619 2393 1741 2479 Μοίρας·
1763 2401 1826 2455 τῶν

277 2490 310 2565 δέ
335 2505 454 2588 Μοιρῶν
471 2496 555 2563 κατά
572 2499 631 2570 τήν
651 2499 798 2583 βοὺλησιν
816 2509 873 2574 τῆς
892 2500 1011 2588 μητρός
1028 2509 1186 2576 κινουσῶν,
1204 2500 1257 2562 καί
1273 2501 1344 2564 ὅσον
1369 2501 1470 2573 ἐκείνη
1496 2509 1542 2582 τῷ
1565 2494 1652 2580 εἶναι,
1676 2510 1826 2564 τοσοῦτον

276 2619 321 2692 τῷ
345 2612 476 2699 ἐνεργεῖν
501 2609 621 2674 τοὺτων
646 2611 687 2683 εἰς
711 2609 749 2672 τὺ
772 2617 833 2671 πᾶν
857 2617 1070 2698 παρεχουσῶν·
1096 2611 1167 2671 ἀλλ’
1192 2606 1240 2673 ότι
1264 2609 1318 2696 μέν
1341 2615 1372 2672 αἱ
1389 2615 1498 2696 Μοῖραι
1516 2600 1566 2673 διά
1589 2619 1652 2673 τῶν
1676 2599 1827 2696 περιόδων

276 2715 396 2780 τοὺτων
420 2715 526 2781 πάντα
552 2715 591 2778 τά
615 2719 646 2779 έν
671 2724 716 2796 τῷ
741 2713 849 2802 κόσμῳ
874 2712 1106 2795 κατευθὺνουσι,
1124 2705 1232 2794 δῆλον,
1255 2715 1398 2791 ἑκάστοις
1424 2709 1665 2806 ἀπομερίζουσαι
1689 2716 1726 2779 τὺ
1750 2739 1826 2803 προ-

220 2831 247 2866 ²⁰
276 2833 383 2904 σῆκον,
408 2824 460 2886 καί
483 2818 596 2910 ψυχαῖς
613 2820 667 2885 καί
683 2815 772 2900 ζώοις
789 2823 842 2886 καί
859 2832 976 2910 φυτοῖς,
995 2821 1048 2886 καί
1063 2820 1297 2886 ἑπικλώθουσαν
1322 2823 1381 2896 τήν
1407 2824 1609 2913 ὀφειλομένην
1631 2835 1749 2914 μοῖραν.
1775 2825 1827 2887 Διὸ

276 2931 330 2995 καί
354 2929 410 3007 τάς
434 2923 594 3021 περιόδους
611 2930 759 3020 ἀτράκτῳ
776 2932 829 2994 καί
846 2922 1025 3019 σφονδύλοις
1042 2933 1257 3018 προσείκασεν,
1275 2929 1341 2995 ἐπεὶ
1356 2936 1384 2995 κ’
1404 2930 1439 2994 ἀν
1465 2942 1534 3006 ταῖς
1557 2934 1732 3022 ἰεροποιίαις
1757 2956 1828 2996 συν-

278 3040 408 3127 θήματα
432 3050 535 3104 ταῦτα
559 3048 621 3104 τῶν
640 3045 758 3128 Μοιρῶν
776 3037 902 3104 εἰώθασι
917 3031 1186 3128 παραλαμὺάνειν,
1203 3038 1379 3116 ἠλακάτας,
1404 3039 1590 3129 ἀτράκτους,
1613 3041 1751 3128 νήματα·
1775 3031 1827 3104 διά

277 3147 336 3238 γάρ
360 3147 480 3213 τοὺτων
506 3137 659 3222 δηλοῦται
683 3149 737 3212 τόν
762 3146 879 3212 ἀνωθεν
896 3148 999 3236 εἱρμὸν
1018 3147 1111 3237 μέχρι
1127 3156 1189 3212 τῶν
1206 3149 1396 3212 τελευταίων
1415 3139 1544 3220 διήκειν·
1567 3157 1625 3222 τῆς
1650 3146 1705 3234 μὲν
1728 3151 1759 3211 ἐν
1783 3157 1824 3230 τῇ

278 3257 427 3342 συνηθείᾳ
450 3258 646 3345 καλουμένης
670 3255 848 3333 ἠλακάτης,
864 3253 923 3327 τήν
941 3259 971 3319 ἐν
988 3265 1057 3331 ταῖς
1075 3257 1201 3342 Μοίραις
1220 3255 1443 3345 περιεχομένην
1469 3257 1573 3321 αἰτίαν
1598 3247 1764 3330 δηλοὺσης,
1789 3249 1825 3328 ἧς

221 3384 248 3422 ²⁵
278 3371 319 3441 εἰς
343 3368 381 3432 τὸ
406 3375 467 3430 πᾶν
492 3365 661 3432 ἐντιθέασιν
687 3369 740 3432 ἀπ’
766 3366 884 3440 ἐκείνης
915 3357 1011 3441 ζωῆς·
1035 3374 1090 3428 τοῦ
1122 3355 1155 3427 δέ
1186 3363 1345 3454 ἀτράκτου
1374 3375 1429 3428 τοῦ
1461 3363 1514 3428 ἀπ’
1539 3367 1657 3438 ἐκείνης
1680 3365 1718 3428 τί
1742 3373 1827 3451 νῆμα

279 3465 461 3564 δεχομένου,
485 3474 544 3546 τήν
570 3479 611 3551 εἰς
635 3475 672 3539 τό
696 3483 757 3538 πᾶν
782 3464 994 3562 ἑνδεδομένην·
1018 3483 1073 3536 τοὺ
1098 3463 1131 3537 δὲ
1155 3473 1305 3559 νήματος,
1330 3474 1384 3537 τόν
1408 3473 1510 3562 εἱρμὸν
1534 3483 1592 3547 τῆς
1613 3495 1650 3536 τε
1675 3470 1824 3559 μενοὺσης

276 3585 330 3648 καὶ
353 3593 412 3661 τῆς
434 3581 653 3674 προελθοὺσης·
678 3587 712 3647 οὑ
737 3581 796 3672 γάρ
821 3572 870 3646 δεῖ
892 3576 1027 3670 νομίζειν
1052 3583 1101 3644 ότι
1118 3581 1292 3646 τάττουσαι
1309 3579 1350 3644 τά
1366 3581 1472 3646 πάντα
1489 3581 1543 3644 καί
1560 3591 1708 3663 κινοῦσαι,
1733 3579 1825 3668 χωρίς

276 3703 330 3756 τοῦ
354 3685 446 3769 ζωὴν
462 3682 614 3756 ἐνδιδόναι
637 3701 780 3755 κινοῦσιν·
804 3681 874 3754 οὑδὲ
898 3688 957 3781 γάρ
982 3695 1010 3753 οί
1033 3687 1075 3753 τά
1098 3681 1177 3774 τῇδε
1202 3689 1376 3779 ἀγάλματα
1397 3689 1621 3776 έλλάμποντες,
1647 3687 1719 3752 ἄνευ
1742 3679 1825 3764 ζωῆς

277 3799 502 3889 ἐλλάμπουσιν,
527 3799 610 3864 ἀλλά
634 3809 693 3875 τῆς
717 3793 836 3885 ζωῆςί)
863 3789 980 3872 ἰδιότης
1005 3797 1087 3869 άλλη
1115 3797 1226 3881 ἄλλης,
1251 3799 1305 3862 καί
1329 3805 1368 3875 ὡς
1394 3799 1448 3886 μέν
1472 3791 1535 3876 ζωή

221 4047 248 4084 ιο
276 4017 299 4082 f.
319 4017 371 4096 74,
388 4017 422 4082 in
438 4016 555 4083 lacuna
573 4017 590 4082 7
610 4041 711 4084 νοτες
737 4017 931 4080 ...άλοῦσαι
957 4013 1011 4103 μέν
1025 4066 1032 4080 .
1048 4067 1055 4081 .
1071 4066 1077 4081 .
1094 4038 1142 4103 ραι
1161 4003 1204 4091 δέ,
1223 4010 1389 4100 εἰρόμενον,
1407 3996 1485 4083 εἰδος
1503 4005 1582 4070 ἄλλο
1599 4030 1632 4069 τι
1652 4015 1714 4070 τῶν
1739 4004 1825 4070 θεῶν.

278 4127 316 4189 Τί
330 4116 364 4188 δέ
381 4148 459 4188 ποτε
477 4125 552 4214 ἄρα.
564 4177 590 4192 ..
613 4131 733 4214 Μοιρῶν
751 4123 804 4186 καί
818 4125 889 4187 τίνα
906 4122 947 4187 τά
966 4123 1026 4187 ἀπὸ
1043 4131 1100 4198 τῆς
1119 4118 1322 4208 θειομυθίίας]
1341 4118 1448 4190 αὑταῖς
1461 4106 1656 4178 ἀποδοθέντα
1672 4106 1825 4202 σὺμὺολα,

277 4240 306 4299 οἰ
330 4233 438 4324 θρόνοι,
464 4231 506 4298 τά
530 4233 711 4322 στέμματα,
735 4237 753 4306 ή
779 4230 875 4305 λευκή
901 4248 941 4305 -;;-
965 4230 1067 4312 ἐσθής,
1084 4236 1103 4303 ή
1123 4219 1273 4318 ὑμνῳδία,
1291 4232 1323 4289 αἰ
1338 4235 1436 4314 χεῖρες
1445 4250 1453 4301 ;
1478 4224 1597 4288 ἕκαστα
1621 4220 1681 4312 γάρ
1705 4220 1825 4287 τοὺτων

277 4335 378 4407 δεῖται
401 4351 512 4431 νοερῶν
537 4341 719 4407 ἑπιτάσεων.
745 4341 806 4405 Καί
822 4343 908 4426 Αόλως
932 4340 990 4430 πρὸ
1014 4339 1153 4421 τοὺτων,
1177 4348 1241 4412 πῶς
1273 4335 1353 4425 ἑώρα
1378 4333 1570 4422 καθημένας,
1594 4334 1648 4398 καί
1672 4334 1826 4422 σχήματα

277 4449 406 4540 ἑχοὺσας
432 4447 540 4532 αὑτάς,
564 4448 618 4512 καὶ
640 4447 752 4520 ήκουεν
776 4453 952 4538 ὑμνουσῶν;
977 4449 1031 4512 καί
1053 4451 1085 4512 τί
1109 4449 1147 4513 τό
1171 4444 1230 4520 τήν
1256 4445 1310 4535 μέν
1335 4443 1418 4509 ἀλλα
1443 4447 1558 4531 ὑμνεῖν,
1583 4441 1642 4512 τήν
1667 4432 1700 4505 δέ
1724 4440 1825 4516 άλλας

222 4583 248 4619 ιε
279 4560 333 4624 καί
358 4554 541 4650 μεμερίσθαι
564 4554 620 4631 τάς
643 4557 790 4645 ὑμνήσεις
813 4569 878 4634 τοῖς
901 4567 957 4622 τοῦ
981 4559 1093 4647 χρόνου
1119 4557 1250 4645 μορίοιςς
1275 4555 1307 4618 τί
1327 4551 1386 4645 γάρ
1410 4552 1484 4642 πρὸς
1509 4553 1628 4624 ὲκείνας
1651 4547 1775 4638 χρόνο;;
1800 4553 1827 4613 εἰ

278 4668 333 4756 μέν
356 4665 417 4758 γάρ
442 4663 522 4741 ἦσαν
547 4661 655 4754 ψυχαί,
679 4663 755 4754 τάχ’
780 4665 815 4730 ἀν
840 4665 893 4729 καί
909 4664 1017 4753 χρόνος
1035 4670 1144 4740 αὑταῖς
1162 4654 1308 4753 διέφερεν·
1327 4665 1432 4726 καίτοι
1456 4659 1509 4722 καί
1532 4663 1558 4724 εἰ
1580 4669 1675 4722 τοῦτο
1701 4656 1826 4739 ἀληθὲς,

277 4781 296 4848 ή
311 4774 395 4840 κατά
409 4773 485 4864 μέρη
501 4782 558 4838 τοῦ
570 4797 592 4862 χ
596 4773 682 4861 ρόνου
696 4763 848 4863 διαίρηοις
862 4765 964 4838 δεῖται
976 4773 1073 4864 λόγου
1087 4772 1180 4849 τινός.
1195 4811 1236 4821 -
1250 4777 1275 4835 Τ
1278 4773 1293 4836 ὸ
1308 4771 1362 4860 μὲν
1377 4772 1479 4833 τοίνυν
1492 4765 1534 4831 τά
1548 4765 1704 4854 ἀσώματα
1722 4788 1827 4853 σωμα-

276 4876 382 4957 τοειδῆ
409 4879 670 4972 θεωρεῖν,καίτά
687 4875 745 4960 ἔξω
763 4883 860 4946 τόπου
877 4883 995 4958 παντὸς
1011 4888 1051 4958 ὡς
1068 4885 1099 4947 ἐν
1116 4881 1203 4965 τόπῳ
1221 4880 1282 4944 τινί
1298 4880 1375 4943 όντα
1392 4877 1446 4942 καί
1463 4867 1668 4965 διαστήματι,
1685 4874 1739 4940 καί
1763 4883 1826 4938 τῶν

277 4985 335 5070 ἔξω
352 4992 501 5066 κινήσεως
515 4983 566 5055 διά
583 4991 731 5067 κινήσεως
749 4984 1039 5079 άντιλαμθάνεσθαι
1049 4992 1086 5078 ²),
1105 4989 1285 5079 θαυμαστόν
1303 4979 1399 5052 οὐδέν·
1414 4987 1515 5050 πάλαι
1528 4982 1656 5049 καὶτῶν
1671 4982 1824 5073 θεουργῶν

221 5121 248 5161 ιο
276 5107 360 5191 ῆμοῖς
384 5091 577 5178 διδαξάντων
602 5101 652 5162 ὅτι
675 5097 732 5174 τάς
757 5101 959 5188 αὑτυφανείας
983 5109 1046 5164 τῶν
1072 5097 1159 5180 θεῶν,
1185 5096 1430 5188 μεμορφωμένας
1454 5103 1516 5160 τῶν
1543 5091 1747 5182 ἀμορφιὺτων,
1771 5091 1826 5154 καί

316 5329 338 5404 ¹)
357 5329 517 5402 Sequentia
535 5334 624 5388 vetus
644 5330 775 5388 secunda
790 5348 897 5388 manus
916 5331 1030 5388 addidit
1049 5330 1079 5386 in
1099 5347 1192 5404 marg.
1212 5325 1353 5384 inferiori.
1376 5357 1409 5369 -
1429 5327 1452 5401 ²)
1471 5326 1541 5384 Cod.
1563 5323 1698 5400 ἀντικαμί.
