3940 6072
240 521 293 586 328

239 691 381 763 scibilem,
405 698 435 747 et
457 691 729 764 concupiscibilem,
754 697 785 747 et
805 690 986 748 irascibilem

238 783 344 856 posita,
366 800 426 839 non
451 781 586 838 diversae
610 788 712 855 partes
738 781 853 838 animae
875 799 894 836 a
918 781 986 837 sirn-

238 872 373 946 plicibus,
388 872 440 928 sed
460 891 495 928 ex
515 871 723 930 commixtione
741 875 849 928 harum
868 872 986 944 copula·

239 971 302 1031 tae;
316 964 369 1020 illa
383 964 460 1020 enirn
474 963 592 1036 singula
612 983 664 1036 per
683 983 715 1020 se
735 963 881 1035 simplicia
900 969 986 1032 sunt;

238 1060 273 1109 ut
285 1053 429 1108 rationale
442 1070 494 1124 per
507 1069 539 1108 se
553 1053 650 1108 solum
667 1051 821 1108 scientiam
839 1051 917 1124 colit,
937 1053 986 1108 ho·

239 1143 361 1199 neribus
381 1148 411 1199 et
429 1141 563 1214 pecuniis
577 1143 694 1216 spretis,
708 1143 871 1215 sapientiae
891 1149 922 1198 et
939 1160 987 1198 ve·

238 1232 337 1290 ritatis
356 1233 456 1290 studio
475 1239 593 1290 tantum
613 1233 754 1289 deditum.
767 1233 920 1290 Irascibile
939 1252 987 1289 au·

239 1330 300 1381 tem
325 1325 446 1381 honoris
473 1323 628 1398 cupidum,
650 1342 758 1397 grave,
784 1342 937 1395 severum,
957 1331 988 1380 et

239 1423 399 1474 contumax
419 1423 473 1488 est,
488 1423 518 1471 et
530 1433 637 1488 corpus
651 1415 737 1487 quasi
755 1415 891 1470 umbram
909 1413 988 1471 infra

239 1523 271 1564 se
291 1506 410 1575 ducens,
425 1504 482 1560 soli
498 1505 603 1560 honori
622 1503 732 1560 studet.
753 1502 987 1576 concupiscibile

238 1615 310 1655 vero
329 1596 423 1664 solius
442 1595 573 1668 corporis
599 1613 701 1651 curam
721 1612 837 1666 gerens,
857 1595 986 1650 honores

238 1695 430 1759 aspernatnr;
450 1684 605 1740 scientiam
618 1683 736 1740 fabulas
750 1701 816 1738 esse
835 1689 987 1755 reputans,

239 1777 311 1834 solis
322 1775 524 1848 voluptatibus
535 1773 636 1830 servit.
648 1771 723 1828 Oum
734 1772 827 1844 igitur
835 1774 909 1830 haec
921 1772 987 1828 sim·

238 1866 324 1938 plicia
343 1867 411 1934 sint,
434 1863 556 1920 conflari
575 1881 612 1919 ex
631 1863 678 1919 bis
698 1861 756 1918 alia
776 1879 887 1934 genera
906 1862 986 1918 vitae

238 1959 375 2016 Socrates
384 1956 536 2025 indicavit,
545 1973 638 2027 eaque
649 1973 713 2010 cum
725 1949 909 2036 simplicibus
920 1971 985 2009 con·

237 2050 339 2106 venire
361 2049 467 2114 voluit,
490 2047 577 2103 iuxta
595 2053 707 2102 rectam
726 2045 888 2114 rationem,
909 2063 985 2116 quae

237 2159 378 2198 mensura
397 2140 486 2196 debet
510 2156 576 2195 esse
595 2137 625 2193 in
645 2136 826 2210 appetitione
849 2136 986 2193 scientia-

236 2249 311 2302 rum,
325 2231 469 2286 honcrum
488 2235 519 2284 et
531 2228 731 2300 pecuniarum.
744 2225 888 2292 Quamvis
906 2225 986 2282 enim

237 2325 371 2376 caeterae
393 2325 494 2391 partes
517 2335 587 2374 suos
606 2315 716 2372 habent
743 2313 909 2388 appetitus.
929 2315 985 2372 hos

237 2417 336 2465 autam
355 2408 432 2464 ratio
445 2424 547 2463 omnes
565 2423 669 2477 regere
690 2404 783 2474 debet,
805 2422 842 2460 ne
862 2405 898 2460 ab
917 2403 985 2476 ipsa

237 2499 397 2555 discedant.
429 2498 495 2552 Non
520 2495 614 2569 igitur
638 2495 804 2568 putandum
829 2493 982 2550 Socratem

184 2637 194 2654 ,
237 2589 312 2644 alias
329 2593 430 2661 partes
443 2586 558 2642 animae
571 2585 704 2660 probare,
718 2601 794 2654 quae
808 2583 912 2640 civiles
925 2584 984 2639 vir·

237 2676 586 2748 tutesaliasproducant,
608 2674 662 2730 sed
685 2673 859 2729 mixtionem
879 2673 984 2726 harum

236 2775 267 2824 et
285 2767 430 2839 originem
447 2766 631 2822 diverscmm
644 2764 724 2820 vitae
737 2781 890 2835 generum,
906 2779 983 2836 quae

235 2857 266 2914 in
292 2856 429 2912 civilibus
450 2854 521 2912 viris
540 2853 743 2926 reperiuntur,
762 2851 982 2925 praestringere

236 2955 267 3006 et
285 2966 361 3022 quae
382 2947 462 3004 vitae
481 2944 582 3002 studia
600 2944 709 3017 quibus
732 2943 934 3013 anteferenda,
953 2949 984 2999 et

235 3056 311 3111 quae
328 3037 489 3112 prudenter
507 3033 659 3106 fugienda.
677 3034 755 3089 Nam
773 3031 867 3088 mixta
886 3030 984 3088 omnia

234 3128 314 3186 vitae
341 3143 452 3200 genera
477 3131 507 3182 et
533 3123 678 3196 simplicia
697 3123 820 3180 alterius
842 3127 905 3193 est,
925 3140 984 3177 nou

235 3217 378 3274 scientiae
398 3215 495 3272 civilis
515 3214 668 3286 explicare.

271 3307 342 3364 One.
361 3305 518 3362 XXXVII.
539 3306 582 3361 De
604 3305 706 3360 mixtis
725 3304 803 3358 citis.
820 3333 852 3342 —
873 3301 948 3357 Sunt
960 3298 982 3372 1)

235 3399 309 3454 haec
322 3396 417 3468 igitur
430 3394 602 3465 omittenda,
615 3393 675 3450 nisi
688 3392 856 3465 pertineant
866 3389 904 3446 ad
917 3389 982 3459 tria,

236 3506 312 3562 quae
332 3485 447 3559 accepit
465 3487 601 3542 Socrates
615 3484 652 3539 ad
665 3481 820 3552 rationale,
834 3481 871 3537 ad
884 3479 985 3536 irasci-

235 3578 303 3646 bile,
323 3583 357 3632 ut
372 3574 481 3646 siquid
499 3571 665 3629 inflammet
677 3573 808 3627 animum
821 3577 852 3626 et
865 3570 903 3625 ad
916 3586 983 3624 con·

236 3664 415 3737 cupiscibile,
444 3668 479 3718 ιιι
504 3661 529 3716 si
557 3659 629 3734 quid
656 3659 842 3730 voluptatem
868 3655 981 3727 afferat,

234 3754 319 3810 iuxta
338 3751 417 3808 enim
435 3751 541 3806 horum
558 3752 671 3804 statum
684 3753 838 3819 acceptum
851 3745 982 3802 omnium

236 3839 418 3897 differentias
438 3838 663 3909 demonstravit,
682 3845 712 3893 et
734 3836 811 3892 inter
829 3835 903 3892 haec
922 3855 983 3892 me·

234 3933 284 3990 dia
302 3933 447 4007 quaedam
466 3930 682 4004 quodammodo
701 3929 884 3985 intercedere
908 3927 983 3982 indi·

234 4022 323 4094 cavit,
342 4031 378 4078 nt
403 4021 482 4095 qnod
506 4020 648 4094 cupidum
672 4019 795 4074 honoris
818 4017 858 4074 sit
882 4016 984 4073 irasci-

233 4114 300 4170 bile.
314 4115 448 4184 Namqua
468 4109 710 4167 excandescimus
724 4127 813 4182 saepe
833 4107 869 4164 ob
890 4110 982 4183 biono-

232 4223 296 4262 rem
316 4204 359 4262 sic
379 4203 520 4276 cupidum
531 4201 675 4273 pecuniae
695 4206 741 4256 est
760 4199 850 4256 etiam
875 4216 981 4254 concu-

233 4293 376 4368 piscibile,
397 4309 486 4364 saepe
506 4290 583 4347 enim
602 4290 658 4345 hac
671 4288 761 4343 etiam
774 4287 931 4343 incitamur
944 4287 982 4343 ad

233 4385 412 4456 voluptates.
431 4380 510 4447 Quin
529 4380 619 4436 stiam
637 4380 732 4434 honor
745 4383 775 4432 et
786 4377 921 4450 pecumia
934 4395 984 4449 po·

234 4472 363 4529 tentiora
388 4470 528 4525 videntur
546 4467 591 4522 ira
610 4473 641 4522 et
658 4466 821 4538 voluptate,
841 4465 981 4537 quoniam

235 4563 309 4618 haec
336 4559 517 4617 comitantur
542 4557 739 4613 conditionem
764 4555 903 4634 corporis,
929 4555 982 4610 illa

236 4658 337 4708 autem
356 4649 394 4705 ad
417 4647 651 4721 perturbandum
675 4646 806 4703 animum
829 4663 888 4702 non
907 4645 983 4701 iudi-

236 4747 309 4815 gent
334 4743 564 4810 temperamento
591 4735 728 4808 corporis,
747 4735 924 4810 praesertim
949 4735 981 4791 in

235 4831 314 4889 omni
326 4828 451 4886 militiae
464 4835 579 4897 natura,
593 4833 692 4883 aetate
705 4827 735 4883 in
753 4845 811 4899 qua
831 4826 980 4884 dominan-

234 4929 291 4978 tur.
304 4922 370 4978 Non
388 4918 481 4990 igitur
500 4917 571 4988 quia
587 4917 703 4991 aliquae
723 4923 823 4990 partes
842 4921 980 4973 constent

234 5031 271 5069 ex
290 5009 474 5084 simplicibus
493 5007 644 5080 rationali,
663 5008 805 5065 irascibili
823 5015 854 5066 et
872 5025 977 5065 concu-

270 5281 291 5352 ¹)
309 5279 370 5336 Fol.
391 5279 451 5334 230.
473 5285 499 5332 Ei
519 5283 553 5351 μὴ
574 5285 622 5353 ἄρα
643 5285 714 5356 τριῶν
734 5283 816 5335 ὄντων.

269 5371 292 5444 ²)
312 5367 374 5424 Fol.
396 5369 448 5424 130
465 5376 507 5425 v0.
529 5372 562 5423 Ti
583 5375 607 5424 di
627 5371 665 5427 οὖν
685 5378 767 5429 δῆλον.
855 5416 860 5428 .

829 509 944 596 Procli
959 545 996 614 p.
1018 523 1041 596 1
1049 513 1168 616 Vccp.
1191 517 1215 596 1

1039 691 1174 763 piscibili,
1189 698 1330 766 tanquam
1343 691 1545 763 intermediae,
1559 691 1669 748 idcirco
1681 692 1790 750 adiecit

1039 781 1184 850 Socrates,
1200 788 1334 856 oportere
1348 782 1438 838 etiam
1451 781 1511 839 alia
1523 783 1603 841 vitae
1616 784 1788 855 generabis

1040 872 1256 942 comprehendi,
1278 872 1304 928 si
1323 891 1382 946 qua
1408 881 1486 944 sunt,
1505 892 1564 929 nou
1584 875 1662 929 enim
1681 893 1699 930 a
1718 873 1789 930 sirn-

1040 961 1166 1032 plicibus
1181 962 1332 1018 divorsum
1344 962 1492 1036 quippiam
1503 969 1556 1034 est,
1569 981 1665 1036 neque
1679 970 1726 1019 est
1738 964 1791 1018 ali·

1040 1052 1111 1123 quid
1120 1051 1330 1108 intermedium
1342 1054 1421 1124 quod
1435 1053 1574 1126 cupidum
1584 1059 1631 1109 est
1642 1053 1788 1126 pecuniae

1040 1142 1088 1197 vel
1103 1141 1301 1214 voluptatum,
1322 1144 1374 1198 sed
1393 1143 1523 1216 pendent
1541 1144 1614 1198 haec
1634 1161 1671 1199 ex
1690 1143 1787 1200 irasci-

1041 1231 1093 1286 bili
1106 1233 1155 1288 vel
1168 1233 1396 1306 concupiscibili,
1411 1252 1469 1290 non
1482 1239 1631 1306 utrunque
1644 1236 1788 1307 complec-

1043 1329 1153 1381 tuntur.
1180 1323 1278 1380 Media
1297 1342 1369 1396 ergo
1387 1326 1462 1381 haec
1480 1324 1562 1382 vitae
1580 1342 1693 1396 genera
1711 1343 1788 1396 qnae

1040 1411 1078 1468 ad
1090 1413 1180 1470 animi
1193 1432 1291 1470 mores
1304 1415 1442 1485 attinent,
1455 1414 1496 1472 sic
1509 1415 1540 1470 in
1552 1433 1643 1471 unam
1655 1415 1787 1489 aliquam

1039 1507 1155 1574 partam
1173 1503 1309 1576 redigere
1329 1511 1452 1579 oportet.

1074 1589 1146 1646 One.
1156 1591 1245 1646 XXX
1251 1593 1329 1648 VIII.
1344 1593 1385 1649 De
1396 1593 1564 1663 diffareatio
1572 1595 1711 1664 partium
1724 1597 1785 1650 oni-

1039 1696 1104 1735 mae
1118 1697 1136 1735 a
1149 1695 1237 1736 sensa
1249 1685 1276 1737 et
1289 1684 1430 1752 oppetita.
1441 1681 1595 1752 -Liquet
1605 1681 1629 1754 ²)
1643 1681 1736 1753 igitur
1749 1700 1787 1738 ex

1041 1769 1258 1839 demonstratis,
1278 1769 1358 1842 quod
1377 1788 1435 1826 non
1455 1789 1515 1826 una
1533 1771 1623 1826 animi
1643 1789 1718 1843 pars,
1738 1789 1788 1827 ne·

1039 1877 1096 1931 qne
1116 1858 1226 1932 plures,
1244 1879 1333 1933 quam
1357 1860 1494 1931 diximus,
1515 1880 1622 1918 sensus
1650 1879 1720 1918 vero
1748 1862 1785 1918 ab

1038 1948 1086 2004 his
1106 1955 1152 2004 est
1171 1951 1289 2004 omnino
1308 1948 1446 2005 diversus
1466 1950 1624 2020 aratione,
1644 1950 1714 2022 quia
1726 1968 1786 2006 non

1039 2036 1240 2106 ratiocinatur,
1266 2057 1284 2092 a
1304 2037 1418 2094 duabus
1438 2056 1510 2096 vero
1529 2039 1651 2112 reliquis
1669 2040 1785 2097 ratione

1038 2127 1229 2198 vacantibus,
1250 2128 1320 2199 quia
1344 2130 1401 2185 hae
1427 2130 1640 2203 appetitionem
1664 2130 1784 2202 habent,

1038 2237 1145 2276 sensns
1164 2237 1236 2275 vero
1254 2219 1404 2291 quandam
1425 2222 1652 2293 perceptionem.
1672 2223 1785 2278 Sensus

1026 2309 1128 2365 ‘etiam
1147 2310 1226 2366 inest
1244 2310 1352 2382 quibus
1375 2312 1527 2382 appetitus
1552 2331 1609 2368 non
1633 2313 1729 2380 datur,
1748 2318 1786 2367 ut

1038 2399 1227 2456 coelestibus.
1254 2399 1339 2467 Quod
1364 2409 1466 2456 autem
1492 2399 1657 2473 appetitum
1681 2400 1783 2468 habet,

1038 2505 1074 2542 ex
1093 2487 1273 2544 necessitate
1295 2505 1386 2544 sensu
1407 2487 1530 2560 indiget,
1556 2506 1621 2545 cum
1646 2487 1785 2544 sanutus

1037 2577 1116 2634 enim
1135 2577 1341 2651 appetitiones,
1363 2579 1442 2634 unde
1465 2585 1495 2635 et
1521 2578 1628 2634 animal
1648 2579 1785 2653 appetitu

1037 2668 1156 2741 quidem
1168 2687 1227 2724 non
1247 2667 1396 2739 diffinitur,
1417 2667 1470 2724 sed
1489 2686 1588 2725 sensu.
1607 2669 1684 2724 Nam
1703 2669 1786 2741 plan·

1036 2765 1093 2828 tas,
1108 2758 1247 2816 Timaeus
1262 2759 1313 2828 ait,
1328 2776 1448 2815 sensum
1461 2758 1570 2815 habere
1586 2757 1784 2814 iucundarum

1037 2854 1067 2905 et
1086 2849 1219 2905 tristium
1238 2848 1295 2906 sibi
1313 2866 1419 2916 rerum,
1440 2847 1518 2904 unda
1534 2847 1698 2904 animantia
1717 2867 1784 2906 esse

1037 2945 1123 3013 putat
1135 2945 1166 2995 et
1178 2939 1272 3008 docet,
1286 2937 1429 3012 quidquid
1445 2938 1522 2994 enim
1535 2938 1664 2994 animam
1683 2938 1782 3006 habet,

1036 3027 1145 3084 animal
1165 3045 1230 3084 esse
1250 3027 1377 3082 videtur.
1400 3028 1513 3084 Sensus
1535 3027 1627 3100 igitur
1645 3027 1784 3084 diversas

1037 3125 1084 3174 est
1096 3119 1133 3174 ab
1146 3117 1193 3174 his
1213 3117 1317 3183 tribus,
1339 3137 1415 3190 quae
1434 3117 1503 3188 dixi,
1524 3117 1576 3174 sed
1594 3125 1696 3175 tamen
1716 3119 1784 3176 sub-

1036 3213 1084 3262 est
1102 3205 1215 3276 rationi,
1229 3214 1379 3279 quatenus
1392 3212 1490 3263 motus
1503 3206 1593 3263 huius
1606 3225 1673 3264 cum
1692 3225 1784 3264 sensu

1037 3303 1117 3354 sunt.

1072 3385 1142 3442 cir.
1153 3386 1297 3443 XXXIX.
1305 3387 1353 3443 Aa
1364 3389 1535 3460 imiaptnatio
1546 3391 1572 3443 et
1583 3403 1686 3444 sensus
1695 3389 1783 3458 idem,

1036 3481 1063 3532 et
1082 3478 1117 3533 de
1129 3479 1282 3532 memoria.
1291 3507 1328 3518 -
1341 3477 1388 3532 An
1407 3494 1479 3534 vero
1489 3480 1512 3550 3)
1524 3475 1599 3534 visio
1613 3494 1702 3548 quam
1711 3476 1785 3532 ima·

1035 3567 1218 3639 ginatiouem
1229 3575 1346 3637 vocant,
1360 3567 1438 3624 idem
1451 3586 1519 3624 cum
1533 3585 1624 3626 sensu
1634 3567 1681 3638 sit,
1695 3585 1785 3640 qnae·

1035 3655 1173 3726 rendum;
1185 3656 1317 3712 exterius
1329 3674 1400 3729 ergo
1411 3675 1485 3730 opus
1496 3675 1635 3713 exercens
1645 3674 1705 3712 una
1714 3674 1783 3712 cum

1035 3763 1127 3802 sensu
1146 3746 1217 3817 agit,
1237 3748 1401 3802 recondens
1420 3753 1519 3803 autern
1540 3746 1643 3802 audita
1661 3763 1696 3800 ac
1715 3763 1784 3801 con·

1036 3851 1168 3906 servans,
1182 3841 1235 3890 aut
1247 3853 1322 3906 qnae
1340 3836 1377 3891 ab
1390 3836 1458 3891 aliis
1472 3835 1610 3892 sensibus
1623 3835 1785 3890 inuruntur

1036 3933 1131 3996 notae,
1150 3923 1292 3980 memoria
1304 3925 1346 3979 fit.
1360 3925 1442 3980 Haec
1456 3923 1580 3979 visionis
1593 3922 1678 3994 ratio,
1691 3923 1781 3992 unde,

1035 4011 1117 4066 utin
1136 4011 1253 4068 Phileto
1273 4012 1348 4067 dixit
1367 4015 1512 4084 Socrates,
1525 4031 1577 4084 per
1595 4013 1739 4084 pictorem
1752 4019 1783 4067 et

1026 4101 1189 4157 librarium
1208 4104 1330 4175 pulchre
1349 4102 1380 4158 in
1398 4102 1483 4159 nobis
1503 4102 1697 4158 adumbratur
1715 4119 1781 4158 sen·

1036 4209 1088 4248 sus
1108 4197 1138 4248 et
1157 4192 1263 4248 visum.
1283 4193 1383 4248 Pictor
1402 4192 1481 4248 enim
1497 4193 1632 4265 sequitur
1644 4191 1781 4248 inductas

1036 4282 1065 4337 in
1085 4282 1216 4338 animum
1235 4283 1373 4340 sensibus
1393 4281 1479 4356 quasi
1498 4281 1613 4338 nuntiis
1624 4281 1737 4354 figuras
1751 4287 1782 4337 et

1036 4371 1195 4446 opiniones,
1214 4391 1269 4429 nec
1289 4373 1345 4428 iarn
1367 4391 1404 4430 ex
1423 4391 1513 4430 sensu
1531 4373 1652 4446 colligit.
1671 4373 1728 4429 Sed
1741 4371 1782 4428 in·

1035 4463 1153 4534 sculpta
1177 4463 1208 4517 in
1227 4461 1324 4517 animo
1342 4463 1408 4519 visa
1427 4471 1458 4518 et
1482 4461 1566 4518 ideas
1591 4462 1725 4518 intuetur
1749 4460 1780 4516 in

1034 4560 1133 4608 mente
1146 4551 1323 4618 insidentes;
1343 4551 1481 4608 librarius
1495 4570 1566 4608 vero
1581 4570 1672 4608 sensu
1683 4551 1781 4607 utitur

1034 4644 1065 4698 in
1083 4641 1192 4698 litteris
1219 4641 1456 4698 transcribendis.
1476 4641 1560 4698 Adeo
1579 4647 1661 4698 recto
1686 4641 1782 4713 picto-

1034 4751 1097 4789 rem
1115 4731 1231 4802 visioni,
1257 4731 1413 4788 librarium
1438 4749 1509 4788 vero
1536 4731 1779 4805 scriptoremque,

1035 4822 1134 4878 sensui
1155 4821 1282 4878 similem
1302 4821 1373 4877 facit
1393 4823 1546 4878 Socrates:
1572 4819 1780 4891 diversamque

1035 4911 1233 4970 substantiam
1252 4912 1362 4968 habere
1382 4912 1424 4967 sio
1442 4909 1581 4967 ostendit.
1595 4909 1672 4978 Quiri
1690 4908 1782 4963 etiam

1034 5003 1065 5059 in
1084 5003 1257 5074 Theaeteto,
1272 5018 1393 5058 sensum
1413 5019 1431 5056 a
1443 5000 1544 5058 iudicii
1557 5001 1626 5057 sede
1640 4995 1781 5054 distraxit

1069 5275 1092 5347 3)
1112 5273 1174 5330 Fol.
1194 5271 1255 5329 131.
1276 5273 1309 5324 Tb
1329 5273 1354 5322 ὀὶ
1374 5265 1404 5322 αὗ
1426 5269 1597 5340 prr-trascritti.
