3944 6074
261 371 316 428 232
819 358 901 432 coo.
921 357 1052 432 Medic.
1073 355 1266 430 uarietates.

307 535 353 604 M.
377 535 433 602 fol.
458 536 511 602 99.
535 534 592 600 Ed.
610 555 642 618 p.
660 535 736 600 398.
756 569 794 579 -
812 531 834 598 1.
860 535 879 598 2
902 545 1028 620 προσε··

265 644 383 730 θέντες)
406 641 602 734 πρόσθέντες.
620 681 661 690 -
679 643 702 709 1.
727 645 746 708 3
771 642 1010 730 ἀνααινήοομεν)

264 753 509 841 ἀνακινήσωρσν.

307 863 420 929 111101.
438 865 479 930 99
496 885 526 928 v.
543 899 581 910 --
596 861 618 927 1.
635 864 675 928 10
693 858 903 949 μηνημιίτων)
918 860 1011 944 prim.

265 969 473 1061 μηνημοίτων.
498 1007 541 1018 -
564 970 644 1036 1.11
666 958 765 1032 παῖδα
790 968 953 1055 μεγίστου)
978 991 1011 1034 π.

262 1089 318 1144 τοῦ
351 1101 421 1168 μεγ.
446 1115 490 1125 -
512 1078 534 1143 l.
562 1081 602 1143 13
635 1074 763 1166 ἱρερέος)
798 1079 943 1164 ἱμεραῖος.
971 1112 1012 1122 -

263 1190 286 1256 l.
307 1192 346 1255 19
365 1184 545 1266 εἰωθέντων)
564 1182 733 1250 εἰωθοίτων.
751 1185 831 1250 -1,
850 1186 891 1249 20
910 1183 1013 1254 Φαίη-

264 1289 324 1379 ξιν)
349 1285 494 1370 Φαίαξιν.
514 1327 553 1340 -
574 1294 595 1358 1.
621 1295 661 1358 21
688 1289 793 1379 ρασ“ν)
819 1290 922 1380 φησίν.

308 1401 352 1466 Μ.
377 1400 431 1467 101.
453 1402 525 1466 100.
546 1436 586 1446 -
602 1399 625 1464 1.
644 1401 686 1464 20
703 1397 827 1461 τελέσιν
846 1390 943 1479 ζωὴν)
961 1419 1011 1460 τε·

262 1506 336 1572 λέαν
360 1499 551 1584 ζωήν-1.
577 1508 619 1572 28
643 1506 676 1568 τί
701 1497 727 1568 δ’
752 1498 818 1588 οὖν)
843 1504 880 1568 τὸ
905 1495 931 1566 b'
958 1497 1011 1566 obn

264 1653 308 1665 -
329 1617 353 1684 l.
377 1619 419 1685 36
442 1624 497 1680 τοῦ
522 1624 625 1705 νοεροῢ
647 1613 795 1698 κάλλους)
818 1624 873 1677 τοῦ
898 1617 1012 1703 ὁρατοῦ

1067 533 1161 599 ααλλ.
1176 571 1216 579 -
1233 533 1256 598 1.
1275 534 1316 598 39
1334 525 1579 620 ἐπιστρέψαντα)
1595 525 1812 619 ἐπιτρέψαντα.

1111 636 1156 702 M.
1180 636 1234 702 10].
1264 639 1325 702 100
1350 658 1379 701 V.
1407 673 1447 683 -
1471 637 1492 701 l.
1518 639 1557 702 41
1594 625 1748 720 δεκάτην)
1771 626 1815 698 bs·

1066 742 1179 814 καέτη.
1206 781 1246 792 --·
1269 744 1292 810 l.
1317 746 1359 810 40
1376 733 1626 830 κιλυνδοΰμεναι)
1650 731 1815 806 unianimi·

1067 878 1170 942 μεναι.
1185 893 1225 904 -·
1241 852 1463 937 καθίστανται)
1477 850 1765 917 ἀποκαθίστανται.
1780 887 1815 898 -

1066 961 1087 1027 l.
1106 965 1148 1028 48
1164 961 1202 1025 τὸ
1227 969 1289 1024 τῶν
1314 961 1477 1045 τοιοίιτων)
1494 962 1548 1024 τὀν
1569 970 1631 1024 τῶν
1649 985 1683 1026 τ.
1702 998 1744 1008 -
1762 960 1813 1028 Ed.

1067 1093 1098 1156 p.
1117 1074 1191 1152 399,
1209 1071 1231 1136 1.
1251 1074 1266 1136 1
1284 1068 1369 1160 παραὶ
1383 1080 1438 1134 τοῦ
1456 1069 1581 1158 μέτρου)
1605 1069 1689 1156 πέρα
1706 1079 1761 1131 τοῦ
1784 1093 1814 1156 ρ.

1111 1178 1154 1243 Μ.
1181 1179 1237 1245 fol.
1265 1182 1337 1245 101.
1365 1218 1405 1226 -
1429 1179 1450 1245 1.
1477 1181 1497 1244 1
1521 1177 1617 1268 λέγει)
1642 1177 1759 1267 λέγεις.
1778 1213 1815 1224 -

1044 1277 1175 1363 hessius,
1201 1278 1324 1376 ραῑδρε)
1350 1281 1458 1363 δεινὸν,
1483 1293 1511 1352 oi
1539 1279 1659 1377 ραῑδρε.
1688 1325 1730 1336 -
1753 1288 1774 1352 l.
1797 1289 1813 1350 6

1067 1399 1083 1459 ὁ
1107 1387 1307 1486 λοιδορήσας)
1330 1402 1370 1472 ὡς
1394 1387 1599 1486 λοιδωρτὶσας.
1617 1396 1703 1462 -1,
1728 1395 1815 1468 9122,

1067 1507 1129 1596 γει)
1153 1505 1251 1594 λέγοι,
1276 1543 1318 1553 -
1342 1506 1364 1572 l.
1392 1508 1431 1572 10
1456 1514 1518 1569 τῶν
1543 1505 1657 1586 ὄντων)
1683 1512 1748 1568 τῶν
1770 1501 1814 1566 iu-

1067 1639 1131 1689 τως
1154 1636 1267 1680 οντων.

310 2246 354 2315 E'.
378 2248 466 2323 Τίνες
490 2251 565 2314 εἰσιν
590 2251 622 2310 αἱ
638 2257 717 2338 τρεῖς
734 2239 808 2325 ἕξεις
826 2233 888 2312 τῶν
905 2242 1023 2337 ψυχῶν,
1040 2245 1174 2322 καὶπῶς
1191 2244 1251 2317 τὴν
1267 2244 1437 2319 ποιητικὴν
1454 2243 1587 2334 τριττὴν
1614 2237 1813 2332 ἀποδείξομεν
1907 2277 1908 2280 =

267 2353 351 2420 κατὰ
375 2355 505 2433 ταύτας,
532 2346 805 2447 συνδιαιρουμένην
830 2353 886 2431 τὰς
911 2366 991 2446 τρεῖς
1015 2348 1090 2432 ἕξεις
1115 2359 1145 2419 ἐν
1169 2361 1256 2446 ἡμῖν,

320 2461 435 2538 Qualis
457 2466 500 2530 sit
522 2463 642 2551 tsiplm
665 2466 849 2530 animorum
873 2465 1011 2549 habitus,
1036 2473 1064 2530 et
1087 2463 1240 2551 quomodo
1252 2465 1408 2552 posticam
1431 2463 1602 2552 tsifariam
1626 2463 1815 2530 ostendemus

269 2571 409 2638 diuisam
425 2577 526 2662 justo
549 2585 611 2640 tres
633 2584 759 2641 nostros
781 2571 917 2638 habitus.

316 2810 394 2875 Tres
417 2820 494 2876 suut
510 2810 545 2876 in
561 2812 672 2876 animo
689 2811 780 2893 citos,
799 2811 921 2892 metitis,
938 2808 1078 2875 sotionis
1101 2818 1128 2874 et
1146 2809 1351 2894 phantasiae.
1379 2813 1391 2843 ‘⁶
1409 2809 1527 2874 Primo
1542 2819 1586 2875 est
1601 2810 1737 2896 optima,
1748 2831 1815 2896 por·

261 2916 457 3005 festissima,
482 2941 562 3007 quae
584 2919 650 2985 otiis
673 2919 886 3004 consociatur,
903 2939 1010 2983 eornm
1026 2918 1109 2982 citae
1124 2917 1302 3002 simillimo,
1319 2927 1347 2982 et
1363 2917 1421 2982 hoc
1444 2917 1659 2983 similitudine
1685 2917 1810 2984 sublimi

269 3049 341 3094 anm
364 3028 408 3092 iis
431 3029 553 3112 unitur,
571 3031 648 3116 jam
672 3050 738 3093 non·
751 3029 826 3109 sibi,
844 3026 898 3090 sed
915 3025 982 3091 iilis
998 3025 1115 3112 sinens,
1133 3026 1241 3111 ipsam
1264 3025 1392 3114 quidem
1415 3024 1651 3112 transpreciiens
1677 3034 1811 3104 montem,

268 3137 324 3201 sesi
346 3158 446 3224 usque
469 3159 636 3224 ossurpens
660 3137 704 3200 od
727 3135 889 3224 ineffabile
913 3144 1056 3200 cesstrum
1072 3136 1186 3200 unicae
1201 3134 1332 3198 deosum
1348 3134 1527 3220 hypostasis
1540 3131 1573 3215 ¹),
1592 3134 1637 3197 ita
1657 3143 1697 3197 ut
1720 3131 1815 3196 simite

268 3245 372 3311 simili
395 3248 576 3332 conjuupat,
602 3245 723 3311 lumini
744 3267 903 3330 supernae
926 3243 1070 3331 inferius
1094 3245 1210 3327 iurmeu,
1236 3245 1296 3308 ussi
1320 3244 1384 3308 enti
1407 3242 1551 3328 quoiast
1573 3263 1673 3327 snper
1697 3261 1812 3308 couneus

271 3354 436 3419 essentiam
452 3363 481 3418 et
501 3355 612 3437 citam,
629 3353 665 3418 ici
680 3353 767 3440 quod
780 3362 825 3419 est
841 3355 978 3418 unanime
1000 3375 1100 3417 unum
1116 3355 1152 3418 in
1172 3352 1312 3438 proprio
1327 3351 1506 3416 substantio
1523 3360 1552 3415 et
1570 3351 1641 3415 vito
1657 3400 1688 3430 ,,.
1713 3350 1815 3415 Altera

274 3461 414 3526 sotionis
439 3461 504 3526 sita
526 3461 633 3525 media
656 3471 708 3550 est,
734 3463 770 3527 in
793 3461 896 3526 medio
920 3463 1057 3543 animae,
1081 3462 1242 3547 moriqcra
1266 3470 1295 3525 et
1326 3459 1536 3544 didascalica,
1559 3482 1597 3523 ac
1624 3457 1829 3544 multiplicia.

272 3568 417 3634 ideonum
440 3567 630 3635 diverticula
653 3571 689 3635 in
712 3570 795 3635 idem
812 3569 946 3656 eoiiipit,
964 3579 992 3633 et
1007 3591 1088 3656 quae
1102 3579 1202 3634 mente
1219 3578 1366 3656 concepta
1387 3577 1470 3650 sunt,
1487 3591 1554 3632 uno
1577 3565 1811 3632 circumscribit.

275 3677 383 3742 Tertio
405 3675 619 3763 inferioribus
641 3677 750 3743 dedita
774 3678 907 3760 viribus,
932 3678 1077 3742 sensibus
1100 3686 1128 3742 et
1146 3678 1331 3762 phantasiis
1348 3679 1508 3764 pascitur.

315 3783 366 3847 Ita
390 3793 418 3848 et
441 3785 559 3870 triplex
575 3787 719 3874 poeticae
734 3807 847 3872 penus.
864 3786 1016 3852 Primum
1032 3795 1060 3850 et
1077 3786 1393 3872 praestantissimum
1416 3785 1538 3850 diuinis
1561 3785 1706 3850 animans
1730 3783 1813 3848 bouis
1907 3843 1908 3864 ,

271 3892 352 3976 beot,
376 3893 548 3958 intercisos
565 3894 704 3976 collocat,
721 3892 916 3981 ineffabilem
931 3896 1081 3959 unionem
1097 3916 1167 3958 oum
1183 3893 1290 3959 causis
1306 3893 1425 3958 eutium
1441 3892 1657 3975 communicat,
1684 3889 1812 3977 rspienti

271 3999 393 4085 repieta
416 4003 589 4088 conjunpit,
615 4001 654 4065 ab
679 4002 767 4066 omni
796 4003 931 4067 materia
961 4002 1130 4086 abstrahit,
1155 4001 1279 4067 coelesti
1302 4000 1422 4065 iumine
1452 3999 1603 4082 illustrat,
1632 3999 1745 4063 diuino
1767 3999 1812 4060 iu·

272 4109 380 4175 cendit
402 4111 485 4196 ique,
502 4117 532 4177 ct
550 4110 689 4197 perficit,
706 4119 742 4174 ut
765 4111 898 4176 oracula
921 4113 1026 4196 aiunt,
1051 4133 1176 4198 unoque
1199 4121 1227 4176 et
1250 4111 1360 4176 diuino
1384 4108 1511 4175 vincalo
1531 4109 1727 4195 participem
1749 4127 1813 4170 ceu·
1907 4095 1908 4111 ¹

272 4219 379 4302 nectit,
396 4228 425 4283 et
434 4219 688 4305 participantem
712 4239 750 4282 ea
773 4219 893 4303 unifica
917 4222 1112 4306 coaptatione
1134 4221 1327 4285 diviniorem
1350 4218 1449 4307 efficit,
1473 4223 1503 4284 ci
1527 4216 1692 4305 iuferiora
1713 4213 1814 4280 omnio

271 4327 412 4410 animos,
430 4349 468 4390 ac
482 4324 621 4413 subjecta
637 4336 666 4391 et
681 4325 855 4412 recondito,
872 4327 916 4392 aa
939 4329 1072 4394 meliora
1087 4351 1168 4417 quoe
1184 4329 1251 4414 ipsi
1266 4327 1382 4394 idonea
1396 4336 1470 4394 sunt
1485 4326 1593 4411 evehit,
1611 4333 1638 4390 et
1657 4323 1770 4390 statuit
1781 4316 1809 4406 Ἰ.

306 4576 328 4649 ¹)
348 4577 399 4634 Τὴν
418 4578 462 4646 μὲν
483 4575 586 4646 ἀρίστην
606 4582 648 4630 uni
667 4581 821 4635 τιλιωτάτην
841 4577 895 4632 καθ’
915 4581 944 4636 ἣν
964 4599 1019 4631 σον-

270 4671 377 4721 ἀπτιται
390 4671 440 4726 τοῖς
459 4669 519 4726 θεοῖς
533 4671 575 4718 καί
590 4669 620 4737 ζῇ
634 4669 677 4724 τὴν
695 4669 791 4730 ἐκείνοις
811 4673 1018 4742 σιγγενιστάτην,

267 4764 312 4811 nai
332 4756 363 4810 δι’
378 4757 521 4828 ὁμοιότητος
541 4759 619 4828 ἄκρας
639 4761 765 4828 ἢνωριίνην
785 4762 857 4827 ζωὴν,
872 4761 916 4829 οὐχ
930 4763 1018 4821 iusti:

269 4851 350 4914 οὖσαν,
372 4847 429 4899 ἁλλ’
448 4844 543 4900 ἐκείνων
562 4847 702 4920 (sensui,
715 4849 767 4906 sed
781 4850 903 4907 deornm
919 4850 1018 4924 juris),

269 4940 445 5008 ὑποδραμοῦσα
465 4941 508 5006 μίν
528 4941 569 4990 τίν
589 4941 677 4999 iunci:
697 4943 759 5007 νοῦν,
780 4943 926 5014 ἀνεγείρασα
945 4946 971 4994 δὲ
992 4945 1018 4994 τὸ

269 5032 374 5099 ἄρρητον
395 5029 507 5099 σύνθημα
526 5034 569 5090 τῆς
589 5033 638 5082 τῶν
658 5033 717 5082 θεῶν
738 5032 828 5092 inscio:
851 5033 1018 5099 ὑποστάσεως,

271 5125 313 5172 uoi
327 5120 456 5188 συνάψασα
476 5123 510 5190 τῷ
532 5121 608 5193 ὁμοίῳ
630 5125 657 5174 τὸ
677 5123 769 5191 ὅμοιον,
784 5125 819 5192 τῷ
838 5123 890 5176 insi
907 5129 970 5194 φωτὶ
990 5127 1017 5176 τὸ

270 5210 357 5268 ἑαυτῆς
372 5211 432 5280 puis,
454 5212 488 5281 τῷ
508 5213 567 5282 οπ1ρ
587 5211 669 5264 αἰσίαν
688 5217 772 5263 πᾶσαν
786 5217 829 5263 καί
845 5212 908 5273 ζωὴν
928 5213 971 5276 ἐνὶ,
990 5215 1018 5264 τὸ

1072 4579 1249 4632 ίνοιιδίστατον
1263 4579 1307 4636 τὴν
1322 4582 1365 4639 τῆς
1381 4579 1472 4639 οἰκείας
1487 4578 1569 4638 οὐσίας
1583 4598 1610 4631 τι
1623 4586 1667 4633 καὶ
1681 4583 1749 4640 ζωῆς.
1763 4573 1811 4629 Vix

1071 4688 1131 4726 non
1144 4669 1308 4726 christiano
1320 4669 1452 4740 Procius,
1466 4667 1555 4724 immo
1570 4673 1601 4726 st
1611 4665 1811 4742 Areopagitica

1072 4761 1103 4817 in
1116 4779 1241 4834 pravum
1253 4760 1474 4832 panthsismum
1487 4759 1648 4833 detorquet
1667 4767 1699 4816 et
1717 4759 1810 4831 depru-

1072 4858 1133 4906 ναι.
1153 4851 1222 4908 Cod.
1241 4851 1281 4906 M.
1301 4849 1352 4908 fol.
1373 4850 1423 4906 101
1444 4869 1474 4910 v.

1109 4939 1131 5013 ²)
1143 4945 1192 4992 Καὶ
1202 4945 1251 5012 γὰρ
1262 4941 1354 5000 ταύτης
1365 4939 1439 5011 (eod.
1450 4938 1500 4995 fol.
1512 4939 1602 5012 102)1,
1615 4939 1659 5011 μέν
1674 4937 1736 4992 ἔστιν
1749 4940 1809 5004 ἂκρα·

1074 5033 1140 5084 coitu
1161 5036 1204 5082 ιιαί
1224 5031 1320 5100 πλίρης
1341 5033 1389 5081 τῶν
1409 5031 1658 5110 οιίων1ιγαοιῦν,ααὶ
1677 5029 1756 5087 αὐτοῖς
1773 5027 1810 5076 tu·

1074 5121 1179 5190 δρύινοα
1199 5120 1242 5176 τὴν
1263 5121 1342 5188 ψυχὴν
1360 5125 1410 5180 ταῖς
1424 5117 1513 5180 αἰτίοις
1526 5122 1575 5172 τῶν
1589 5121 1665 5172 ὄντων
1684 5124 1747 5172 κατὰ
1763 5113 1807 5166 mi
1905 5169 1906 5172 ,

1073 5232 1099 5264 τι
1119 5212 1201 5263 ἕνωσιν
1215 5214 1320 5280 ἄρρατον
1334 5213 1367 5270 ιἰς
1381 5211 1470 5263 ταύτὸν
1482 5215 1578 5283 ἄγουσα
1592 5213 1628 5281 τῷ
1641 5213 1768 5280 πλπριῦιτι
1784 5206 1805 5254 ti
