4008 6068
781 535 965 611 Macarius
982 534 1133 629 Magnes
1693 547 1728 607 er

183 710 224 776 ad
245 709 415 778 coelestem
437 710 586 795 patriam,
610 731 746 797 regnum
768 713 1007 796 sempiternum,
1033 711 1088 777 nbi
1111 714 1205 778 antea
1227 733 1291 778 non
1314 711 1431 795 fuerat,
1454 733 1524 780 eam
1549 714 1729 784 conlocarit

183 819 217 884 in
240 817 377 905 gloriam
399 819 637 904 sempiternam.

230 925 558 996 semiarianorum
574 925 697 1008 Patris,
710 926 742 993 id
756 930 805 992 est
820 930 1013 1011 potestatem
1024 923 1048 1008 ¹)
1065 932 1233 1012 paternam
1249 934 1281 995 et
1297 951 1334 994 eo
1348 929 1468 996 honore
1484 951 1548 1015 quo
1565 929 1652 997 Deus
1671 935 1729 999 est.

227 1035 311 1103 Iuda
331 1041 486 1104 aucturus
508 1041 556 1103 est
572 1035 723 1119 judicare
745 1036 833 1102 eicos
855 1041 885 1101 et
906 1034 1172 1102 maraviae
1193 1036 1270 1102 dicit
1292 1058 1345 1103 eos
1368 1059 1447 1122 quos
1470 1041 1548 1105 tunc
1571 1039 1727 1106 adventus

184 1143 369 1211 Dominicns
392 1144 427 1210 in
449 1165 583 1229 corpore
606 1143 749 1211 virentes
771 1143 937 1224 invenerit,
962 1146 996 1209 et
1018 1147 1160 1210 mortuos
1180 1143 1248 1229 jam
1270 1147 1345 1211 ante
1377 1143 1530 1230 sepultos.
1554 1145 1597 1212 Et
1626 1145 1731 1230 aliter,

183 1249 325 1336 judicare
347 1250 436 1316 vivos
456 1251 571 1336 justos,
594 1254 628 1316 et
651 1254 794 1316 mortuos
816 1255 1009 1334 peccatores.

229 1361 285 1429 Aa
307 1361 400 1446 cujus
422 1361 593 1430 Monetam
617 1357 729 1446 [usqne
752 1357 801 1444 ad]
826 1379 893 1426 cecc
915 1381 981 1428 acu
998 1361 1133 1443 poteris.
1157 1359 1298 1426 Erimon
1312 1355 1350 1442 2).

302 1991 309 1998 ·
419 1943 981 2081 MAOARIUS
1043 1945 1507 2079 Maelius,

833 2537 1096 2608 MONITUM.

237 2752 342 2831 Quum
355 2754 434 2820 mihi
449 2754 554 2840 primo
569 2753 716 2840 contigit,
731 2754 764 2820 in
781 2755 840 2822 hac
857 2760 973 2839 aetate,
990 2756 1130 2841 plurima
1147 2761 1179 2821 et
1195 2755 1359 2841 praeclara
1375 2755 1534 2844 Magnetis
1549 2758 1734 2845 fragmenta

192 2887 231 2931 ex
254 2863 485 2930 Antirrhcticic
507 2863 609 2928 sancti
633 2861 810 2947 Nicephori
833 2861 895 2930 GP.
919 2864 952 2929 in
976 2865 1080 2930 lnoem
1096 2865 1200 2945 edere,
1216 2864 1342 2930 nullum
1364 2869 1438 2950 post
1461 2866 1539 2932 haec
1561 2887 1625 2932 non
1649 2867 1754 2933 movi*

193 2973 345 3059 lapidem,
369 2976 407 3039 ut
430 2970 525 3058 plura
548 2971 731 3056 reperirem.
757 2951 820 3038 Sec
841 2971 963 3038 frustra
985 2969 1168 3039 in'nun'reros
1182 2972 1394 3039 lustraveram
1416 2971 1543 3057 pluteos
1565 2972 1737 3040 bibliothe-

192 3101 312 3161 carum,
336 3101 435 3165 quum
458 3079 492 3144 in
514 3077 705 3146 Vaticanam
729 3080 957 3164 exinopinata
980 3080 1143 3165 appulsus,
1166 3079 1263 3147 incidi
1284 3079 1395 3147 stetim
1419 3081 1451 3147 in
1475 3081 1615 3147 codicem
1637 3081 1738 3167 Regi-

192 3209 333 3269 nensem,
356 3187 412 3273 qui
434 3185 531 3252 simul
553 3187 632 3252 mihi
656 3186 775 3253 obtulit
797 3186 986 3254 Melitenam
1009 3187 1083 3277 Περὶ
1105 3190 1236 3277 λουτροῦ
1265 3191 1298 3254 et
1320 3187 1505 3274 Magnetem
1529 3190 1567 3256 de
1592 3189 1736 3278 fenicie,

193 3297 231 3363 dc
254 3295 335 3362 Elia
356 3298 389 3360 et
413 3294 451 3360 de
473 3293 576 3378 Apuo.
751 3363 755 3372 ,

238 3403 360 3470 Aderat
376 3402 455 3469 mihi
470 3403 611 3488 optimus
627 3402 741 3482 socius,
757 3400 930 3469 Anselrnus
945 3403 1075 3486 Nickes,
1091 3404 1124 3469 in
1141 3410 1251 3472 sancto
1268 3403 1370 3472 Paulo
1386 3411 1477 3471 extra
1492 3403 1613 3472 Urbem
1629 3428 1738 3472 mona-

194 3512 283 3590 chus,
307 3509 362 3594 qui
385 3513 456 3575 tum
478 3509 617 3594 primum
641 3510 763 3576 codices
787 3531 917 3594 graecos
940 3533 1012 3578 eum
1036 3512 1128 3577 avido
1150 3512 1305 3597 neophyti
1329 3511 1421 3578 oculo
1443 3512 1624 3578 hauriebat.
1646 3512 1739 3579 Meli·

194 3624 305 3686 tonem
327 3619 417 3700 mihi,
434 3617 619 3704 Magnetem
634 3617 719 3692 socio
736 3618 905 3698 reservavi,
922 3622 1017 3703 pacta
1033 3640 1070 3684 ee
1085 3618 1273 3698 conditione,
1291 3623 1327 3683 ut
1342 3619 1565 3704 qualicumque
1588 3619 1739 3706 indagine

195 3731 228 3794 et
251 3731 379 3809 conato,
401 3727 541 3794 codicem
564 3730 808 3812 persequeretur
831 3723 1093 3805 Ottoboniannm,
1117 3726 1237 3810 inquo
1261 3726 1361 3792 latere
1384 3726 1516 3793 Masurii
1547 3725 1694 3792 homilias
1718 3749 1738 3792 a

194 3835 322 3902 saeculo
334 3835 509 3902 dicebatur.
523 3833 584 3900 Sed
597 3833 683 3921 fugit
694 3834 853 3915 volumen,
867 3833 1024 3915 Boirinio,
1036 3833 1209 3914 Bandnrio,
1221 3833 1342 3920 Magno
1354 3833 1465 3902 Crusio
1481 3839 1602 3916 notum,
1617 3833 1740 3902 frustra

193 3944 235 4009 ab
258 3941 412 4010 Anselmo
436 3948 546 4010 nostro
567 3942 789 4028 perquisitum,
806 3941 914 4024 donea,
931 3965 1030 4028 quum
1046 3963 1108 4028 ego
1124 3964 1163 4008 ex
1179 3941 1355 4008 minoribus
1371 3942 1455 4008 exire
1471 3942 1612 4028 juberer,
1636 3943 1739 4010 socius

193 4073 338 4118 moerore
361 4052 500 4136 quodam
524 4055 745 4135 consumptua,
760 4049 950 4117 Vaticanum
973 4051 1125 4135 primum,
1142 4073 1216 4116 mox
1238 4051 1338 4116 ritem
1361 4049 1500 4142 reliquit,
1526 4050 1636 4117 multis
1659 4050 1739 4118 haul
1842 4123 1845 4132 ,

193 4158 319 4238 flebilis,
343 4158 424 4224 mibi
446 4157 600 4225 flebilior:
625 4159 715 4244 cujus
738 4159 910 4225 memoriae
934 4156 1149 4243 pientissimae
1171 4156 1284 4224 foliola
1305 4179 1404 4224 voveo
1428 4158 1564 4224 residua.

239 4267 353 4352 Neque
370 4267 478 4334 obstat
493 4266 578 4352 quod
594 4267 703 4332 eadem
720 4265 881 4333 Ludorico
897 4266 1065 4333 Dnchesne
1081 4266 1168 4333 ultro
1183 4265 1334 4346 concessi,
1347 4270 1384 4331 ut
1399 4265 1511 4334 doctor
1527 4264 1740 4346 salutaretur;

195 4376 286 4462 cujus
309 4377 428 4462 quippe
451 4375 595 4442 laureato
612 4369 637 4458 ⁸)
661 4371 770 4438 libello
794 4394 852 4439 nec
872 4373 925 4458 jus
947 4373 1124 4459 publicum,
1141 4395 1199 4440 nec
1223 4374 1284 4440 nisi
1308 4373 1458 4459 exiguum
1474 4395 1623 4459 campum
1639 4395 1741 4459 neque

198 4485 261 4552 alia
276 4507 371 4571 quam
388 4505 502 4572 graeca
525 4483 599 4550 dare
618 4481 727 4563 licuit;
743 4481 822 4548 adeo
845 4485 883 4547 ut
899 4503 969 4548 meo
981 4481 1055 4568 jure
1071 4481 1261 4567 postliminii
1277 4481 1326 4548 uti
1343 4485 1376 4548 et
1391 4481 1457 4548 frui
1472 4485 1670 4548 reservatum
1686 4481 1740 4550 eit.

235 4784 257 4861 ¹)
276 4784 346 4845 (ted.
359 4785 600 4859 prosperitatem,
613 4797 686 4842 moa
703 4784 785 4858 meod
802 4782 893 4842 Deae.
998 4782 1099 4857 potins
1117 4783 1222 4857 opinor
1239 4799 1329 4857 qnam
1346 4781 1502 4857 interpreti
1519 4783 1630 4840 lectum
1648 4781 1744 4841 fnisse

232 4876 259 4951 ¹)
277 4875 358 4933 Illud
376 4876 497 4948 capreae
514 4891 575 4931 non
590 4871 716 4947 impedit
728 4871 800 4947 quin
812 4871 945 4944 reliquus
1000 4872 1170 4947 symbolum
1197 4891 1335 4932 mancum
1360 4891 1395 4931 ac
1412 4872 1534 4934 brevius
1554 4889 1645 4947 qnam
1665 4889 1744 4932 nuno

197 4963 429 5025 commentarius
456 4961 597 5022 videatur
621 4961 653 5019 in
680 4961 780 5019 codice
806 4960 945 5018 omissus.
997 4963 1030 5022 in
1047 4964 1184 5022 Ecclesia
1201 4964 1353 5023 recitatur.

198 5057 333 5115 Deficere
358 5071 427 5113 enm
451 5054 482 5111 in
499 5055 557 5110 hoo
581 5053 640 5111 flne
664 5057 696 5110 et
721 5050 792 5110 alibi
817 5051 946 5110 codicem
1037 5053 1061 5127 ³)
1080 5055 1125 5112 De
1143 5056 1280 5112 Macaria
1297 5057 1437 5128 Magnete
1454 5053 1542 5112 thesis
1558 5050 1646 5111 Paris
1664 5049 1744 5109 1877.
