3940 6072
838 523 996 598 Veterem
1027 513 1034 516 ’
1635 532 1691 592 tot

142 697 268 788 θεμέλια
291 701 391 775 αὐτῆς
414 691 567 789 ἐστήριξε.
586 695 647 764 Καί
662 707 727 774 πῶς
750 695 833 774 λίθος
849 695 890 774 είς
907 697 967 771 τήν
984 697 1151 789 σύμπασαν
1167 703 1406 793 περικρατήσεις
1425 740 1467 753 -
1483 703 1563 770 ’Ότι
1579 703 1633 768 καί
1648 699 1689 781 είς

142 808 219 884 Θιδς
243 807 346 898 μόνος,
369 807 423 872 καί
445 805 552 872 πὰντα
574 809 688 872 ἔκτισε.
713 819 757 883 -ζ-

634 1113 691 1178 ΙΓ’.
716 1113 816 1204 Νόμος
840 1123 896 1180 τοῦ
914 1117 1149 1205 ·Τραχηλαρίου
1166 1115 1199 1200 ¹).

190 1361 234 1427 ÷
257 1352 311 1426 Τίς
335 1349 494 1423 ἑπλοίνησε
517 1351 590 1427 τοὺς
614 1350 748 1435 Διονύσῳ
770 1350 971 1432 πεποιθότας,
995 1352 1099 1442 λέγειν
1122 1352 1191 1442 περί
1216 1345 1311 1418 αὑτοῦ
1336 1355 1385 1418 ὅτι
1410 1353 1459 1418 ἀεί
1482 1352 1616 1444 ἄναρχος
1640 1351 1692 1430 ὢν,

143 1452 175 1538 ἑξ
200 1451 386 1550 ἁνυθρίστου
410 1457 563 1548 παρθένου
587 1457 715 1550 ἐτέχθη,
739 1462 909 1550 ἀλλοτρίαν
933 1453 1022 1538 ἀξίαν
1046 1459 1207 1538 ἐπιθέντας
1225 1466 1328 1544 αὑτῷς
1352 1467 1368 1526 ὁ
1392 1461 1452 1552 γὰρ
1476 1463 1526 1528 ἀεί
1550 1463 1692 1553 ἄναρχος,

142 1572 158 1630 ὁ
181 1577 240 1645 τῆς
258 1568 306 1634 ἀεί
321 1569 457 1658 ἁνείρχου
475 1570 578 1644 οὐσίας
596 1566 648 1644 ὢν,
665 1567 835 1656 ἐπικλήρου
852 1568 956 1642 οὐσίας
974 1559 1156 1657 δρὰττεται,
1175 1572 1233 1659 οὐχ
1249 1562 1335 1660 θήριν
1352 1573 1383 1636 ἐν
1400 1570 1504 1654 τούτῳ
1518 1561 1694 1661 δεχόμενος·

141 1677 180 1750 ήν
204 1676 265 1768 γὰρ
282 1678 399 1742 ἔπλασε
416 1669 598 1766 λαμθοίνων,
617 1679 673 1742 οὐκ
690 1677 726 1740 ἁν
743 1677 838 1741 αὐτοῦ
856 1677 1014 1766 ήγήσεται
1030 1669 1124 1766 ὕθριν.
1142 1675 1226 1744 Ἐκεῖ
1244 1677 1392 1769 παρθένος
1416 1677 1567 1756 πανθὲνον
1591 1681 1692 1770 σάρκα

143 1794 285 1874 χορηγεῖ,
309 1793 354 1867 τῷ
379 1781 434 1873 μὲν
458 1781 585 1872 σώματι
608 1780 736 1874 ἀμιγὴς,
759 1792 801 1868 τῇ
827 1772 862 1848 δὲ
884 1781 1016 1872 γλώττῃ
1044 1775 1191 1872 ἀψευδής,
1213 1777 1301 1852 ἔνδον
1325 1789 1405 1877 ἔχων
1436 1787 1540 1868 πάσης
1563 1789 1692 1881 χὰριτος

146 1889 310 1981 ενίργειαν.
334 1903 378 1966 ÷

735 2041 1107 2052 ——u—-r--n———u--n-

793 2322 1044 2408 Σιιιροιιιιί

146 2546 182 2609 ἐκ
204 2551 268 2608 τῶν
290 2547 435 2609 παλαιῶν
451 2543 627 2636 ριλοσιίρων
644 2554 708 2611 τῶν
725 2543 883 2618 Ἐλλήνων
900 2544 974 2635 πρδς
990 2542 1050 2616 τήν
1067 2546 1161 2636 ἁγίαν
1178 2545 1232 2610 καί
1249 2544 1451 2612 θεόπνευστον
1468 2546 1540 2614 νίαν
1558 2544 1693 2636 γραφήν,

143 2653 242 2725 ήτουν
266 2642 421 2732 ἀπόδειξις
444 2653 499 2718 καί
522 2656 653 2744 ἔλεγχος
677 2653 748 2718 κατ’
768 2656 870 2719 αὐτῶν
887 2652 956 2743 περί
971 2663 1029 2730 τῆς
1046 2656 1137 2744 ἁγίας
1155 2653 1207 2718 καί
1223 2653 1400 2743 ὁμοιούσιας
1424 2655 1478 2720 καί
1501 2655 1693 2744 ὑπερουσίας.

146 2752 321 2851 ἀδιαιρέτου
346 2753 535 2851 δημιουργοῦ
559 2755 736 2853 ζωαρχικῆς
759 2786 796 2830 τε
820 2763 875 2828 καί
896 2773 1115 2854 προσκυνητῆς
1139 2755 1281 2854 Τριάδος,
1299 2763 1421 2853 Πατρδς
1437 2763 1521 2854 λέγω
1545 2764 1599 2829 καί
1622 2770 1693 2830 rtet

144 2869 313 2960 καίὰγίου
337 2870 529 2960 Πνεὺριατος,
553 2870 688 2946 καὶτῆς
713 2869 909 2963 ὑπεραγοίθου
935 2870 989 2935 καί
1019 2867 1237 2962 φιλανθρώπου
1262 2871 1411 2960 ἐνσὰρκου
1439 2872 1616 2960 οἰκονομίας
1639 2881 1695 2936 τοῦ

146 2977 211 3055 ἑνδς
234 2988 292 3055 της
318 2982 415 3056 αὐτῆς
439 2978 621 3044 πανσίπτοιι
645 2980 699 3044 καί
721 2979 926 3070 πανυμνήτου
951 2979 1106 3070 μακαρίας
1130 2969 1272 3069 Τριείδος,
1298 2983 1376 3046 Θεοῦ
1400 2979 1510 3071 Λόγου,

907 3306 933 3372 Ι.

581 3519 655 3611 Περί
670 3531 728 3598 τῆς
745 3521 836 3613 ἁγίας
853 3519 906 3585 καί
921 3521 1102 3587 πανσέπτου
1119 3512 1259 3612 Τριὰδος.

510 3737 639 3828 Ἑρμοῦ
669 3738 757 3827 πρὸς
790 3735 1033 3814 Ἀσκλήπιον,
1064 3736 1147 3830 περί
1177 3746 1268 3804 θεοῦ
1294 3737 1329 3820 ³).

191 3957 236 4021 Οὐ
259 3952 320 4044 γὰρ
343 3955 468 4042 ἔφικτον
494 3958 536 4031 είς
560 3955 721 4044 ἀμυήτους
744 3965 877 4020 τοιαῦτα
901 3955 1058 4046 μυστήρια
1074 3951 1275 4046 παρέχεσθαι·
1293 3951 1377 4018 ἁλλὰ
1392 3961 1438 4037 τῷ
1457 3954 1506 4018 voi
1528 3952 1694 4018 ἀκούσατε·

235 4075 281 4137 -ζ-
297 4061 353 4128 Ἕν
377 4062 471 4150 μόνον
496 4059 546 4146 ήν,
570 4073 632 4152 φῶς
655 4063 759 4153 νοερὸν
782 4063 841 4152 πρὸ
864 4073 919 4128 τοῦ
936 4064 1038 4154 ρωτθς
1054 4073 1168 4154 νοεροῦ,
1194 4062 1248 4127 καί
1271 4062 1355 4128 Ιεστίν
1380 4061 1430 4128 ἀεί
1453 4072 1520 4138 νοῦς
1543 4061 1611 4140 νοδς
1635 4085 1696 4153 oro·

147 4184 191 4246 ÷
214 4171 324 4255 τεινδς,
342 4171 395 4236 καί
412 4162 499 4236 οῦδὲν
524 4172 626 4262 ἕτερον
650 4167 689 4246 ήν
710 4177 730 4246 ή
749 4171 864 4237 τούτου
880 4171 1001 4248 ἑνότης·
1018 4173 1102 4238 ἔστιν
1120 4174 1150 4238 ἐν
1168 4173 1253 4256 αὐτῷ
1269 4169 1314 4250 δν,
1338 4170 1422 4236 ἐστίν
1440 4180 1485 4255 τῷ
1504 4174 1617 4238 ἑαυτοῦ
1641 4170 1697 4252 voi,

149 4292 193 4355 ÷
217 4278 271 4344 καί
294 4279 375 4370 ρωτί
398 4280 452 4345 καί
474 4279 631 4370 πνεῦματι
654 4279 696 4345 τὰ
719 4280 826 4346 πάντα
849 4280 995 4372 περιέχει.
1020 4293 1065 4358 -ξ-

182 4640 205 4714 ¹)
225 4644 275 4706 Καὶ
296 4643 466 4711 τραχηλίσυε
481 4643 506 4692 ὀί
519 4646 587 4693 κατὰ
600 4641 763 4712 ψευδωνύμου
780 4643 839 4694 trev
859 4642 899 4694 ιί-
950 4643 992 4702 rie
1010 4642 1167 4717 pistorem.
1187 4641 1298 4699 Vereor
1317 4658 1354 4698 ne
1367 4639 1471 4698 eedem
1490 4623 1648 4696 ooourrout
1666 4637 1697 4695 in

145 4750 197 4803 γον
216 4733 343 4802 ίσικρίτιι
362 4737 405 4784 καί
424 4736 520 4802 caprei
537 4736 624 4784 rotro„
951 4735 1052 4807 eliqua
1069 4733 1168 4807 priseo
1186 4731 1377 4804 'I'riemegieti
1395 4730 1540 4802 editione;
1560 4728 1614 4787 sed
1632 4745 1698 4785 eue-

181 4822 205 4892 2)
224 4821 271 4878 Ex
283 4820 378 4878 Vetie.
393 4821 469 4878 2200
480 4839 508 4894 p.
521 4822 575 4877 444
589 4821 625 4878 de
638 4839 698 4895 quo
711 4821 748 4878 of.
762 4822 849 4879 Αιισί.
865 4839 898 4892 11,
950 4821 1043 4894 piouri
1062 4821 1154 4893 lubet,
1175 4821 1235 4878 isto
1252 4823 1335 4894 λόγια,
1352 4820 1526 4894 priusquam
1542 4817 1688 4876 hermetio

145 4927 173 4982 p.
194 4911 254 4967 137.
273 4910 355 4982 Μείἰ,
375 4911 446 4969 eon.
465 4929 544 4970 ιιοιια
565 4917 620 4970 ναί.
639 4913 692 4970 SS.
712 4919 733 4969 t.
752 4928 804 4982 vn,
824 4931 853 4986 p.
874 4914 897 4970 1.
950 4912 1026 4984 libri,
1046 4912 1118 4986 quin
1138 4918 1169 4968 et
1185 4914 1307 4971 Perrica
1325 4910 1532 4981 conderentur,
1548 4909 1613 4982 jem
1632 4909 1699 4968 vul·

146 4999 193 5054 Ex
212 5001 379 5074 ampullose
397 5001 488 5057 titulo
511 5000 686 5057 subodorari
703 5000 775 5058 licet
793 5000 898 5059 ludum
951 5007 1025 5075 gete
1042 5003 1099 5060 hoo
1118 4997 1264 5075 ninguluri
1287 5002 1375 5058 modo
1399 5000 1520 5058 fuerint.
1540 5000 1698 5058 Caeterum

147 5104 250 5144 eorum
270 5088 320 5161 qui
339 5089 414 5146 heeo
432 5088 621 5162 invenerunt,
635 5091 713 5148 eerio
731 5089 861 5147 fortusse
880 5109 899 5148 ε
950 5093 1061 5166 pagine
1079 5095 1133 5150 444
1144 5093 1234 5152 istius
1247 5090 1475 5150 insolentissimi
1492 5091 1602 5148 oodioir
1620 5091 1700 5148 born·

149 5177 312 5236 serioribue
331 5185 462 5252 accepte.
950 5183 1050 5256 byoini
1063 5183 1296 5257 photographioe
1308 5182 1339 5238 in
1349 5182 1405 5238 hoo
1418 5188 1498 5238 tomo
1511 5181 1698 5254 exprimitur.

184 5267 209 5343 ³)
228 5267 272 5326 Gi
291 5287 383 5342 supro
401 5287 428 5343 p.
442 5269 496 5326 292
509 5269 636 5328 niteram
648 5269 784 5344 ejusdem
802 5269 899 5329 furfu·
950 5271 994 5331 cf.
1014 5273 1042 5331 S.
1061 5271 1166 5348 cyrilli
1184 5272 1252 5328 πᾶν.
1271 5271 1384 5330 Jniion.
1403 5271 1470 5326 Pet.
1489 5269 1533 5342 76,
1552 5271 1617 5330 554.

291 5394 387 5452 Auni„
406 5409 435 5468 ν,
453 5396 497 5453 20.
