<?xml version="1.0" encoding="UTF-8"?>
<!DOCTYPE html PUBLIC "-//W3C//DTD XHTML 1.0 Transitional//EN"
    "http://www.w3.org/TR/xhtml1/DTD/xhtml1-transitional.dtd">
<html xmlns="http://www.w3.org/1999/xhtml" xml:lang="en" lang="en">
 <head>
  <title>
</title>
<meta http-equiv="Content-Type" content="text/html;charset=utf-8" />
  <meta name='ocr-system' content='tesseract 3.04.00' />
  <meta name='ocr-capabilities' content='ocr_page ocr_carea ocr_par ocr_line ocrx_word'/>
</head>
<body>
  <div class='ocr_page' id='page_1' title='image "./analectasacrasp02pitrgoog_0449.png"; bbox 0 0 3944 6074; ppageno 0'>
   <div class='ocr_carea' id='block_1_1' title="bbox 315 460 1298 554">
    <p class='ocr_par' dir='ltr' id='par_1_1' title="bbox 315 460 1298 554">
     <span class='ocr_line' id='line_1_1' title="bbox 315 460 1298 554; baseline 0.014 -33"><span class='ocrx_word' id='word_1_1' title='bbox 315 465 369 521; x_wconf 80' lang='lat'>190</span> <span class='ocrx_word' id='word_1_2' title='bbox 875 460 1030 533; x_wconf 80' lang='lat' dir='ltr'><em>Tertium</em></span> <span class='ocrx_word' id='word_1_3' title='bbox 1049 468 1298 554; x_wconf 73' lang='grc' dir='ltr'>ιινμιιικσιιῖαικ.</span> 
     </span>
    </p>
   </div>
   <div class='ocr_carea' id='block_1_2' title="bbox 311 627 1906 3211">
    <p class='ocr_par' dir='ltr' id='par_1_2' title="bbox 315 627 1846 946">
     <span class='ocr_line' id='line_1_2' title="bbox 315 627 1845 726; baseline 0.003 -26"><span class='ocrx_word' id='word_1_4' title='bbox 315 632 370 722; x_wconf 53' lang='grc' dir='ltr'>ὁὶ)</span> <span class='ocrx_word' id='word_1_5' title='bbox 394 633 454 724; x_wconf 85' lang='grc' dir='ltr'>πρό</span> <span class='ocrx_word' id='word_1_6' title='bbox 479 636 585 708; x_wconf 79' lang='grc' dir='ltr'>αὐτοῦ,</span> <span class='ocrx_word' id='word_1_7' title='bbox 611 636 715 698; x_wconf 91' lang='grc' dir='ltr'>καίτοι</span> <span class='ocrx_word' id='word_1_8' title='bbox 737 633 766 724; x_wconf 76' lang='grc' dir='ltr'>γ’</span> <span class='ocrx_word' id='word_1_9' title='bbox 784 638 878 725; x_wconf 74' lang='grc' dir='ltr'>ἐχρῆν</span> <span class='ocrx_word' id='word_1_10' title='bbox 903 635 956 699; x_wconf 86' lang='grc' dir='ltr'>καί</span> <span class='ocrx_word' id='word_1_11' title='bbox 971 645 1027 699; x_wconf 84' lang='grc' dir='ltr'>τοῦ</span> <span class='ocrx_word' id='word_1_12' title='bbox 1045 640 1075 700; x_wconf 92' lang='grc' dir='ltr'>έν</span> <span class='ocrx_word' id='word_1_13' title='bbox 1093 627 1232 700; x_wconf 76' lang='grc' dir='ltr'>Φαίδωνι</span> <span class='ocrx_word' id='word_1_14' title='bbox 1258 635 1479 726; x_wconf 62' lang='grc' dir='ltr'>Σωκράτουςῗ)</span> <span class='ocrx_word' id='word_1_15' title='bbox 1505 638 1625 703; x_wconf 76' lang='grc' dir='ltr'>ἀκούειν</span> <span class='ocrx_word' id='word_1_16' title='bbox 1650 641 1794 723; x_wconf 85' lang='grc' dir='ltr'>βοῶντος,</span> <span class='ocrx_word' id='word_1_17' title='bbox 1814 646 1845 716; x_wconf 84' lang='grc' dir='ltr'>ῶς</span> 
     </span>
     <span class='ocr_line' id='line_1_3' title="bbox 316 734 1846 836; baseline 0.003 -30"><span class='ocrx_word' id='word_1_18' title='bbox 316 743 375 832; x_wconf 82' lang='grc' dir='ltr'>ἄρα</span> <span class='ocrx_word' id='word_1_19' title='bbox 400 735 487 808; x_wconf 87' lang='grc' dir='ltr'>οὐδέν</span> <span class='ocrx_word' id='word_1_20' title='bbox 512 744 609 817; x_wconf 78' lang='grc' dir='ltr'>οὕτως</span> <span class='ocrx_word' id='word_1_21' title='bbox 634 736 715 807; x_wconf 80' lang='grc' dir='ltr'>οἶδεν</span> <span class='ocrx_word' id='word_1_22' title='bbox 740 734 861 806; x_wconf 93' lang='grc' dir='ltr'>συνδεῖν</span> <span class='ocrx_word' id='word_1_23' title='bbox 886 742 927 807; x_wconf 77' lang='grc' dir='ltr'>ταί</span> <span class='ocrx_word' id='word_1_24' title='bbox 951 744 1027 807; x_wconf 82' lang='grc' dir='ltr'>ὄντα</span> <span class='ocrx_word' id='word_1_25' title='bbox 1052 744 1105 808; x_wconf 85' lang='grc' dir='ltr'>καὶ</span> <span class='ocrx_word' id='word_1_26' title='bbox 1121 745 1260 833; x_wconf 75' lang='grc' dir='ltr'>συνέχειν</span> <span class='ocrx_word' id='word_1_27' title='bbox 1277 750 1317 820; x_wconf 83' lang='grc' dir='ltr'>ὡς</span> <span class='ocrx_word' id='word_1_28' title='bbox 1334 751 1371 809; x_wconf 83' lang='grc' dir='ltr'>τό</span> <span class='ocrx_word' id='word_1_29' title='bbox 1395 745 1522 836; x_wconf 74' lang='grc' dir='ltr'>ἀγαθόν,</span> <span class='ocrx_word' id='word_1_30' title='bbox 1547 749 1662 822; x_wconf 78' lang='grc' dir='ltr'>παντὸς</span> <span class='ocrx_word' id='word_1_31' title='bbox 1683 749 1846 821; x_wconf 74' lang='grc' dir='ltr'>Ἀτλαντος</span> 
     </span>
     <span class='ocr_line' id='line_1_4' title="bbox 317 843 1846 946; baseline 0.001 -30"><span class='ocrx_word' id='word_1_32' title='bbox 317 854 512 943; x_wconf 56' lang='grc' dir='ltr'>ἰσχυρότερον</span> <span class='ocrx_word' id='word_1_33' title='bbox 537 849 572 916; x_wconf 77' lang='grc' dir='ltr'>όν</span> <span class='ocrx_word' id='word_1_34' title='bbox 598 856 638 926; x_wconf 88' lang='grc' dir='ltr'>εἰς</span> <span class='ocrx_word' id='word_1_35' title='bbox 663 851 783 922; x_wconf 70' lang='grc' dir='ltr'>ταὶτην</span> <span class='ocrx_word' id='word_1_36' title='bbox 808 850 867 920; x_wconf 77' lang='grc' dir='ltr'>τλν</span> <span class='ocrx_word' id='word_1_37' title='bbox 893 843 1032 938; x_wconf 83' lang='grc' dir='ltr'>δόναμιν,</span> <span class='ocrx_word' id='word_1_38' title='bbox 1050 853 1102 915; x_wconf 84' lang='grc' dir='ltr'>καὶ</span> <span class='ocrx_word' id='word_1_39' title='bbox 1119 853 1195 916; x_wconf 75' lang='grc' dir='ltr'>αὐτὸ</span> <span class='ocrx_word' id='word_1_40' title='bbox 1212 855 1249 916; x_wconf 79' lang='grc' dir='ltr'>τό</span> <span class='ocrx_word' id='word_1_41' title='bbox 1267 845 1334 917; x_wconf 88' lang='grc' dir='ltr'>δέον</span> <span class='ocrx_word' id='word_1_42' title='bbox 1357 853 1452 931; x_wconf 85' lang='grc' dir='ltr'>ὄντως</span> <span class='ocrx_word' id='word_1_43' title='bbox 1475 857 1624 946; x_wconf 77' lang='grc' dir='ltr'>ὑπάρχον·</span> <span class='ocrx_word' id='word_1_44' title='bbox 1649 855 1775 927; x_wconf 79' lang='grc' dir='ltr'>ἐπείσθη</span> <span class='ocrx_word' id='word_1_45' title='bbox 1798 855 1846 945; x_wconf 66' lang='grc' dir='ltr'>ριἰρ</span> 
     </span>
    </p>

    <p class='ocr_par' dir='ltr' id='par_1_3' title="bbox 315 957 1846 1267">
     <span class='ocr_line' id='line_1_5' title="bbox 315 957 1846 1052; baseline 0.002 -27"><span class='ocrx_word' id='word_1_46' title='bbox 315 961 350 1025; x_wconf 78' lang='grc' dir='ltr'>ἂν</span> <span class='ocrx_word' id='word_1_47' title='bbox 377 960 499 1036; x_wconf 76' lang='grc' dir='ltr'>τούτοις</span> <span class='ocrx_word' id='word_1_48' title='bbox 523 959 682 1048; x_wconf 83' lang='grc' dir='ltr'>ἑπόμενος,</span> <span class='ocrx_word' id='word_1_49' title='bbox 707 962 756 1024; x_wconf 85' lang='grc' dir='ltr'>ότι</span> <span class='ocrx_word' id='word_1_50' title='bbox 781 961 818 1025; x_wconf 81' lang='grc' dir='ltr'>τό</span> <span class='ocrx_word' id='word_1_51' title='bbox 842 961 1089 1050; x_wconf 73' lang='grc' dir='ltr'>αὐταρκέστερον</span> <span class='ocrx_word' id='word_1_52' title='bbox 1106 970 1166 1024; x_wconf 81' lang='grc' dir='ltr'>πῖιν</span> <span class='ocrx_word' id='word_1_53' title='bbox 1185 964 1259 1025; x_wconf 85' lang='grc' dir='ltr'>ὅτου</span> <span class='ocrx_word' id='word_1_54' title='bbox 1277 957 1329 1026; x_wconf 83' lang='grc' dir='ltr'>οὐν</span> <span class='ocrx_word' id='word_1_55' title='bbox 1343 962 1369 1044; x_wconf 69' lang='grc'>3)</span> <span class='ocrx_word' id='word_1_56' title='bbox 1387 965 1507 1036; x_wconf 79' lang='grc' dir='ltr'>ἥνωται</span> <span class='ocrx_word' id='word_1_57' title='bbox 1526 968 1645 1052; x_wconf 82' lang='grc' dir='ltr'>μᾶλλον</span> <span class='ocrx_word' id='word_1_58' title='bbox 1663 965 1719 1029; x_wconf 82' lang='grc' dir='ltr'>καί</span> <span class='ocrx_word' id='word_1_59' title='bbox 1740 963 1769 1028; x_wconf 82' lang='grc' dir='ltr'>έν</span> <span class='ocrx_word' id='word_1_60' title='bbox 1791 989 1846 1052; x_wconf 81' lang='grc' dir='ltr'>μει-</span> 
     </span>
     <span class='ocr_line' id='line_1_6' title="bbox 315 1062 1845 1162; baseline 0.001 -29"><span class='ocrx_word' id='word_1_61' title='bbox 315 1065 408 1149; x_wconf 76' lang='grc' dir='ltr'>ζόνως</span> <span class='ocrx_word' id='word_1_62' title='bbox 433 1073 534 1144; x_wconf 84' lang='grc' dir='ltr'>ἐστιν,</span> <span class='ocrx_word' id='word_1_63' title='bbox 559 1069 662 1156; x_wconf 81' lang='grc' dir='ltr'>ὥσπερ</span> <span class='ocrx_word' id='word_1_64' title='bbox 687 1067 741 1131; x_wconf 83' lang='grc' dir='ltr'>καί</span> <span class='ocrx_word' id='word_1_65' title='bbox 765 1069 917 1157; x_wconf 81' lang='grc' dir='ltr'>αὔταρκες</span> <span class='ocrx_word' id='word_1_66' title='bbox 942 1062 1104 1154; x_wconf 80' lang='grc' dir='ltr'>μειζόνως·</span> <span class='ocrx_word' id='word_1_67' title='bbox 1130 1069 1168 1132; x_wconf 86' lang='grc' dir='ltr'>τό</span> <span class='ocrx_word' id='word_1_68' title='bbox 1190 1069 1248 1159; x_wconf 72' lang='grc' dir='ltr'>γαρ</span> <span class='ocrx_word' id='word_1_69' title='bbox 1274 1075 1395 1157; x_wconf 70' lang='grc' dir='ltr'>μᾶλλον</span> <span class='ocrx_word' id='word_1_70' title='bbox 1427 1083 1482 1136; x_wconf 76' lang='grc' dir='ltr'>τοῦ</span> <span class='ocrx_word' id='word_1_71' title='bbox 1515 1063 1696 1148; x_wconf 87' lang='grc' dir='ltr'>συνδέοντος</span> <span class='ocrx_word' id='word_1_72' title='bbox 1729 1075 1845 1162; x_wconf 70' lang='grc' dir='ltr'>μετέχον</span> 
     </span>
     <span class='ocr_line' id='line_1_7' title="bbox 315 1168 1827 1267; baseline 0.001 -26"><span class='ocrx_word' id='word_1_73' title='bbox 315 1182 470 1267; x_wconf 75' lang='grc' dir='ltr'>μᾶλλον</span> <span class='ocrx_word' id='word_1_74' title='bbox 460 1177 544 1241; x_wconf 85' lang='grc' dir='ltr'>εστὶν</span> <span class='ocrx_word' id='word_1_75' title='bbox 570 1177 608 1241; x_wconf 87' lang='grc' dir='ltr'>έν·</span> <span class='ocrx_word' id='word_1_76' title='bbox 634 1200 671 1240; x_wconf 89' lang='grc' dir='ltr'>το</span> <span class='ocrx_word' id='word_1_77' title='bbox 698 1168 774 1240; x_wconf 86' lang='grc' dir='ltr'>δὲ</span> <span class='ocrx_word' id='word_1_78' title='bbox 755 1201 809 1240; x_wconf 89' lang='grc' dir='ltr'>τον</span> <span class='ocrx_word' id='word_1_79' title='bbox 832 1175 1179 1265; x_wconf 69' lang='grc' dir='ltr'>ἀγαθοῦμᾶλλονμετ</span> <span class='ocrx_word' id='word_1_80' title='bbox 1169 1179 1296 1266; x_wconf 74' lang='grc' dir='ltr'>ειληχύς</span> <span class='ocrx_word' id='word_1_81' title='bbox 1312 1171 1503 1243; x_wconf 80' lang='grc' dir='ltr'>τοῢσνεῖνδν</span> <span class='ocrx_word' id='word_1_82' title='bbox 1523 1173 1704 1266; x_wconf 87' lang='grc' dir='ltr'>δυναμένου,</span> <span class='ocrx_word' id='word_1_83' title='bbox 1730 1172 1827 1243; x_wconf 73' lang='lat'><em>32⁷.-</em></span> 
     </span>
    </p>

    <p class='ocr_par' dir='ltr' id='par_1_4' title="bbox 311 1274 1906 2242">
     <span class='ocr_line' id='line_1_8' title="bbox 314 1274 1847 1410; baseline 0 -60"><span class='ocrx_word' id='word_1_84' title='bbox 314 1291 344 1350; x_wconf 88' lang='grc' dir='ltr'>ἐν</span> <span class='ocrx_word' id='word_1_85' title='bbox 369 1277 510 1350; x_wconf 84' lang='grc' dir='ltr'>Φαίδωνι</span> <span class='ocrx_word' id='word_1_86' title='bbox 532 1285 671 1410; x_wconf 71' lang='grc' dir='ltr'>λόγον,</span> <span class='ocrx_word' id='word_1_87' title='bbox 665 1309 724 1348; x_wconf 83' lang='grc' dir='ltr'>αττ</span> <span class='ocrx_word' id='word_1_88' title='bbox 712 1285 788 1373; x_wconf 73' lang='lat'><em>3732</em></span> <span class='ocrx_word' id='word_1_89' title='bbox 805 1285 830 1367; x_wconf 97' lang='grc'>)</span> <span class='ocrx_word' id='word_1_90' title='bbox 855 1287 985 1372; x_wconf 78' lang='grc' dir='ltr'>μᾶλλον,</span> <span class='ocrx_word' id='word_1_91' title='bbox 1010 1274 1090 1348; x_wconf 85' lang='grc' dir='ltr'>τόδ</span> <span class='ocrx_word' id='word_1_92' title='bbox 1093 1285 1184 1348; x_wconf 88' lang='grc' dir='ltr'>έαύτ</span> <span class='ocrx_word' id='word_1_93' title='bbox 1173 1287 1381 1375; x_wconf 60' lang='lat' dir='ltr'>apzs&#39;cvepov,</span> <span class='ocrx_word' id='word_1_94' title='bbox 1400 1290 1520 1372; x_wconf 77' lang='grc' dir='ltr'>μᾶλλον</span> <span class='ocrx_word' id='word_1_95' title='bbox 1545 1297 1599 1350; x_wconf 80' lang='grc' dir='ltr'>τοῦ</span> <span class='ocrx_word' id='word_1_96' title='bbox 1625 1290 1659 1377; x_wconf 65' lang='grc' dir='ltr'>ἀ)</span> <span class='ocrx_word' id='word_1_97' title='bbox 1658 1285 1708 1350; x_wconf 85' lang='grc' dir='ltr'>αθ</span> <span class='ocrx_word' id='word_1_98' title='bbox 1713 1289 1807 1373; x_wconf 55' lang='grc' dir='ltr'>οῦδ)</span> <span class='ocrx_word' id='word_1_99' title='bbox 1803 1311 1847 1350; x_wconf 87' lang='grc' dir='ltr'>υε-</span> 
     </span>
     <span class='ocr_line' id='line_1_9' title="bbox 314 1391 1848 1484; baseline -0.002 -28"><span class='ocrx_word' id='word_1_100' title='bbox 314 1393 410 1482; x_wconf 76' lang='grc' dir='ltr'>τέχει·</span> <span class='ocrx_word' id='word_1_101' title='bbox 429 1401 585 1482; x_wconf 66' lang='grc' dir='ltr'>στοιχειον</span> <span class='ocrx_word' id='word_1_102' title='bbox 601 1417 660 1482; x_wconf 76' lang='grc' dir='ltr'>γαρ</span> <span class='ocrx_word' id='word_1_103' title='bbox 678 1403 734 1455; x_wconf 80' lang='grc' dir='ltr'>τοι</span> <span class='ocrx_word' id='word_1_104' title='bbox 753 1391 916 1480; x_wconf 77' lang='grc' dir='ltr'>αγαθοο</span> <span class='ocrx_word' id='word_1_105' title='bbox 888 1416 924 1454; x_wconf 89' lang='grc' dir='ltr'>το</span> <span class='ocrx_word' id='word_1_106' title='bbox 943 1417 1002 1456; x_wconf 88' lang='grc' dir='ltr'>αυ</span> <span class='ocrx_word' id='word_1_107' title='bbox 990 1415 1103 1480; x_wconf 82' lang='grc' dir='ltr'>,αρκεςΙ</span> <span class='ocrx_word' id='word_1_108' title='bbox 1121 1391 1196 1455; x_wconf 82' lang='grc' dir='ltr'>ὥσθ’</span> <span class='ocrx_word' id='word_1_109' title='bbox 1212 1395 1339 1466; x_wconf 76' lang='grc' dir='ltr'>ήπόλι</span> <span class='ocrx_word' id='word_1_110' title='bbox 1328 1395 1426 1476; x_wconf 82' lang='lat'>⁶)</span> <span class='ocrx_word' id='word_1_111' title='bbox 1394 1417 1640 1484; x_wconf 73' lang='grc' dir='ltr'>αυταρκεστερον</span> <span class='ocrx_word' id='word_1_112' title='bbox 1658 1419 1725 1471; x_wconf 90' lang='grc' dir='ltr'>ενο</span> <span class='ocrx_word' id='word_1_113' title='bbox 1743 1399 1848 1482; x_wconf 80' lang='grc' dir='ltr'>μᾶλλον</span> 
     </span>
     <span class='ocr_line' id='line_1_10' title="bbox 314 1492 1847 1590; baseline -0.001 -24"><span class='ocrx_word' id='word_1_114' title='bbox 314 1501 349 1566; x_wconf 79' lang='grc' dir='ltr'>ἂν</span> <span class='ocrx_word' id='word_1_115' title='bbox 374 1505 419 1574; x_wconf 87' lang='grc' dir='ltr'>εἴη</span> <span class='ocrx_word' id='word_1_116' title='bbox 448 1525 522 1590; x_wconf 89' lang='grc' dir='ltr'>μεετ</span> <span class='ocrx_word' id='word_1_117' title='bbox 524 1525 624 1590; x_wconf 59' lang='grc' dir='ltr'>μονον</span> <span class='ocrx_word' id='word_1_118' title='bbox 648 1510 703 1565; x_wconf 66' lang='grc' dir='ltr'>τοῦ</span> <span class='ocrx_word' id='word_1_119' title='bbox 728 1506 811 1574; x_wconf 89' lang='grc' dir='ltr'>ὡςα</span> <span class='ocrx_word' id='word_1_120' title='bbox 793 1498 917 1575; x_wconf 84' lang='grc' dir='ltr'>αληθῶς</span> <span class='ocrx_word' id='word_1_121' title='bbox 941 1499 1021 1574; x_wconf 87' lang='grc' dir='ltr'>ἑνός·</span> <span class='ocrx_word' id='word_1_122' title='bbox 1046 1503 1101 1564; x_wconf 83' lang='grc' dir='ltr'>ἐπε</span> <span class='ocrx_word' id='word_1_123' title='bbox 1106 1500 1114 1562; x_wconf 84' lang='grc' dir='ltr'>ί</span> <span class='ocrx_word' id='word_1_124' title='bbox 1138 1499 1193 1562; x_wconf 80' lang='grc' dir='ltr'>καί</span> <span class='ocrx_word' id='word_1_125' title='bbox 1217 1492 1307 1563; x_wconf 67' lang='grc' dir='ltr'>τόνδε</span> <span class='ocrx_word' id='word_1_126' title='bbox 1333 1526 1385 1564; x_wconf 87' lang='grc' dir='ltr'>τον</span> <span class='ocrx_word' id='word_1_127' title='bbox 1418 1503 1535 1588; x_wconf 87' lang='grc' dir='ltr'>κόσμον</span> <span class='ocrx_word' id='word_1_128' title='bbox 1560 1507 1595 1566; x_wconf 91' lang='grc' dir='ltr'>έκ</span> <span class='ocrx_word' id='word_1_129' title='bbox 1622 1503 1752 1567; x_wconf 77' lang='grc' dir='ltr'>πάντων</span> <span class='ocrx_word' id='word_1_130' title='bbox 1781 1529 1847 1568; x_wconf 83' lang='grc' dir='ltr'>οντα</span> 
     </span>
     <span class='ocr_line' id='line_1_11' title="bbox 313 1599 1906 1704; baseline -0.004 -30"><span class='ocrx_word' id='word_1_131' title='bbox 313 1621 375 1675; x_wconf 88' lang='grc' dir='ltr'>τῶν</span> <span class='ocrx_word' id='word_1_132' title='bbox 397 1609 566 1694; x_wconf 78' lang='grc' dir='ltr'>αἰσθητῶν,</span> <span class='ocrx_word' id='word_1_133' title='bbox 586 1614 612 1672; x_wconf 87' lang='grc' dir='ltr'>εἰ</span> <span class='ocrx_word' id='word_1_134' title='bbox 629 1608 682 1672; x_wconf 82' lang='grc' dir='ltr'>καί</span> <span class='ocrx_word' id='word_1_135' title='bbox 698 1599 874 1697; x_wconf 76' lang='grc' dir='ltr'>παράδοξον</span> <span class='ocrx_word' id='word_1_136' title='bbox 892 1613 998 1684; x_wconf 83' lang='grc' dir='ltr'>εἰπεῖν,</span> <span class='ocrx_word' id='word_1_137' title='bbox 1015 1607 1100 1672; x_wconf 69' lang='grc' dir='ltr'>κατὰ</span> <span class='ocrx_word' id='word_1_138' title='bbox 1116 1608 1238 1680; x_wconf 79' lang='grc' dir='ltr'>ταύτην</span> <span class='ocrx_word' id='word_1_139' title='bbox 1256 1607 1314 1678; x_wconf 71' lang='grc' dir='ltr'>τὴν</span> <span class='ocrx_word' id='word_1_140' title='bbox 1331 1609 1436 1674; x_wconf 87' lang='grc' dir='ltr'>ἕνωσιν</span> <span class='ocrx_word' id='word_1_141' title='bbox 1455 1613 1576 1695; x_wconf 83' lang='grc' dir='ltr'>μᾶλλον</span> <span class='ocrx_word' id='word_1_142' title='bbox 1598 1608 1740 1682; x_wconf 72' lang='grc' dir='ltr'>Ιἡνῶσθαί</span> <span class='ocrx_word' id='word_1_143' title='bbox 1762 1633 1847 1698; x_wconf 80' lang='grc' dir='ltr'>φαμεν</span> <span class='ocrx_word' id='word_1_144' title='bbox 1905 1695 1906 1704; x_wconf 33' lang='grc'>,</span> 
     </span>
     <span class='ocr_line' id='line_1_12' title="bbox 312 1709 1906 1808; baseline -0.003 -25"><span class='ocrx_word' id='word_1_145' title='bbox 312 1719 448 1784; x_wconf 75' lang='grc' dir='ltr'>ἑκάστου</span> <span class='ocrx_word' id='word_1_146' title='bbox 473 1729 535 1782; x_wconf 87' lang='grc' dir='ltr'>τῶν</span> <span class='ocrx_word' id='word_1_147' title='bbox 553 1728 652 1808; x_wconf 81' lang='grc' dir='ltr'>μερῶν</span> <span class='ocrx_word' id='word_1_148' title='bbox 670 1710 702 1795; x_wconf 78' lang='grc' dir='ltr'>έξ</span> <span class='ocrx_word' id='word_1_149' title='bbox 719 1712 760 1780; x_wconf 83' lang='grc' dir='ltr'>ὧν</span> <span class='ocrx_word' id='word_1_150' title='bbox 778 1719 872 1780; x_wconf 75' lang='grc' dir='ltr'>ἐστιν·</span> <span class='ocrx_word' id='word_1_151' title='bbox 891 1722 917 1780; x_wconf 84' lang='grc' dir='ltr'>εἰ</span> <span class='ocrx_word' id='word_1_152' title='bbox 934 1715 993 1805; x_wconf 65' lang='grc' dir='ltr'>γὰρ</span> <span class='ocrx_word' id='word_1_153' title='bbox 1011 1717 1065 1779; x_wconf 81' lang='grc' dir='ltr'>τόν</span> <span class='ocrx_word' id='word_1_154' title='bbox 1084 1718 1232 1806; x_wconf 81' lang='grc' dir='ltr'>μέγιστον</span> <span class='ocrx_word' id='word_1_155' title='bbox 1253 1719 1319 1805; x_wconf 65' lang='grc' dir='ltr'>ἔχει</span> <span class='ocrx_word' id='word_1_156' title='bbox 1336 1727 1398 1781; x_wconf 87' lang='grc' dir='ltr'>τῶν</span> <span class='ocrx_word' id='word_1_157' title='bbox 1416 1709 1536 1806; x_wconf 88' lang='grc' dir='ltr'>δεσμῶν</span> <span class='ocrx_word' id='word_1_158' title='bbox 1551 1714 1576 1800; x_wconf 71' lang='grc'>7)</span> <span class='ocrx_word' id='word_1_159' title='bbox 1601 1719 1655 1780; x_wconf 84' lang='grc' dir='ltr'>καὶ</span> <span class='ocrx_word' id='word_1_160' title='bbox 1679 1717 1847 1789; x_wconf 81' lang='grc' dir='ltr'>κάλλιστον,</span> <span class='ocrx_word' id='word_1_161' title='bbox 1905 1711 1906 1740; x_wconf 66' lang='lat'><em>³</em></span> 
     </span>
     <span class='ocr_line' id='line_1_13' title="bbox 313 1816 1848 1917; baseline 0 -27"><span class='ocrx_word' id='word_1_162' title='bbox 313 1825 372 1897; x_wconf 84' lang='grc' dir='ltr'>τὴν</span> <span class='ocrx_word' id='word_1_163' title='bbox 398 1828 568 1916; x_wconf 79' lang='grc' dir='ltr'>ἀναλογίαν</span> <span class='ocrx_word' id='word_1_164' title='bbox 593 1827 687 1913; x_wconf 82' lang='grc' dir='ltr'>λέγω,</span> <span class='ocrx_word' id='word_1_165' title='bbox 713 1816 752 1888; x_wconf 87' lang='grc' dir='ltr'>δι’</span> <span class='ocrx_word' id='word_1_166' title='bbox 776 1823 814 1896; x_wconf 76' lang='grc' dir='ltr'>ἢν</span> <span class='ocrx_word' id='word_1_167' title='bbox 832 1825 936 1912; x_wconf 92' lang='grc' dir='ltr'>φιλίαν</span> <span class='ocrx_word' id='word_1_168' title='bbox 954 1824 1071 1888; x_wconf 88' lang='grc' dir='ltr'>ἄλυτον</span> <span class='ocrx_word' id='word_1_169' title='bbox 1089 1825 1153 1912; x_wconf 75' lang='grc' dir='ltr'>ἔχει</span> <span class='ocrx_word' id='word_1_170' title='bbox 1171 1823 1211 1887; x_wconf 71' lang='grc' dir='ltr'>τό.</span> <span class='ocrx_word' id='word_1_171' title='bbox 1230 1829 1260 1889; x_wconf 87' lang='grc' dir='ltr'>ἐν</span> <span class='ocrx_word' id='word_1_172' title='bbox 1278 1824 1496 1908; x_wconf 78' lang='grc' dir='ltr'>αὑτῷπάντα,</span> <span class='ocrx_word' id='word_1_173' title='bbox 1521 1829 1574 1891; x_wconf 84' lang='grc' dir='ltr'>καί</span> <span class='ocrx_word' id='word_1_174' title='bbox 1599 1819 1726 1892; x_wconf 83' lang='grc' dir='ltr'>δέδεται</span> <span class='ocrx_word' id='word_1_175' title='bbox 1750 1827 1848 1917; x_wconf 78' lang='grc' dir='ltr'>τρόπον</span> 
     </span>
     <span class='ocr_line' id='line_1_14' title="bbox 313 1921 1849 2024; baseline -0.003 -26"><span class='ocrx_word' id='word_1_176' title='bbox 313 1934 428 1999; x_wconf 83' lang='grc' dir='ltr'>ἄλυτον</span> <span class='ocrx_word' id='word_1_177' title='bbox 453 1935 550 1998; x_wconf 87' lang='grc' dir='ltr'>παντὶ</span> <span class='ocrx_word' id='word_1_178' title='bbox 572 1933 656 2002; x_wconf 67' lang='grc' dir='ltr'>πλὴν</span> <span class='ocrx_word' id='word_1_179' title='bbox 681 1943 736 1996; x_wconf 81' lang='grc' dir='ltr'>τοῦ</span> <span class='ocrx_word' id='word_1_180' title='bbox 761 1921 985 2012; x_wconf 79' lang='grc' dir='ltr'>συνδήσαντος,</span> <span class='ocrx_word' id='word_1_181' title='bbox 1002 1936 1041 2006; x_wconf 86' lang='grc' dir='ltr'>ὡς</span> <span class='ocrx_word' id='word_1_182' title='bbox 1067 1935 1081 1993; x_wconf 90' lang='grc' dir='ltr'>ό</span> <span class='ocrx_word' id='word_1_183' title='bbox 1106 1941 1160 1994; x_wconf 76' lang='grc' dir='ltr'>τοῦ</span> <span class='ocrx_word' id='word_1_184' title='bbox 1186 1933 1320 2019; x_wconf 82' lang='grc' dir='ltr'>Τιμαίου</span> <span class='ocrx_word' id='word_1_185' title='bbox 1344 1933 1448 2020; x_wconf 74' lang='grc' dir='ltr'>λόγος·</span> <span class='ocrx_word' id='word_1_186' title='bbox 1472 1932 1569 1996; x_wconf 84' lang='grc' dir='ltr'>παντὶ</span> <span class='ocrx_word' id='word_1_187' title='bbox 1594 1926 1630 2005; x_wconf 80' lang='lat'>33</span> <span class='ocrx_word' id='word_1_188' title='bbox 1658 1937 1787 2024; x_wconf 76' lang='grc' dir='ltr'>φανερόν</span> <span class='ocrx_word' id='word_1_189' title='bbox 1810 1935 1849 1995; x_wconf 80' lang='grc' dir='ltr'>ότι</span> 
     </span>
     <span class='ocr_line' id='line_1_15' title="bbox 311 2031 1832 2130; baseline -0.001 -24"><span class='ocrx_word' id='word_1_190' title='bbox 311 2047 428 2119; x_wconf 75' lang='grc' dir='ltr'>παντὸς</span> <span class='ocrx_word' id='word_1_191' title='bbox 452 2045 572 2118; x_wconf 77' lang='grc' dir='ltr'>ἥνωται</span> <span class='ocrx_word' id='word_1_192' title='bbox 596 2053 658 2106; x_wconf 90' lang='grc' dir='ltr'>τῶν</span> <span class='ocrx_word' id='word_1_193' title='bbox 684 2046 713 2106; x_wconf 85' lang='grc' dir='ltr'>ἐν</span> <span class='ocrx_word' id='word_1_194' title='bbox 738 2043 823 2123; x_wconf 85' lang='grc' dir='ltr'>αὐτῷ</span> <span class='ocrx_word' id='word_1_195' title='bbox 848 2043 987 2130; x_wconf 76' lang='grc' dir='ltr'>μόίλλον1</span> <span class='ocrx_word' id='word_1_196' title='bbox 1013 2031 1062 2103; x_wconf 82' lang='grc' dir='ltr'>διό</span> <span class='ocrx_word' id='word_1_197' title='bbox 1086 2041 1139 2102; x_wconf 81' lang='grc' dir='ltr'>καὶ</span> <span class='ocrx_word' id='word_1_198' title='bbox 1170 2038 1350 2125; x_wconf 74' lang='grc' dir='ltr'>συμπάθεια</span> <span class='ocrx_word' id='word_1_199' title='bbox 1373 2040 1500 2104; x_wconf 73' lang='grc' dir='ltr'>πάντων</span> <span class='ocrx_word' id='word_1_200' title='bbox 1545 2069 1579 2105; x_wconf 65' lang='grc' dir='ltr'>υτ</span> <span class='ocrx_word' id='word_1_201' title='bbox 1616 2067 1635 2104; x_wconf 91' lang='grc' dir='ltr'>τ</span> <span class='ocrx_word' id='word_1_202' title='bbox 1830 2113 1832 2121; x_wconf 22' lang='lat' dir='ltr'>y</span> 
     </span>
     <span class='ocr_line' id='line_1_16' title="bbox 313 2143 1847 2242; baseline -0.004 -25"><span class='ocrx_word' id='word_1_203' title='bbox 313 2161 384 2242; x_wconf 79' lang='grc' dir='ltr'>μιᾶς</span> <span class='ocrx_word' id='word_1_204' title='bbox 408 2146 490 2229; x_wconf 75' lang='grc' dir='ltr'>ζωῆς</span> <span class='ocrx_word' id='word_1_205' title='bbox 507 2151 613 2216; x_wconf 83' lang='grc' dir='ltr'>πάντα</span> <span class='ocrx_word' id='word_1_206' title='bbox 631 2149 819 2238; x_wconf 75' lang='grc' dir='ltr'>συνεχούσης</span> <span class='ocrx_word' id='word_1_207' title='bbox 836 2150 890 2212; x_wconf 86' lang='grc' dir='ltr'>καί</span> <span class='ocrx_word' id='word_1_208' title='bbox 906 2143 1005 2224; x_wconf 82' lang='grc' dir='ltr'>εἴδους</span> <span class='ocrx_word' id='word_1_209' title='bbox 1021 2149 1097 2223; x_wconf 78' lang='grc' dir='ltr'>ἑνός’</span> <span class='ocrx_word' id='word_1_210' title='bbox 1114 2151 1219 2213; x_wconf 87' lang='grc' dir='ltr'>καίτοι</span> <span class='ocrx_word' id='word_1_211' title='bbox 1235 2173 1272 2238; x_wconf 85' lang='grc' dir='ltr'>γε</span> <span class='ocrx_word' id='word_1_212' title='bbox 1289 2144 1373 2214; x_wconf 85' lang='grc' dir='ltr'>εἶπεν</span> <span class='ocrx_word' id='word_1_213' title='bbox 1391 2149 1426 2213; x_wconf 86' lang='grc' dir='ltr'>ἄν</span> <span class='ocrx_word' id='word_1_214' title='bbox 1444 2175 1489 2224; x_wconf 88' lang='grc' dir='ltr'>τις</span> <span class='ocrx_word' id='word_1_215' title='bbox 1507 2149 1537 2214; x_wconf 81' lang='grc' dir='ltr'>έν</span> <span class='ocrx_word' id='word_1_216' title='bbox 1555 2152 1594 2216; x_wconf 76' lang='grc' dir='ltr'>τό</span> <span class='ocrx_word' id='word_1_217' title='bbox 1606 2149 1631 2234; x_wconf 85' lang='lat'>⁸)</span> <span class='ocrx_word' id='word_1_218' title='bbox 1656 2164 1716 2241; x_wconf 86' lang='grc' dir='ltr'>πῦρ</span> <span class='ocrx_word' id='word_1_219' title='bbox 1742 2156 1847 2240; x_wconf 72' lang='grc' dir='ltr'>μᾶλλον</span> 
     </span>
    </p>

    <p class='ocr_par' dir='ltr' id='par_1_5' title="bbox 312 2248 1847 2350">
     <span class='ocr_line' id='line_1_17' title="bbox 312 2248 1847 2350; baseline -0.002 -28"><span class='ocrx_word' id='word_1_220' title='bbox 312 2259 331 2332; x_wconf 86' lang='lat'>3</span> <span class='ocrx_word' id='word_1_221' title='bbox 357 2261 396 2324; x_wconf 81' lang='grc' dir='ltr'>τό</span> <span class='ocrx_word' id='word_1_222' title='bbox 421 2270 494 2342; x_wconf 82' lang='grc' dir='ltr'>πᾶν,</span> <span class='ocrx_word' id='word_1_223' title='bbox 518 2260 571 2323; x_wconf 86' lang='grc' dir='ltr'>καί</span> <span class='ocrx_word' id='word_1_224' title='bbox 596 2260 634 2324; x_wconf 82' lang='grc' dir='ltr'>τό</span> <span class='ocrx_word' id='word_1_225' title='bbox 658 2249 738 2347; x_wconf 86' lang='grc' dir='ltr'>ὕδωρ</span> <span class='ocrx_word' id='word_1_226' title='bbox 757 2261 877 2347; x_wconf 73' lang='grc' dir='ltr'>μᾶλλον</span> <span class='ocrx_word' id='word_1_227' title='bbox 896 2257 914 2329; x_wconf 89' lang='lat'>3</span> <span class='ocrx_word' id='word_1_228' title='bbox 931 2256 970 2322; x_wconf 79' lang='grc' dir='ltr'>τό</span> <span class='ocrx_word' id='word_1_229' title='bbox 986 2266 1059 2333; x_wconf 83' lang='grc' dir='ltr'>πῖιν,</span> <span class='ocrx_word' id='word_1_230' title='bbox 1077 2260 1111 2321; x_wconf 84' lang='grc' dir='ltr'>ἐκ</span> <span class='ocrx_word' id='word_1_231' title='bbox 1126 2257 1290 2347; x_wconf 82' lang='grc' dir='ltr'>πυρόςκαὶ</span> <span class='ocrx_word' id='word_1_232' title='bbox 1309 2248 1422 2332; x_wconf 81' lang='grc' dir='ltr'>ὕδατος</span> <span class='ocrx_word' id='word_1_233' title='bbox 1447 2263 1546 2322; x_wconf 87' lang='grc' dir='ltr'>έκεῖνο</span> <span class='ocrx_word' id='word_1_234' title='bbox 1570 2263 1698 2350; x_wconf 77' lang='grc' dir='ltr'>γεγονὸς</span> <span class='ocrx_word' id='word_1_235' title='bbox 1723 2261 1762 2324; x_wconf 87' lang='grc' dir='ltr'>έν·</span> <span class='ocrx_word' id='word_1_236' title='bbox 1780 2257 1847 2322; x_wconf 75' lang='grc' dir='ltr'>αλλέ</span> 
     </span>
    </p>

    <p class='ocr_par' dir='ltr' id='par_1_6' title="bbox 312 2357 1906 3211">
     <span class='ocr_line' id='line_1_18' title="bbox 312 2357 1848 2456; baseline -0.001 -26"><span class='ocrx_word' id='word_1_237' title='bbox 312 2369 350 2431; x_wconf 89' lang='grc' dir='ltr'>τύ</span> <span class='ocrx_word' id='word_1_238' title='bbox 376 2367 430 2456; x_wconf 88' lang='grc' dir='ltr'>μέν</span> <span class='ocrx_word' id='word_1_239' title='bbox 454 2367 603 2454; x_wconf 72' lang='grc' dir='ltr'>ἑκατέροιν</span> <span class='ocrx_word' id='word_1_240' title='bbox 629 2367 749 2431; x_wconf 75' lang='grc' dir='ltr'>τούτοιν</span> <span class='ocrx_word' id='word_1_241' title='bbox 774 2366 804 2431; x_wconf 84' lang='grc' dir='ltr'>έν</span> <span class='ocrx_word' id='word_1_242' title='bbox 829 2368 888 2437; x_wconf 85' lang='grc' dir='ltr'>ὕλη</span> <span class='ocrx_word' id='word_1_243' title='bbox 915 2377 969 2430; x_wconf 82' lang='grc' dir='ltr'>τοῦ</span> <span class='ocrx_word' id='word_1_244' title='bbox 994 2371 1024 2430; x_wconf 86' lang='grc' dir='ltr'>έν</span> <span class='ocrx_word' id='word_1_245' title='bbox 1049 2375 1094 2447; x_wconf 86' lang='grc' dir='ltr'>τῷ</span> <span class='ocrx_word' id='word_1_246' title='bbox 1118 2368 1214 2428; x_wconf 88' lang='grc' dir='ltr'>παντί</span> <span class='ocrx_word' id='word_1_247' title='bbox 1239 2369 1322 2430; x_wconf 88' lang='grc' dir='ltr'>ἐστιν</span> <span class='ocrx_word' id='word_1_248' title='bbox 1347 2366 1426 2441; x_wconf 88' lang='grc' dir='ltr'>ἑνός·</span> <span class='ocrx_word' id='word_1_249' title='bbox 1452 2368 1489 2431; x_wconf 86' lang='grc' dir='ltr'>τύ</span> <span class='ocrx_word' id='word_1_250' title='bbox 1515 2357 1548 2430; x_wconf 86' lang='grc' dir='ltr'>δὲ</span> <span class='ocrx_word' id='word_1_251' title='bbox 1572 2378 1626 2432; x_wconf 85' lang='grc' dir='ltr'>τοῦ</span> <span class='ocrx_word' id='word_1_252' title='bbox 1650 2369 1769 2443; x_wconf 80' lang='grc' dir='ltr'>παντὸς</span> <span class='ocrx_word' id='word_1_253' title='bbox 1792 2363 1848 2447; x_wconf 72' lang='grc' dir='ltr'>ἓν)</span> 
     </span>
     <span class='ocr_line' id='line_1_19' title="bbox 312 2468 1847 2564; baseline -0.003 -24"><span class='ocrx_word' id='word_1_254' title='bbox 312 2468 391 2551; x_wconf 82' lang='grc' dir='ltr'>εἶδός</span> <span class='ocrx_word' id='word_1_255' title='bbox 415 2480 482 2540; x_wconf 85' lang='grc' dir='ltr'>ἐστι</span> <span class='ocrx_word' id='word_1_256' title='bbox 506 2475 638 2552; x_wconf 87' lang='grc' dir='ltr'>τούτων,</span> <span class='ocrx_word' id='word_1_257' title='bbox 662 2475 716 2540; x_wconf 87' lang='grc' dir='ltr'>καί</span> <span class='ocrx_word' id='word_1_258' title='bbox 739 2475 867 2563; x_wconf 78' lang='grc' dir='ltr'>συνέχον</span> <span class='ocrx_word' id='word_1_259' title='bbox 893 2474 996 2564; x_wconf 83' lang='grc' dir='ltr'>ἄμφω,</span> <span class='ocrx_word' id='word_1_260' title='bbox 1013 2473 1065 2538; x_wconf 89' lang='grc' dir='ltr'>καὶ</span> <span class='ocrx_word' id='word_1_261' title='bbox 1082 2473 1171 2548; x_wconf 84' lang='grc' dir='ltr'>τέλος</span> <span class='ocrx_word' id='word_1_262' title='bbox 1197 2477 1327 2562; x_wconf 85' lang='grc' dir='ltr'>μᾶλλον,</span> <span class='ocrx_word' id='word_1_263' title='bbox 1354 2475 1407 2538; x_wconf 83' lang='grc' dir='ltr'>καί</span> <span class='ocrx_word' id='word_1_264' title='bbox 1431 2473 1548 2564; x_wconf 73' lang='grc' dir='ltr'>ἀγαθόν</span> <span class='ocrx_word' id='word_1_265' title='bbox 1573 2479 1709 2563; x_wconf 84' lang='grc' dir='ltr'>μᾶλλον,</span> <span class='ocrx_word' id='word_1_266' title='bbox 1733 2475 1784 2539; x_wconf 85' lang='grc' dir='ltr'>καί</span> <span class='ocrx_word' id='word_1_267' title='bbox 1806 2478 1847 2537; x_wconf 82' lang='grc' dir='ltr'>αὐ·</span> 
     </span>
     <span class='ocr_line' id='line_1_20' title="bbox 314 2573 1846 2672; baseline -0.001 -26"><span class='ocrx_word' id='word_1_268' title='bbox 314 2583 519 2672; x_wconf 87' lang='grc' dir='ltr'>ταρκέστερον</span> <span class='ocrx_word' id='word_1_269' title='bbox 545 2585 581 2646; x_wconf 84' lang='grc' dir='ltr'>τύ</span> <span class='ocrx_word' id='word_1_270' title='bbox 605 2592 667 2647; x_wconf 81' lang='grc' dir='ltr'>πᾶν</span> <span class='ocrx_word' id='word_1_271' title='bbox 691 2582 825 2647; x_wconf 83' lang='grc' dir='ltr'>έκοίστου</span> <span class='ocrx_word' id='word_1_272' title='bbox 850 2591 912 2646; x_wconf 89' lang='grc' dir='ltr'>τῶν</span> <span class='ocrx_word' id='word_1_273' title='bbox 936 2585 967 2646; x_wconf 90' lang='grc' dir='ltr'>έν</span> <span class='ocrx_word' id='word_1_274' title='bbox 992 2583 1088 2662; x_wconf 83' lang='grc' dir='ltr'>αὐτῷ,</span> <span class='ocrx_word' id='word_1_275' title='bbox 1113 2591 1175 2644; x_wconf 89' lang='grc' dir='ltr'>τῶν</span> <span class='ocrx_word' id='word_1_276' title='bbox 1201 2581 1256 2669; x_wconf 89' lang='grc' dir='ltr'>μὲν</span> <span class='ocrx_word' id='word_1_277' title='bbox 1282 2575 1433 2671; x_wconf 84' lang='grc' dir='ltr'>δεομένων</span> <span class='ocrx_word' id='word_1_278' title='bbox 1458 2582 1573 2664; x_wconf 78' lang='grc' dir='ltr'>ἄλλων,</span> <span class='ocrx_word' id='word_1_279' title='bbox 1591 2593 1646 2647; x_wconf 81' lang='grc' dir='ltr'>τοῦ</span> <span class='ocrx_word' id='word_1_280' title='bbox 1672 2573 1707 2648; x_wconf 89' lang='grc' dir='ltr'>δέ</span> <span class='ocrx_word' id='word_1_281' title='bbox 1731 2575 1846 2655; x_wconf 81' lang='grc' dir='ltr'>οὐδενός.</span> 
     </span>
     <span class='ocr_line' id='line_1_21' title="bbox 313 2683 1848 2781; baseline -0.004 -27"><span class='ocrx_word' id='word_1_282' title='bbox 313 2691 374 2754; x_wconf 84' lang='grc' dir='ltr'>Καὶ</span> <span class='ocrx_word' id='word_1_283' title='bbox 397 2689 456 2781; x_wconf 65' lang='grc' dir='ltr'>γὰρ</span> <span class='ocrx_word' id='word_1_284' title='bbox 482 2691 553 2754; x_wconf 84' lang='grc' dir='ltr'>ὅλον</span> <span class='ocrx_word' id='word_1_285' title='bbox 578 2690 631 2752; x_wconf 89' lang='grc' dir='ltr'>καὶ</span> <span class='ocrx_word' id='word_1_286' title='bbox 655 2695 710 2754; x_wconf 76' lang='grc' dir='ltr'>οὐκ</span> <span class='ocrx_word' id='word_1_287' title='bbox 734 2693 806 2754; x_wconf 87' lang='grc' dir='ltr'>όλον</span> <span class='ocrx_word' id='word_1_288' title='bbox 832 2690 974 2769; x_wconf 81' lang='grc' dir='ltr'>ἕκαστον,</span> <span class='ocrx_word' id='word_1_289' title='bbox 991 2694 1030 2762; x_wconf 86' lang='grc' dir='ltr'>ῶς</span> <span class='ocrx_word' id='word_1_290' title='bbox 1049 2689 1140 2776; x_wconf 88' lang='grc' dir='ltr'>φησὶν</span> <span class='ocrx_word' id='word_1_291' title='bbox 1162 2689 1255 2761; x_wconf 73' lang='grc' dir='ltr'>αὐτὸς</span> <span class='ocrx_word' id='word_1_292' title='bbox 1274 2689 1507 2776; x_wconf 85' lang='grc' dir='ltr'>Ἀριστοτέλης,</span> <span class='ocrx_word' id='word_1_293' title='bbox 1534 2690 1628 2778; x_wconf 90' lang='grc' dir='ltr'>μόνον</span> <span class='ocrx_word' id='word_1_294' title='bbox 1655 2683 1689 2756; x_wconf 84' lang='grc' dir='ltr'>δὲ</span> <span class='ocrx_word' id='word_1_295' title='bbox 1713 2693 1783 2755; x_wconf 84' lang='grc' dir='ltr'>ὁλον</span> <span class='ocrx_word' id='word_1_296' title='bbox 1806 2689 1848 2751; x_wconf 82' lang='grc' dir='ltr'>καί</span> 
     </span>
     <span class='ocr_line' id='line_1_22' title="bbox 312 2792 1846 2888; baseline -0.002 -27"><span class='ocrx_word' id='word_1_297' title='bbox 312 2799 430 2862; x_wconf 86' lang='grc' dir='ltr'>τέλειον</span> <span class='ocrx_word' id='word_1_298' title='bbox 454 2807 526 2861; x_wconf 77' lang='grc' dir='ltr'>πᾶν·</span> <span class='ocrx_word' id='word_1_299' title='bbox 543 2803 569 2862; x_wconf 88' lang='grc' dir='ltr'>εἰ</span> <span class='ocrx_word' id='word_1_300' title='bbox 586 2792 637 2861; x_wconf 88' lang='grc' dir='ltr'>οὐν</span> <span class='ocrx_word' id='word_1_301' title='bbox 655 2803 673 2870; x_wconf 72' lang='grc' dir='ltr'>η’</span> <span class='ocrx_word' id='word_1_302' title='bbox 691 2793 730 2880; x_wconf 85' lang='lat'>¹⁰)</span> <span class='ocrx_word' id='word_1_303' title='bbox 748 2796 862 2871; x_wconf 83' lang='grc' dir='ltr'>όλότης</span> <span class='ocrx_word' id='word_1_304' title='bbox 879 2797 988 2871; x_wconf 86' lang='grc' dir='ltr'>ἑνότης</span> <span class='ocrx_word' id='word_1_305' title='bbox 1005 2800 1090 2860; x_wconf 84' lang='grc' dir='ltr'>ἐστιν</span> <span class='ocrx_word' id='word_1_306' title='bbox 1108 2795 1161 2858; x_wconf 86' lang='grc' dir='ltr'>καὶ</span> <span class='ocrx_word' id='word_1_307' title='bbox 1178 2801 1196 2862; x_wconf 74' lang='lat'>3</span> <span class='ocrx_word' id='word_1_308' title='bbox 1216 2796 1388 2870; x_wconf 89' lang='grc' dir='ltr'>τελειότης,</span> <span class='ocrx_word' id='word_1_309' title='bbox 1415 2795 1515 2884; x_wconf 87' lang='grc' dir='ltr'>μόνως</span> <span class='ocrx_word' id='word_1_310' title='bbox 1540 2797 1570 2861; x_wconf 82' lang='grc' dir='ltr'>έν</span> <span class='ocrx_word' id='word_1_311' title='bbox 1595 2801 1706 2888; x_wconf 87' lang='grc' dir='ltr'>κυρίως</span> <span class='ocrx_word' id='word_1_312' title='bbox 1731 2801 1767 2862; x_wconf 83' lang='grc' dir='ltr'>τό</span> <span class='ocrx_word' id='word_1_313' title='bbox 1788 2806 1846 2868; x_wconf 74' lang='grc' dir='ltr'>πᾶν,</span> 
     </span>
     <span class='ocr_line' id='line_1_23' title="bbox 313 2895 1847 2995; baseline -0.004 -25"><span class='ocrx_word' id='word_1_314' title='bbox 313 2908 568 2993; x_wconf 86' lang='grc' dir='ltr'>αὐταρκέστατον</span> <span class='ocrx_word' id='word_1_315' title='bbox 586 2905 640 2993; x_wconf 85' lang='grc' dir='ltr'>μέν</span> <span class='ocrx_word' id='word_1_316' title='bbox 659 2905 691 2970; x_wconf 76' lang='grc' dir='ltr'>ὃν</span> <span class='ocrx_word' id='word_1_317' title='bbox 708 2903 757 2989; x_wconf 86' lang='lat'>¹¹),</span> <span class='ocrx_word' id='word_1_318' title='bbox 782 2910 821 2979; x_wconf 85' lang='grc' dir='ltr'>ὡς</span> <span class='ocrx_word' id='word_1_319' title='bbox 846 2903 987 2992; x_wconf 79' lang='grc' dir='ltr'>μάλιστα</span> <span class='ocrx_word' id='word_1_320' title='bbox 1004 2905 1133 2968; x_wconf 88' lang='grc' dir='ltr'>τέλειον·</span> <span class='ocrx_word' id='word_1_321' title='bbox 1151 2903 1309 2992; x_wconf 82' lang='grc' dir='ltr'>ἠνώμενον</span> <span class='ocrx_word' id='word_1_322' title='bbox 1328 2895 1361 2968; x_wconf 86' lang='grc' dir='ltr'>δέ</span> <span class='ocrx_word' id='word_1_323' title='bbox 1378 2903 1530 2992; x_wconf 79' lang='grc' dir='ltr'>μάλιστα,</span> <span class='ocrx_word' id='word_1_324' title='bbox 1548 2911 1587 2982; x_wconf 87' lang='grc' dir='ltr'>ὡς</span> <span class='ocrx_word' id='word_1_325' title='bbox 1612 2909 1685 2970; x_wconf 88' lang='grc' dir='ltr'>όλον</span> <span class='ocrx_word' id='word_1_326' title='bbox 1712 2907 1847 2995; x_wconf 80' lang='grc' dir='ltr'>μάλιστα·</span> 
     </span>
     <span class='ocr_line' id='line_1_24' title="bbox 313 3010 1848 3106; baseline -0.003 -28"><span class='ocrx_word' id='word_1_327' title='bbox 313 3015 472 3103; x_wconf 73' lang='grc' dir='ltr'>συντρέχει</span> <span class='ocrx_word' id='word_1_328' title='bbox 489 3014 548 3103; x_wconf 86' lang='grc' dir='ltr'>ἄρα</span> <span class='ocrx_word' id='word_1_329' title='bbox 566 3014 603 3077; x_wconf 90' lang='grc' dir='ltr'>τό</span> <span class='ocrx_word' id='word_1_330' title='bbox 620 3037 656 3078; x_wconf 85' lang='grc' dir='ltr'>τε</span> <span class='ocrx_word' id='word_1_331' title='bbox 673 3011 703 3077; x_wconf 86' lang='grc' dir='ltr'>έν</span> <span class='ocrx_word' id='word_1_332' title='bbox 722 3013 775 3076; x_wconf 87' lang='grc' dir='ltr'>καὶ</span> <span class='ocrx_word' id='word_1_333' title='bbox 792 3013 828 3076; x_wconf 81' lang='grc' dir='ltr'>τό</span> <span class='ocrx_word' id='word_1_334' title='bbox 854 3015 1014 3101; x_wconf 80' lang='grc' dir='ltr'>αὔταρκες·</span> <span class='ocrx_word' id='word_1_335' title='bbox 1039 3013 1093 3075; x_wconf 85' lang='grc' dir='ltr'>καὶ</span> <span class='ocrx_word' id='word_1_336' title='bbox 1116 3011 1174 3103; x_wconf 69' lang='grc' dir='ltr'>γοίρ</span> <span class='ocrx_word' id='word_1_337' title='bbox 1193 3017 1222 3074; x_wconf 85' lang='grc' dir='ltr'>τ’</span> <span class='ocrx_word' id='word_1_338' title='bbox 1241 3010 1357 3102; x_wconf 72' lang='grc' dir='ltr'>ἀγαθόν</span> <span class='ocrx_word' id='word_1_339' title='bbox 1375 3011 1417 3094; x_wconf 83' lang='grc' dir='ltr'>έν,</span> <span class='ocrx_word' id='word_1_340' title='bbox 1442 3013 1495 3075; x_wconf 86' lang='grc' dir='ltr'>καὶ</span> <span class='ocrx_word' id='word_1_341' title='bbox 1512 3015 1549 3078; x_wconf 81' lang='grc' dir='ltr'>τὸ</span> <span class='ocrx_word' id='word_1_342' title='bbox 1566 3013 1596 3078; x_wconf 83' lang='grc' dir='ltr'>έν</span> <span class='ocrx_word' id='word_1_343' title='bbox 1613 3014 1641 3080; x_wconf 83' lang='grc' dir='ltr'>τ’</span> <span class='ocrx_word' id='word_1_344' title='bbox 1662 3015 1788 3106; x_wconf 75' lang='grc' dir='ltr'>ἀγαθόν’</span> <span class='ocrx_word' id='word_1_345' title='bbox 1804 3017 1848 3076; x_wconf 71' lang='grc' dir='ltr'>οὐκ</span> 
     </span>
     <span class='ocr_line' id='line_1_25' title="bbox 313 3112 1847 3211; baseline -0.001 -26"><span class='ocrx_word' id='word_1_346' title='bbox 313 3122 371 3211; x_wconf 83' lang='grc' dir='ltr'>ἄρα</span> <span class='ocrx_word' id='word_1_347' title='bbox 387 3114 435 3186; x_wconf 87' lang='grc' dir='ltr'>δεῖ</span> <span class='ocrx_word' id='word_1_348' title='bbox 447 3121 541 3210; x_wconf 86' lang='grc' dir='ltr'>φοίναι</span> <span class='ocrx_word' id='word_1_349' title='bbox 558 3121 617 3194; x_wconf 78' lang='grc' dir='ltr'>τὴν</span> <span class='ocrx_word' id='word_1_350' title='bbox 635 3123 725 3185; x_wconf 84' lang='grc' dir='ltr'>πόλιν</span> <span class='ocrx_word' id='word_1_351' title='bbox 743 3121 989 3210; x_wconf 74' lang='grc' dir='ltr'>αὐταρκέστερον</span> <span class='ocrx_word' id='word_1_352' title='bbox 1009 3119 1063 3208; x_wconf 87' lang='grc' dir='ltr'>μέν</span> <span class='ocrx_word' id='word_1_353' title='bbox 1080 3119 1215 3184; x_wconf 84' lang='grc' dir='ltr'>έκοίστου</span> <span class='ocrx_word' id='word_1_354' title='bbox 1233 3129 1294 3183; x_wconf 86' lang='grc' dir='ltr'>τῶν</span> <span class='ocrx_word' id='word_1_355' title='bbox 1313 3123 1450 3201; x_wconf 89' lang='grc' dir='ltr'>πολλῶν,</span> <span class='ocrx_word' id='word_1_356' title='bbox 1464 3117 1559 3192; x_wconf 66' lang='grc' dir='ltr'>ἧσσον</span> <span class='ocrx_word' id='word_1_357' title='bbox 1577 3112 1610 3186; x_wconf 86' lang='grc' dir='ltr'>δέ</span> <span class='ocrx_word' id='word_1_358' title='bbox 1623 3123 1664 3187; x_wconf 86' lang='grc' dir='ltr'>ἕν·</span> <span class='ocrx_word' id='word_1_359' title='bbox 1680 3127 1752 3186; x_wconf 80' lang='grc' dir='ltr'>ἀλλ’</span> <span class='ocrx_word' id='word_1_360' title='bbox 1769 3127 1805 3195; x_wconf 82' lang='grc' dir='ltr'>ὡς</span> <span class='ocrx_word' id='word_1_361' title='bbox 1819 3117 1847 3198; x_wconf 72' lang='grc' dir='ltr'>ι’)</span> 
     </span>
    </p>
   </div>
   <div class='ocr_carea' id='block_1_3' title="bbox 257 3219 1906 4401">
    <p class='ocr_par' dir='ltr' id='par_1_7' title="bbox 257 3219 1906 4401">
     <span class='ocr_line' id='line_1_26' title="bbox 311 3219 1847 3320; baseline -0.007 -25"><span class='ocrx_word' id='word_1_362' title='bbox 311 3230 457 3320; x_wconf 79' lang='grc' dir='ltr'>ἑκάτερον</span> <span class='ocrx_word' id='word_1_363' title='bbox 480 3230 534 3293; x_wconf 85' lang='grc' dir='ltr'>καί</span> <span class='ocrx_word' id='word_1_364' title='bbox 558 3231 594 3293; x_wconf 82' lang='grc' dir='ltr'>τὸ</span> <span class='ocrx_word' id='word_1_365' title='bbox 618 3229 740 3309; x_wconf 80' lang='grc' dir='ltr'>λοιπόν,</span> <span class='ocrx_word' id='word_1_366' title='bbox 765 3219 836 3292; x_wconf 83' lang='grc' dir='ltr'>οὐδὲ</span> <span class='ocrx_word' id='word_1_367' title='bbox 859 3229 896 3291; x_wconf 86' lang='grc' dir='ltr'>τύ</span> <span class='ocrx_word' id='word_1_368' title='bbox 914 3221 1023 3306; x_wconf 79' lang='grc' dir='ltr'>ἑνίζειν</span> <span class='ocrx_word' id='word_1_369' title='bbox 1042 3220 1200 3314; x_wconf 73' lang='grc' dir='ltr'>ἀφανίζειν</span> <span class='ocrx_word' id='word_1_370' title='bbox 1218 3220 1294 3290; x_wconf 85' lang='grc' dir='ltr'>εἶναι</span> <span class='ocrx_word' id='word_1_371' title='bbox 1310 3227 1347 3290; x_wconf 87' lang='grc' dir='ltr'>τύ</span> <span class='ocrx_word' id='word_1_372' title='bbox 1366 3229 1525 3315; x_wconf 78' lang='grc' dir='ltr'>αὔταρκες·</span> <span class='ocrx_word' id='word_1_373' title='bbox 1544 3231 1577 3292; x_wconf 92' lang='grc' dir='ltr'>οὐ</span> <span class='ocrx_word' id='word_1_374' title='bbox 1594 3228 1656 3318; x_wconf 76' lang='grc' dir='ltr'>γάρ</span> <span class='ocrx_word' id='word_1_375' title='bbox 1680 3233 1749 3294; x_wconf 86' lang='grc' dir='ltr'>ἐστι</span> <span class='ocrx_word' id='word_1_376' title='bbox 1762 3227 1798 3308; x_wconf 73' lang='grc'>13)</span> <span class='ocrx_word' id='word_1_377' title='bbox 1819 3227 1847 3286; x_wconf 76' lang='grc' dir='ltr'>το</span> 
     </span>
     <span class='ocr_line' id='line_1_27' title="bbox 311 3331 1906 3429; baseline -0.006 -25"><span class='ocrx_word' id='word_1_378' title='bbox 311 3333 496 3417; x_wconf 79' lang='grc' dir='ltr'>ένίζεινένα</span> <span class='ocrx_word' id='word_1_379' title='bbox 521 3331 617 3429; x_wconf 80' lang='grc' dir='ltr'>ἄνδρα</span> <span class='ocrx_word' id='word_1_380' title='bbox 640 3349 737 3402; x_wconf 80' lang='grc' dir='ltr'>ποιεῖν</span> <span class='ocrx_word' id='word_1_381' title='bbox 764 3341 822 3400; x_wconf 88' lang='grc' dir='ltr'>αὐτ</span> <span class='ocrx_word' id='word_1_382' title='bbox 827 3337 874 3418; x_wconf 72' lang='grc' dir='ltr'>ὴν,</span> <span class='ocrx_word' id='word_1_383' title='bbox 899 3335 981 3400; x_wconf 78' lang='grc' dir='ltr'>οἰλλίι</span> <span class='ocrx_word' id='word_1_384' title='bbox 1007 3335 1203 3423; x_wconf 59' lang='grc' dir='ltr'>μένουσαν.»</span> <span class='ocrx_word' id='word_1_385' title='bbox 1183 3336 1321 3399; x_wconf 86' lang='grc' dir='ltr'>πόλιν</span> <span class='ocrx_word' id='word_1_386' title='bbox 1299 3360 1338 3410; x_wconf 89' lang='grc' dir='ltr'>εις</span> <span class='ocrx_word' id='word_1_387' title='bbox 1364 3337 1479 3424; x_wconf 80' lang='grc' dir='ltr'>μίαν</span> <span class='ocrx_word' id='word_1_388' title='bbox 1461 3360 1531 3426; x_wconf 64' lang='grc' dir='ltr'>αρει</span> <span class='ocrx_word' id='word_1_389' title='bbox 1562 3339 1725 3400; x_wconf 82' lang='grc' dir='ltr'>κοινωνίαν</span> <span class='ocrx_word' id='word_1_390' title='bbox 1748 3345 1846 3402; x_wconf 84' lang='grc' dir='ltr'>πᾶσαν,</span> <span class='ocrx_word' id='word_1_391' title='bbox 1905 3387 1906 3406; x_wconf 74' lang='lat'><strong>.</strong></span> 
     </span>
     <span class='ocr_line' id='line_1_28' title="bbox 286 3429 1848 3536; baseline -0.003 -28"><span class='ocrx_word' id='word_1_392' title='bbox 286 3429 439 3516; x_wconf 75' lang='grc' dir='ltr'>διατλν</span> <span class='ocrx_word' id='word_1_393' title='bbox 466 3451 507 3520; x_wconf 88' lang='grc' dir='ltr'>εἰς</span> <span class='ocrx_word' id='word_1_394' title='bbox 531 3445 561 3510; x_wconf 90' lang='grc' dir='ltr'>έν</span> <span class='ocrx_word' id='word_1_395' title='bbox 583 3445 700 3536; x_wconf 84' lang='grc' dir='ltr'>ἁ,αθον</span> <span class='ocrx_word' id='word_1_396' title='bbox 724 3445 828 3520; x_wconf 78' lang='grc' dir='ltr'>πάσης</span> <span class='ocrx_word' id='word_1_397' title='bbox 852 3445 905 3508; x_wconf 86' lang='grc' dir='ltr'>καί</span> <span class='ocrx_word' id='word_1_398' title='bbox 929 3453 991 3508; x_wconf 91' lang='grc' dir='ltr'>τῶν</span> <span class='ocrx_word' id='word_1_399' title='bbox 1016 3469 1046 3508; x_wconf 88' lang='grc' dir='ltr'>εν</span> <span class='ocrx_word' id='word_1_400' title='bbox 1065 3469 1122 3508; x_wconf 88' lang='grc' dir='ltr'>αν</span> <span class='ocrx_word' id='word_1_401' title='bbox 1125 3455 1143 3528; x_wconf 83' lang='lat'>3</span> <span class='ocrx_word' id='word_1_402' title='bbox 1163 3443 1289 3507; x_wconf 75' lang='grc' dir='ltr'>πάντων</span> <span class='ocrx_word' id='word_1_403' title='bbox 1313 3445 1552 3533; x_wconf 72' lang='grc' dir='ltr'>ἐπιστροφήν.</span> <span class='ocrx_word' id='word_1_404' title='bbox 1537 3454 1677 3509; x_wconf 63' lang='grc' dir='ltr'>τοῦτνο</span> <span class='ocrx_word' id='word_1_405' title='bbox 1664 3469 1775 3536; x_wconf 89' lang='grc' dir='ltr'>ριιη</span> <span class='ocrx_word' id='word_1_406' title='bbox 1793 3434 1848 3510; x_wconf 81' lang='grc' dir='ltr'>ὸιτ·</span> 
     </span>
     <span class='ocr_line' id='line_1_29' title="bbox 314 3547 1846 3645; baseline -0.003 -28"><span class='ocrx_word' id='word_1_407' title='bbox 314 3556 443 3644; x_wconf 89' lang='grc' dir='ltr'>ρημένον</span> <span class='ocrx_word' id='word_1_408' title='bbox 458 3552 545 3636; x_wconf 76' lang='grc' dir='ltr'>“)έν</span> <span class='ocrx_word' id='word_1_409' title='bbox 564 3566 628 3631; x_wconf 83' lang='grc' dir='ltr'>τοῖς</span> <span class='ocrx_word' id='word_1_410' title='bbox 655 3555 788 3645; x_wconf 86' lang='grc' dir='ltr'>μέρεσιν,</span> <span class='ocrx_word' id='word_1_411' title='bbox 814 3553 884 3618; x_wconf 89' lang='grc' dir='ltr'>αλλ</span> <span class='ocrx_word' id='word_1_412' title='bbox 901 3552 931 3618; x_wconf 86' lang='grc' dir='ltr'>έν</span> <span class='ocrx_word' id='word_1_413' title='bbox 957 3552 1010 3617; x_wconf 87' lang='grc' dir='ltr'>καί</span> <span class='ocrx_word' id='word_1_414' title='bbox 1034 3555 1134 3617; x_wconf 83' lang='grc' dir='ltr'>κοινόν</span> <span class='ocrx_word' id='word_1_415' title='bbox 1159 3552 1285 3617; x_wconf 73' lang='grc' dir='ltr'>πάντων</span> <span class='ocrx_word' id='word_1_416' title='bbox 1310 3552 1497 3641; x_wconf 79' lang='grc' dir='ltr'>ἀποφανθέν,</span> <span class='ocrx_word' id='word_1_417' title='bbox 1513 3547 1660 3630; x_wconf 76' lang='grc' dir='ltr'>ἑνίζει</span> <span class='ocrx_word' id='word_1_418' title='bbox 1627 3577 1687 3624; x_wconf 88' lang='grc' dir='ltr'>την</span> <span class='ocrx_word' id='word_1_419' title='bbox 1712 3553 1846 3616; x_wconf 82' lang='grc' dir='ltr'>πόλινέκ</span> 
     </span>
     <span class='ocr_line' id='line_1_30' title="bbox 310 3657 1846 3750; baseline -0.005 -25"><span class='ocrx_word' id='word_1_420' title='bbox 310 3667 437 3727; x_wconf 82' lang='grc' dir='ltr'>πολλῶν</span> <span class='ocrx_word' id='word_1_421' title='bbox 462 3658 566 3730; x_wconf 80' lang='grc' dir='ltr'>οὖσαν.</span> <span class='ocrx_word' id='word_1_422' title='bbox 592 3667 691 3736; x_wconf 67' lang='grc' dir='ltr'>,θηλοῖ</span> <span class='ocrx_word' id='word_1_423' title='bbox 714 3657 747 3727; x_wconf 86' lang='grc' dir='ltr'>δέ</span> <span class='ocrx_word' id='word_1_424' title='bbox 770 3673 874 3728; x_wconf 72' lang='grc' dir='ltr'>ταῦτα.</span> <span class='ocrx_word' id='word_1_425' title='bbox 898 3661 951 3726; x_wconf 81' lang='grc' dir='ltr'>καὶ</span> <span class='ocrx_word' id='word_1_426' title='bbox 975 3667 990 3724; x_wconf 89' lang='grc' dir='ltr'>ὁ</span> <span class='ocrx_word' id='word_1_427' title='bbox 1018 3661 1186 3750; x_wconf 65' lang='grc' dir='ltr'>Σωκράτης</span> <span class='ocrx_word' id='word_1_428' title='bbox 1219 3661 1311 3736; x_wconf 82' lang='grc' dir='ltr'>αὐτὸς</span> <span class='ocrx_word' id='word_1_429' title='bbox 1342 3661 1554 3750; x_wconf 70' lang='grc' dir='ltr'>ὑφηγούμενος</span> <span class='ocrx_word' id='word_1_430' title='bbox 1578 3664 1610 3724; x_wconf 88' lang='grc' dir='ltr'>τί</span> <span class='ocrx_word' id='word_1_431' title='bbox 1633 3663 1714 3726; x_wconf 89' lang='grc' dir='ltr'>ποτέ</span> <span class='ocrx_word' id='word_1_432' title='bbox 1737 3663 1846 3726; x_wconf 76' lang='grc' dir='ltr'>έστινό</span> 
     </span>
     <span class='ocr_line' id='line_1_31' title="bbox 313 3757 1848 3859; baseline -0.005 -25"><span class='ocrx_word' id='word_1_433' title='bbox 313 3771 454 3858; x_wconf 75' lang='grc' dir='ltr'>μάλιστα</span> <span class='ocrx_word' id='word_1_434' title='bbox 477 3772 602 3844; x_wconf 84' lang='grc' dir='ltr'>ποιήσει</span> <span class='ocrx_word' id='word_1_435' title='bbox 634 3761 691 3842; x_wconf 72' lang='grc' dir='ltr'>τὴν</span> <span class='ocrx_word' id='word_1_436' title='bbox 716 3772 807 3834; x_wconf 87' lang='grc' dir='ltr'>πόλιν</span> <span class='ocrx_word' id='word_1_437' title='bbox 833 3780 986 3834; x_wconf 87' lang='grc' dir='ltr'>κοινωνεῖν</span> <span class='ocrx_word' id='word_1_438' title='bbox 1003 3767 1044 3855; x_wconf 76' lang='lat'>¹⁵)</span> <span class='ocrx_word' id='word_1_439' title='bbox 1069 3768 1167 3839; x_wconf 80' lang='grc' dir='ltr'>αὐτὴν</span> <span class='ocrx_word' id='word_1_440' title='bbox 1191 3771 1264 3859; x_wconf 82' lang='grc' dir='ltr'>πρὸς</span> <span class='ocrx_word' id='word_1_441' title='bbox 1289 3768 1404 3842; x_wconf 82' lang='grc' dir='ltr'>ἑαυτὴν</span> <span class='ocrx_word' id='word_1_442' title='bbox 1422 3768 1526 3858; x_wconf 78' lang='grc' dir='ltr'>ὀρθῶς,</span> <span class='ocrx_word' id='word_1_443' title='bbox 1546 3767 1733 3834; x_wconf 86' lang='grc' dir='ltr'>οίκισθεῖσαν</span> <span class='ocrx_word' id='word_1_444' title='bbox 1759 3757 1848 3854; x_wconf 79' lang='grc' dir='ltr'>διαρτ-</span> 
     </span>
     <span class='ocr_line' id='line_1_32' title="bbox 314 3867 1845 3968; baseline -0.006 -26"><span class='ocrx_word' id='word_1_445' title='bbox 314 3878 426 3967; x_wconf 90' lang='grc' dir='ltr'>ρόντως</span> <span class='ocrx_word' id='word_1_446' title='bbox 444 3889 505 3942; x_wconf 87' lang='grc' dir='ltr'>τῶν</span> <span class='ocrx_word' id='word_1_447' title='bbox 523 3878 627 3942; x_wconf 86' lang='grc' dir='ltr'>ἄλλων</span> <span class='ocrx_word' id='word_1_448' title='bbox 643 3879 774 3942; x_wconf 89' lang='grc' dir='ltr'>πόλεων·</span> <span class='ocrx_word' id='word_1_449' title='bbox 800 3880 836 3943; x_wconf 84' lang='grc' dir='ltr'>τύ</span> <span class='ocrx_word' id='word_1_450' title='bbox 862 3878 920 3968; x_wconf 70' lang='grc' dir='ltr'>γὰρ</span> <span class='ocrx_word' id='word_1_451' title='bbox 944 3878 993 3942; x_wconf 85' lang='grc' dir='ltr'>ἐπί</span> <span class='ocrx_word' id='word_1_452' title='bbox 1018 3889 1083 3951; x_wconf 82' lang='grc' dir='ltr'>τοῖς</span> <span class='ocrx_word' id='word_1_453' title='bbox 1101 3881 1216 3952; x_wconf 86' lang='grc' dir='ltr'>αὐτοῖς,</span> <span class='ocrx_word' id='word_1_454' title='bbox 1239 3877 1342 3964; x_wconf 85' lang='grc' dir='ltr'>φησίν,</span> <span class='ocrx_word' id='word_1_455' title='bbox 1360 3867 1489 3946; x_wconf 77' lang='grc' dir='ltr'>ἥδεσθαι</span> <span class='ocrx_word' id='word_1_456' title='bbox 1505 3877 1559 3940; x_wconf 88' lang='grc' dir='ltr'>καὶ</span> <span class='ocrx_word' id='word_1_457' title='bbox 1575 3877 1751 3941; x_wconf 86' lang='grc' dir='ltr'>λυπεῖσθαι·</span> <span class='ocrx_word' id='word_1_458' title='bbox 1768 3886 1845 3938; x_wconf 81' lang='grc' dir='ltr'>τοῦτο</span> 
     </span>
     <span class='ocr_line' id='line_1_33' title="bbox 313 3979 1844 4075; baseline -0.006 -24"><span class='ocrx_word' id='word_1_459' title='bbox 313 3979 346 4051; x_wconf 88' lang='grc' dir='ltr'>δέ</span> <span class='ocrx_word' id='word_1_460' title='bbox 374 3979 460 4052; x_wconf 77' lang='grc' dir='ltr'>οὐδέν</span> <span class='ocrx_word' id='word_1_461' title='bbox 490 3986 568 4050; x_wconf 83' lang='grc' dir='ltr'>ἄλλο</span> <span class='ocrx_word' id='word_1_462' title='bbox 596 3988 679 4050; x_wconf 89' lang='grc' dir='ltr'>έστιν</span> <span class='ocrx_word' id='word_1_463' title='bbox 708 3987 727 4058; x_wconf 84' lang='lat'>3</span> <span class='ocrx_word' id='word_1_464' title='bbox 759 3985 795 4051; x_wconf 88' lang='grc' dir='ltr'>τό</span> <span class='ocrx_word' id='word_1_465' title='bbox 820 3986 860 4050; x_wconf 73' lang='grc' dir='ltr'>τί</span> <span class='ocrx_word' id='word_1_466' title='bbox 885 3985 966 4050; x_wconf 78' lang='grc' dir='ltr'>αὐτοὶ</span> <span class='ocrx_word' id='word_1_467' title='bbox 991 3980 1124 4075; x_wconf 78' lang='grc' dir='ltr'>νομίζειν</span> <span class='ocrx_word' id='word_1_468' title='bbox 1150 3983 1266 4074; x_wconf 72' lang='grc' dir='ltr'>ἀγαθὰ,</span> <span class='ocrx_word' id='word_1_469' title='bbox 1290 3985 1343 4048; x_wconf 85' lang='grc' dir='ltr'>καί</span> <span class='ocrx_word' id='word_1_470' title='bbox 1366 3983 1449 4047; x_wconf 68' lang='grc' dir='ltr'>κακέ.</span> <span class='ocrx_word' id='word_1_471' title='bbox 1473 3982 1594 4058; x_wconf 77' lang='grc' dir='ltr'>πάντας</span> <span class='ocrx_word' id='word_1_472' title='bbox 1617 3983 1690 4059; x_wconf 91' lang='grc' dir='ltr'>τούς</span> <span class='ocrx_word' id='word_1_473' title='bbox 1714 3987 1744 4048; x_wconf 83' lang='grc' dir='ltr'>ἐν</span> <span class='ocrx_word' id='word_1_474' title='bbox 1769 3985 1844 4062; x_wconf 74' lang='grc' dir='ltr'>αὐτῇ·</span> 
     </span>
     <span class='ocr_line' id='line_1_34' title="bbox 311 4085 1844 4185; baseline 0 -27"><span class='ocrx_word' id='word_1_475' title='bbox 311 4105 405 4159; x_wconf 78' lang='grc' dir='ltr'>τοῦτο</span> <span class='ocrx_word' id='word_1_476' title='bbox 430 4086 464 4159; x_wconf 84' lang='grc' dir='ltr'>δέ</span> <span class='ocrx_word' id='word_1_477' title='bbox 486 4093 584 4158; x_wconf 82' lang='grc' dir='ltr'>ἐκεῖνό</span> <span class='ocrx_word' id='word_1_478' title='bbox 608 4095 693 4158; x_wconf 81' lang='grc' dir='ltr'>ἐστιν</span> <span class='ocrx_word' id='word_1_479' title='bbox 711 4095 748 4157; x_wconf 83' lang='grc' dir='ltr'>τό</span> <span class='ocrx_word' id='word_1_480' title='bbox 766 4085 871 4182; x_wconf 86' lang='grc' dir='ltr'>μηδὴν</span> <span class='ocrx_word' id='word_1_481' title='bbox 888 4095 962 4185; x_wconf 81' lang='grc' dir='ltr'>πρός</span> <span class='ocrx_word' id='word_1_482' title='bbox 979 4095 1092 4183; x_wconf 84' lang='grc' dir='ltr'>ἕτερον,</span> <span class='ocrx_word' id='word_1_483' title='bbox 1112 4091 1194 4158; x_wconf 77' lang='grc' dir='ltr'>ἀλλὰ</span> <span class='ocrx_word' id='word_1_484' title='bbox 1211 4093 1285 4183; x_wconf 82' lang='grc' dir='ltr'>πρὸς</span> <span class='ocrx_word' id='word_1_485' title='bbox 1302 4091 1334 4156; x_wconf 73' lang='grc' dir='ltr'>ἓν</span> <span class='ocrx_word' id='word_1_486' title='bbox 1355 4091 1476 4167; x_wconf 83' lang='grc' dir='ltr'>πάντας</span> <span class='ocrx_word' id='word_1_487' title='bbox 1502 4090 1619 4181; x_wconf 68' lang='grc' dir='ltr'>ἀγαθόν</span> <span class='ocrx_word' id='word_1_488' title='bbox 1643 4093 1681 4156; x_wconf 87' lang='grc' dir='ltr'>τύ</span> <span class='ocrx_word' id='word_1_489' title='bbox 1705 4102 1762 4166; x_wconf 77' lang='grc' dir='ltr'>τῆς</span> <span class='ocrx_word' id='word_1_490' title='bbox 1785 4091 1844 4158; x_wconf 68' lang='grc' dir='ltr'>όλος</span> 
     </span>
     <span class='ocr_line' id='line_1_35' title="bbox 311 4193 785 4278; baseline -0.002 -14"><span class='ocrx_word' id='word_1_491' title='bbox 311 4201 430 4276; x_wconf 85' lang='grc' dir='ltr'>πόλεως</span> <span class='ocrx_word' id='word_1_492' title='bbox 455 4193 694 4274; x_wconf 76' lang='grc' dir='ltr'>ἀποόλέποντας</span> <span class='ocrx_word' id='word_1_493' title='bbox 718 4194 785 4278; x_wconf 78' lang='grc' dir='ltr'>ζῆν.</span> 
     </span>
     <span class='ocr_line' id='line_1_36' title="bbox 257 4300 1843 4401; baseline -0.003 -29"><span class='ocrx_word' id='word_1_494' title='bbox 257 4319 283 4356; x_wconf 81' lang='lat'>³⁵</span> <span class='ocrx_word' id='word_1_495' title='bbox 356 4308 516 4398; x_wconf 85' lang='grc' dir='ltr'>Τέταρτον</span> <span class='ocrx_word' id='word_1_496' title='bbox 542 4300 579 4380; x_wconf 82' lang='grc' dir='ltr'>δὴ</span> <span class='ocrx_word' id='word_1_497' title='bbox 606 4302 657 4372; x_wconf 86' lang='grc' dir='ltr'>οὐν</span> <span class='ocrx_word' id='word_1_498' title='bbox 682 4307 733 4372; x_wconf 87' lang='grc' dir='ltr'>ἐπὶ</span> <span class='ocrx_word' id='word_1_499' title='bbox 765 4307 887 4383; x_wconf 82' lang='grc' dir='ltr'>τούτοις</span> <span class='ocrx_word' id='word_1_500' title='bbox 918 4301 1185 4398; x_wconf 75' lang='grc' dir='ltr'>παραλογίζεσθαί</span> <span class='ocrx_word' id='word_1_501' title='bbox 1210 4332 1286 4398; x_wconf 90' lang='grc' dir='ltr'>φησι</span> <span class='ocrx_word' id='word_1_502' title='bbox 1309 4310 1363 4374; x_wconf 79' lang='grc' dir='ltr'>τὀν</span> <span class='ocrx_word' id='word_1_503' title='bbox 1397 4308 1569 4400; x_wconf 82' lang='grc' dir='ltr'>Σωκράτην</span> <span class='ocrx_word' id='word_1_504' title='bbox 1601 4311 1739 4401; x_wconf 87' lang='grc' dir='ltr'>λέγοντα</span> <span class='ocrx_word' id='word_1_505' title='bbox 1762 4315 1843 4372; x_wconf 83' lang='grc' dir='ltr'>ποιεῖν</span> 
     </span>
    </p>
   </div>
   <div class='ocr_carea' id='block_1_4' title="bbox 346 4663 1720 5360">
    <p class='ocr_par' dir='ltr' id='par_1_8' title="bbox 346 4663 1425 5009">
     <span class='ocr_line' id='line_1_37' title="bbox 349 4663 1369 4739; baseline -0.003 -19"><span class='ocrx_word' id='word_1_506' title='bbox 349 4664 371 4737; x_wconf 81' lang='grc'>1)</span> <span class='ocrx_word' id='word_1_507' title='bbox 390 4663 429 4720; x_wconf 83' lang='grc' dir='ltr'>Μ.</span> <span class='ocrx_word' id='word_1_508' title='bbox 450 4667 480 4717; x_wconf 81' lang='grc' dir='ltr'>τί.</span> <span class='ocrx_word' id='word_1_509' title='bbox 1160 4667 1183 4739; x_wconf 77' lang='lat'>⁹)</span> <span class='ocrx_word' id='word_1_510' title='bbox 1201 4663 1241 4721; x_wconf 80' lang='lat' dir='ltr'>M.</span> <span class='ocrx_word' id='word_1_511' title='bbox 1261 4680 1318 4721; x_wconf 87' lang='lat' dir='ltr'>om.</span> <span class='ocrx_word' id='word_1_512' title='bbox 1339 4666 1369 4717; x_wconf 83' lang='grc' dir='ltr'>ίν.</span> 
     </span>
     <span class='ocr_line' id='line_1_38' title="bbox 346 4751 1364 4830; baseline 0 -20"><span class='ocrx_word' id='word_1_513' title='bbox 346 4755 369 4826; x_wconf 83' lang='lat'>²)</span> <span class='ocrx_word' id='word_1_514' title='bbox 388 4753 427 4810; x_wconf 87' lang='grc' dir='ltr'>Η.</span> <span class='ocrx_word' id='word_1_515' title='bbox 445 4751 486 4809; x_wconf 81' lang='lat' dir='ltr'>M.</span> <span class='ocrx_word' id='word_1_516' title='bbox 506 4757 647 4825; x_wconf 83' lang='grc' dir='ltr'>Σωκράτου.</span> <span class='ocrx_word' id='word_1_517' title='bbox 1150 4755 1185 4830; x_wconf 78' lang='lat'>¹⁰)</span> <span class='ocrx_word' id='word_1_518' title='bbox 1204 4756 1243 4812; x_wconf 88' lang='lat' dir='ltr'>M.</span> <span class='ocrx_word' id='word_1_519' title='bbox 1263 4774 1320 4812; x_wconf 87' lang='lat' dir='ltr'>om.</span> <span class='ocrx_word' id='word_1_520' title='bbox 1339 4759 1364 4813; x_wconf 87' lang='lat'><em>3.</em></span> 
     </span>
     <span class='ocr_line' id='line_1_39' title="bbox 347 4841 1395 4919; baseline 0 -22"><span class='ocrx_word' id='word_1_521' title='bbox 347 4841 371 4915; x_wconf 87' lang='lat'>³)</span> <span class='ocrx_word' id='word_1_522' title='bbox 390 4841 438 4898; x_wconf 82' lang='lat' dir='ltr'>Sic</span> <span class='ocrx_word' id='word_1_523' title='bbox 457 4841 520 4898; x_wconf 81' lang='lat' dir='ltr'><strong>cod.</strong></span> <span class='ocrx_word' id='word_1_524' title='bbox 539 4842 606 4914; x_wconf 82' lang='lat' dir='ltr'>loge</span> <span class='ocrx_word' id='word_1_525' title='bbox 626 4845 733 4898; x_wconf 74' lang='grc' dir='ltr'>ὁτουοῦν.</span> <span class='ocrx_word' id='word_1_526' title='bbox 1149 4845 1185 4919; x_wconf 88' lang='lat'>¹¹)</span> <span class='ocrx_word' id='word_1_527' title='bbox 1203 4847 1241 4900; x_wconf 90' lang='grc' dir='ltr'><strong>Η</strong></span> <span class='ocrx_word' id='word_1_528' title='bbox 1262 4845 1347 4915; x_wconf 70' lang='grc' dir='ltr'>μιν</span> <span class='ocrx_word' id='word_1_529' title='bbox 1322 4843 1395 4904; x_wconf 68' lang='grc' dir='ltr'>ουν)</span> 
     </span>
     <span class='ocr_line' id='line_1_40' title="bbox 346 4929 1432 5009; baseline 0.009 -27"><span class='ocrx_word' id='word_1_530' title='bbox 346 4929 369 5000; x_wconf 88' lang='lat'>⁴)</span> <span class='ocrx_word' id='word_1_531' title='bbox 388 4931 500 5002; x_wconf 80' lang='grc' dir='ltr'>μετέχειν</span> <span class='ocrx_word' id='word_1_532' title='bbox 520 4930 581 4987; x_wconf 84' lang='lat' dir='ltr'><strong>cod.</strong></span> <span class='ocrx_word' id='word_1_533' title='bbox 602 4931 686 5004; x_wconf 86' lang='lat' dir='ltr'><strong>prim.</strong></span> <span class='ocrx_word' id='word_1_534' title='bbox 1150 4935 1187 5009; x_wconf 81' lang='lat'>¹²)</span> <span class='ocrx_word' id='word_1_535' title='bbox 1205 4935 1244 4991; x_wconf 89' lang='lat' dir='ltr'>H.</span> <span class='ocrx_word' id='word_1_536' title='bbox 1264 4933 1314 4990; x_wconf 86' lang='lat' dir='ltr'><strong>fol.</strong></span> <span class='ocrx_word' id='word_1_537' title='bbox 1334 4935 1387 4990; x_wconf 86' lang='grc'>139</span> <span class='ocrx_word' id='word_1_538' title='bbox 1404 4952 1432 4992; x_wconf 82' lang='lat' dir='ltr'>v</span> 
     </span>
    </p>

    <p class='ocr_par' dir='ltr' id='par_1_9' title="bbox 347 5019 1720 5184">
     <span class='ocr_line' id='line_1_41' title="bbox 348 5019 1720 5092; baseline 0.002 -14"><span class='ocrx_word' id='word_1_539' title='bbox 348 5020 371 5092; x_wconf 70' lang='grc'>5)</span> <span class='ocrx_word' id='word_1_540' title='bbox 391 5019 460 5078; x_wconf 72' lang='lat' dir='ltr'><strong>cod.</strong></span> <span class='ocrx_word' id='word_1_541' title='bbox 479 5020 530 5077; x_wconf 85' lang='lat' dir='ltr'><strong>fol.</strong></span> <span class='ocrx_word' id='word_1_542' title='bbox 550 5023 603 5076; x_wconf 83' lang='grc'>198</span> <span class='ocrx_word' id='word_1_543' title='bbox 622 5039 647 5078; x_wconf 83' lang='lat' dir='ltr'>V·</span> <span class='ocrx_word' id='word_1_544' title='bbox 1150 5023 1185 5086; x_wconf 76' lang='lat'>¹³}</span> <span class='ocrx_word' id='word_1_545' title='bbox 1205 5023 1275 5082; x_wconf 65' lang='lat' dir='ltr'><strong>(lod.</strong></span> <span class='ocrx_word' id='word_1_546' title='bbox 1294 5023 1345 5078; x_wconf 75' lang='lat' dir='ltr'>sol.</span> <span class='ocrx_word' id='word_1_547' title='bbox 1366 5023 1425 5078; x_wconf 86' lang='grc'><strong>199.</strong></span> <span class='ocrx_word' id='word_1_548' title='bbox 1444 5023 1483 5078; x_wconf 86' lang='grc' dir='ltr'>Μ.</span> <span class='ocrx_word' id='word_1_549' title='bbox 1503 5025 1585 5084; x_wconf 77' lang='grc' dir='ltr'>ἐνίζιν.</span> <span class='ocrx_word' id='word_1_550' title='bbox 1605 5025 1648 5076; x_wconf 84' lang='grc' dir='ltr'>ίνοι</span> <span class='ocrx_word' id='word_1_551' title='bbox 1667 5023 1720 5081; x_wconf 80' lang='lat' dir='ltr'><strong>sio.</strong></span> 
     </span>
     <span class='ocr_line' id='line_1_42' title="bbox 347 5109 1577 5184; baseline 0.002 -26"><span class='ocrx_word' id='word_1_552' title='bbox 347 5110 370 5182; x_wconf 69' lang='grc'>6)</span> <span class='ocrx_word' id='word_1_553' title='bbox 388 5109 425 5164; x_wconf 89' lang='lat' dir='ltr'>H.</span> <span class='ocrx_word' id='word_1_554' title='bbox 447 5109 510 5162; x_wconf 79' lang='grc' dir='ltr'>ὥστε</span> <span class='ocrx_word' id='word_1_555' title='bbox 530 5114 544 5166; x_wconf 86' lang='lat'>3</span> <span class='ocrx_word' id='word_1_556' title='bbox 566 5113 642 5174; x_wconf 80' lang='grc' dir='ltr'>πόλις.</span> <span class='ocrx_word' id='word_1_557' title='bbox 1151 5112 1186 5184; x_wconf 78' lang='grc' dir='ltr'>Η)</span> <span class='ocrx_word' id='word_1_558' title='bbox 1207 5111 1276 5169; x_wconf 79' lang='lat' dir='ltr'><strong>Ood.</strong></span> <span class='ocrx_word' id='word_1_559' title='bbox 1296 5115 1456 5183; x_wconf 72' lang='grc' dir='ltr'>διῃρημένων,</span> <span class='ocrx_word' id='word_1_560' title='bbox 1477 5111 1520 5168; x_wconf 81' lang='lat' dir='ltr'>sio</span> <span class='ocrx_word' id='word_1_561' title='bbox 1538 5113 1577 5167; x_wconf 88' lang='lat' dir='ltr'>M.</span> 
     </span>
    </p>

    <p class='ocr_par' dir='ltr' id='par_1_10' title="bbox 347 5199 1394 5274">
     <span class='ocr_line' id='line_1_43' title="bbox 347 5199 1394 5274; baseline -0.002 -20"><span class='ocrx_word' id='word_1_562' title='bbox 347 5199 369 5269; x_wconf 58' lang='grc' dir='ltr'>Ἰ)</span> <span class='ocrx_word' id='word_1_563' title='bbox 388 5199 425 5254; x_wconf 86' lang='grc' dir='ltr'>Η.</span> <span class='ocrx_word' id='word_1_564' title='bbox 445 5199 495 5256; x_wconf 79' lang='lat' dir='ltr'><strong>fol.</strong></span> <span class='ocrx_word' id='word_1_565' title='bbox 517 5200 576 5258; x_wconf 81' lang='grc'>139,</span> <span class='ocrx_word' id='word_1_566' title='bbox 1151 5201 1183 5274; x_wconf 75' lang='lat'>¹⁵)</span> <span class='ocrx_word' id='word_1_567' title='bbox 1202 5201 1241 5255; x_wconf 86' lang='lat' dir='ltr'>M.</span> <span class='ocrx_word' id='word_1_568' title='bbox 1261 5205 1394 5254; x_wconf 84' lang='grc' dir='ltr'>κοινωνίαν.</span> 
     </span>
    </p>

    <p class='ocr_par' dir='ltr' id='par_1_11' title="bbox 348 5287 561 5360">
     <span class='ocr_line' id='line_1_44' title="bbox 348 5287 561 5360; baseline 0 -16"><span class='ocrx_word' id='word_1_569' title='bbox 348 5287 370 5360; x_wconf 81' lang='lat'>⁸)</span> <span class='ocrx_word' id='word_1_570' title='bbox 389 5287 428 5344; x_wconf 81' lang='lat' dir='ltr'>M.</span> <span class='ocrx_word' id='word_1_571' title='bbox 449 5307 505 5346; x_wconf 89' lang='lat' dir='ltr'>om.</span> <span class='ocrx_word' id='word_1_572' title='bbox 526 5293 561 5344; x_wconf 69' lang='grc' dir='ltr'>τά.</span> 
     </span>
    </p>
   </div>
   <div class='ocr_carea' id='block_1_5' title="bbox 0 0 1976 6070">
    <p class='ocr_par' dir='ltr' id='par_1_12' title="bbox 0 0 1976 6070">
     <span class='ocr_line' id='line_1_45' title="bbox 0 0 1976 6070; baseline 0 0"><span class='ocrx_word' id='word_1_573' title='bbox 0 0 1976 6070; x_wconf 95' lang='lat' dir='ltr'> </span> 
     </span>
    </p>
   </div>
  </div>
 </body>
</html>
