3978 6070
540 499 696 592 Hayitia
714 521 755 572 αα
771 497 845 590 fato
863 506 894 572 et
913 498 1132 572 daemonibus
1150 500 1310 573 oriunda.
1647 511 1699 568 111

153 670 223 735 ἀλλΙ
249 677 304 736 ούκ
329 675 427 762 ἀμερῆ
446 677 486 747 είς
503 671 540 736 τό
558 681 710 761 γεννῆσαν
729 671 866 752 ἀναλύει,
884 673 937 738 καὶ
954 671 1131 738 ἀναλύουσα
1148 673 1257 744 ποινὴν
1275 670 1415 763 ἐσχάτην
1436 673 1532 738 τείνει
1555 683 1613 750 τῆς
1638 686 1700 739 τῶν

152 781 302 846 τοιούτων
327 785 498 857 συνουσίας,
516 772 621 852 ἐπειδὴ
641 778 848 866 1ρκαὶτότῇ
867 783 1001 873 μεγίστῃ
1024 791 1085 846 τῶν
1103 772 1290 872 τυραννίδων
1315 781 1497 871 ἐπιτρέχειν,
1522 781 1702 859 ἀπόπτωσίς

152 893 236 954 ἐστιν
261 890 410 966 τοιαύτης
434 891 517 967 τινός
541 885 639 973 ζωῆς,
664 901 722 966 τῆς
745 890 852 956 πάντα
876 891 929 955 τόν
956 891 1073 980 κόσμον
1099 881 1291 976 διοικούσης,
1316 885 1351 964 ἧς
1375 891 1492 979 ἔχουσα
1516 892 1702 978 φαντασίαν,

153 997 338 1088 ύπυφέρεται
357 1001 431 1089 πρὸς
448 999 507 1070 τὴν
523 990 649 1064 τοιάνδε
665 1003 792 1064 πολλῶν
806 999 966 1089 άρχουοαν
985 998 1066 1088 μετά
1084 997 1224 1090 ἀνάγκης
1242 989 1380 1088 δύναμιν·
1399 998 1453 1063 καὶ
1475 1000 1553 1076 όλως
1575 999 1702 1065 πάντων

113 1131 125 1166 ε
153 1117 216 1172 τῶν
241 1107 386 1200 μεγάλων
411 1117 516 1173 κακῶν
541 1113 572 1171 αί
595 1101 719 1198 πράξεις
743 1104 849 1197 ψυχῶν
867 1113 954 1184 εἰσιν,
972 1107 1096 1198 μεγάλη
1118 1107 1173 1197 μέν
1196 1107 1284 1196 φύσει
1308 1107 1475 1198 χρωμένων
1500 1109 1553 1172 καί
1575 1112 1703 1199 εὐφυῶν,

154 1206 193 1280 δι’
219 1217 334 1291 ἐννοίας
352 1207 386 1280 δέ
402 1207 631 1306 ἀδιαρθρώτους
648 1208 896 1306 ἐξεργαζομένων
913 1214 955 1279 τά.
973 1216 1109 1307 μέγιστα
1126 1225 1188 1280 τῶν
1206 1225 1322 1282 κακῶν.
1340 1254 1380 1264 —
1400 1216 1460 1280 Καί
1485 1219 1607 1306 εἴρηται
1629 1223 1705 1306 ημῖν

60 1345 63 1350 ·
155 1327 170 1387 ὁ
195 1323 288 1414 λόγος
305 1323 359 1388 καί
379 1326 410 1388 ἐν
429 1324 534 1399 ἄλλοις
550 1324 715 1404 πολλάκις,
731 1323 818 1413 τάχα
835 1324 889 1387 καὶ
905 1334 963 1400 τῆς
979 1333 1041 1388 τῶν
1059 1315 1179 1389 παίδων
1198 1322 1350 1414 βρώσεως,
1367 1328 1393 1389 εί
1411 1323 1471 1413 χρὴ
1497 1326 1706 1413 τολμήσαντα

155 1436 263 1513 εἰπεῖν,
288 1435 365 1519 ὁμοῦ
390 1441 430 1517 τῇ
456 1434 590 1522 μεγίστῃ
617 1422 777 1522 τυραννίδι
800 1441 923 1521 πρῶτον
948 1433 1142 1521 ἐκφανείσης·
1166 1440 1223 1496 τοῦ
1246 1429 1306 1523 γάρ
1331 1430 1532 1518 αὐτοῦ’)...

156 1649 179 1714 f.
199 1649 279 1715 163:
304 1645 364 1719 τὴν
388 1649 500 1712 ἑαυτοῦ
514 1697 521 1712 .
536 1697 542 1711 .
558 1697 564 1711 .
578 1657 619 1711 ῶν
644 1645 744 1737 κράτη
763 1645 840 1712 θεῶν
857 1699 908 1716 ...
933 1651 963 1712 ἐν
980 1657 1045 1722 τοῖς
1060 1645 1072 1682 ³
1074 1667 1086 1734 ρ
1104 1657 1276 1737 συνοχικυῒς
1291 1697 1297 1710 .
1314 1696 1320 1711 .
1335 1695 1342 1710 .
1356 1670 1407 1737 γοι
1430 1645 1636 1739 γινώσκοντες
1653 1648 1707 1713 τόν

102 1782 129 1819 ιο
158 1755 280 1838 βίᾳ...
305 1754 464 1839 βασιλείαν
489 1754 543 1817 καί
566 1752 638 1830 τούς
660 1757 773 1818 ἑαυτοῦ
796 1745 912 1831 παῖδας
937 1747 1022 1823 δ...
1046 1752 1285 1844 ἐμυθολόγησαν
1298 1752 1337 1837 ⁴),
1354 1759 1393 1830 ὡς
1411 1746 1478 1818 δέον
1502 1752 1537 1820 ὃν
1561 1754 1616 1819 τόν
1642 1757 1710 1838 βια-

158 1863 293 1952 σάμενον
324 1863 383 1935 την
409 1863 523 1953 μετέρα
535 1861 562 1948 ⁵)
585 1863 640 1928 καί
667 1864 738 1953 περὶ
765 1862 836 1940 τούς
864 1855 979 1940 παῖδας
1008 1857 1086 1928 εἶναι
1110 1873 1269 1927 τοιοῦτον·
1293 1873 1387 1928 τοῦτο
1413 1853 1446 1928 δέ
1470 1866 1555 1928 ἐστιν
1584 1863 1638 1928 τόν
1667 1852 1702 1928 δι’

157 1968 314 2060 ὑπεροχὴν
339 1961 507 2058 δυνάμεως,
523 1968 628 2060 ἐτέρας
652 1969 855 2059 ἡγησάμενον
881 1972 1050 2055 βασιλείας,
1067 1972 1120 2035 καὶ
1136 1972 1194 2036 ὅσα
1225 1980 1319 2063 γεννᾶ
1341 1976 1415 2062 παρ’
1440 1973 1542 2054 ἐαυτῷ
1566 1971 1703 2060 κατέχει.

159 2069 239 2142 Τόδε
264 2072 298 2142 δὲ
314 2075 573 2167 συλλογισώμεθα
585 2075 612 2162 ⁶)
636 2081 671 2142 ἐκ
687 2077 824 2154 πάντων,
841 2079 926 2151 ότιη
946 2089 1008 2142 τῶν
1024 2069 1145 2144 παίδοιν
1165 2081 1273 2166 βρῶσις
1290 2080 1410 2169 γίνεται
1428 2078 1482 2168 μὲν
1503 2078 1572 2144 καθ’
1590 2085 1706 2170 Εἱμαρ-

159 2187 265 2274 μένην,
287 2191 327 2262 ῶς
343 2184 446 2260 πάσης
465 2185 641 2261 ἀναλύσεως
658 2185 814 2274 σωμάτων
833 2192 874 2262 εἰς
891 2185 1026 2275 σώματα
1042 2186 1226 2277 προστάτιν,
1245 2192 1351 2252 ἀπλῶν
1369 2192 1410 2264 είς
1430 2191 1526 2265 ἁπλᾶ,
1552 2187 1706 2254 συνθέτων

105 2339 131 2376 ,5
159 2301 200 2372 εἰς
224 2295 308 2359 ἄλλα
333 2293 475 2377 σύνθετα,
500 2295 554 2359 καὶ
577 2295 697 2359 τούτων
714 2293 733 2368 ἢ
752 2300 792 2370 είς
809 2293 887 2384 τάῗ)
904 2289 936 2374 ἐξ
953 2290 994 2359 ὧν
1009 2295 1158 2386 γέγονεν,
1182 2294 1201 2368 ἣ
1227 2299 1268 2374 εἰς
1291 2294 1334 2360 τά
1357 2289 1389 2374 ἐξ
1414 2298 1516 2361 αὐτῶν
1540 2295 1703 2387 γενόμενα,

158 2403 176 2478 ἢ
203 2409 244 2482 είς
268 2403 310 2469 τά
336 2395 495 2494 μηδέτερα
520 2403 586 2494 μέν,
611 2408 646 2469 ἐκ
671 2395 704 2469 δέ
727 2415 790 2470 τῶν
809 2410 911 2470 αὐτῶν
928 2405 1082 2496 γεγονότα
1100 2407 1273 2493 στοιχείων·
1292 2403 1343 2468 καί
1367 2402 1426 2495 γάρ
1450 2409 1469 2478 η
1495 2415 1558 2469 τῶν
1583 2399 1705 2488 ζώωνθ)

160 2515 270 2602 βρῶσις
287 2512 418 2586 τοιαύτη
437 2512 491 2576 καί
507 2519 526 2585 η
545 2522 607 2576 τῶν
625 2517 660 2578 ἐκ
676 2523 734 2604 γῆς
751 2522 887 2601 καρπῶν·
905 2515 1027 2604 γίνεται
1044 2503 1077 2578 δέ
1093 2513 1146 2576 καί
1163 2513 1221 2576 ύπύ
1238 2504 1392 2602 δαιμόνων
1410 2512 1563 2602 ἐσχάτων,
1582 2515 1706 2578 ἐκείνων

157 2632 220 2686 τῶν
245 2619 321 2686 θεῶν
345 2613 537 2710 ἐξημμένων,
555 2626 583 2685 οἱ
599 2632 662 2686 τῶν
680 2626 830 2686 αίτιατῶν
848 2630 905 2697 τῆς
922 2625 964 2697 εἰς
981 2619 1022 2685 τά
1040 2622 1126 2684 αίτια
1150 2623 1338 2709 ἐπιστροφῆς
1363 2625 1438 2684 εἰσιν
1464 2621 1569 2702 αἴτιοι,
1594 2644 1708 2710 μιμου-

158 2728 257 2817 μένων
282 2729 432 2816 ἀνομοίως
455 2726 527 2803 τούς
551 2732 670 2793 ἑαυτῶν
697 2727 882 2819 ἀγελάρχας·
905 2729 1069 2819 γίγνονται
1093 2719 1127 2794 δέ
1150 2727 1203 2792 καί
1220 2729 1279 2793 ὑπὸ
1296 2738 1358 2793 τῶν
1377 2727 1573 2818 ἀνθρωπίνων
1600 2725 1706 2818 ψυχῶν

101 2876 131 2913 20
159 2826 193 2898 δι’
223 2833 363 2923 ἐσχάτην
389 2833 571 2922 ἐμπάθειαν,
596 2835 615 2907 ἢ
643 2833 776 2924 θυμικόν
800 2833 1080 2925 ἢέπιθυμητικήν.
1097 2836 1215 2900 Πολλοί
1231 2847 1305 2927 γοῦν
1323 2836 1376 2900 καί
1395 2828 1446 2902 διά
1469 2838 1560 2926 λιμόν
1584 2833 1707 2925 ἥψαντο

158 2953 221 3009 τῶν
245 2944 372 3025 τέκνων,
398 2944 499 3034 ὥσπερ
523 2947 554 3008 ἐν
572 2945 734 3028 Θετταλίᾳ
752 2941 908 3032 μεταίτην
925 2953 987 3008 τῶν
1007 2935 1169 3034 βαρβάρων
1194 2935 1303 3032 ἔφοδον
1328 2945 1459 3036 ἔναγχος
1468 2942 1505 3028 9)·
1529 2945 1651 3034 γίνεται
1674 2934 1708 3007 δέ

157 3054 216 3142 πρό
240 3052 360 3116 τούτων
385 3053 444 3116 ὑπό
468 3063 526 3128 τῆς
551 3055 582 3118 ἐν
606 3063 652 3136 τῷ
675 3054 772 3118 παντὶ
789 3042 889 3138 δίκης,
906 3045 956 3117 διά
974 3044 1012 3126 δή
1031 3077 1118 3128 τινας
1142 3043 1326 3142 ἁμαρτάδας
1347 3051 1491 3128 ἀνιάτους
1514 3052 1708 3143 ἐπαγόμενον

159 3171 224 3238 τοῖς
247 3171 385 3226 ποιοῦσιν
410 3145 476 3251 ἅμα
499 3161 552 3226 καί
574 3161 760 3251 πάσχουσιν,
784 3161 907 3237 τούτοις
932 3159 987 3252 μέν
1011 3161 1082 3251 περὶ
1101 3160 1234 3251 πατέρος
1251 3157 1354 3246 ¹⁰)...

160 3380 184 3444 ί.
204 3381 267 3445 163
283 3403 325 3460 v.,
341 3379 428 3444 idem
444 3379 607 3444 defectus:
633 3370 715 3454 ἀξιοῖ
730 3375 772 3440 τά
788 3388 846 3453 τῆς
869 3368 919 3441 δια
935 3431 941 3445 .
957 3430 964 3444 .
980 3432 987 3446 .
1010 3375 1178 3451 κείσθησαν
1202 3382 1243 3453 είς
1266 3376 1326 3448 τὴν
1342 3431 1349 3446 .
1364 3430 1371 3446 .
1387 3430 1394 3444 .
1418 3375 1501 3442 ἀλλά
1525 3386 1629 3442 ταῦτα
1651 3378 1707 3466 μέν

104 3519 133 3556 ιι
161 3491 247 3552 ἐστι,
262 3536 290 3550 .,
316 3489 398 3551 ἐστιν
424 3490 454 3550 ἐν
478 3497 543 3562 τοῖς
567 3483 801 3575 προκειμένοις.
816 3536 841 3548 ..
856 3485 906 3551 θαι
926 3487 1070 3577 ῥήμασιν,
1088 3489 1135 3563 τίς
1152 3489 1168 3549 ό
1185 3476 1305 3574 δαίμων
1323 3480 1411 3562 οὗτος
1427 3487 1481 3550 καὶ
1496 3487 1543 3562 τίς
1567 3492 1587 3559 ί.
1612 3485 1709 3576 τύχη,

160 3595 252 3659 τίνων
277 3592 332 3683 μὲν
356 3591 417 3684 γάρ
440 3593 670 3684 προεστήκασιν
684 3640 690 3655 .
705 3643 732 3656 ..
756 3592 890 3682 Λέγεται
912 3595 1049 3659 τοίνυνό
1071 3594 1125 3684 μέν
1151 3587 1271 3683 δαίμων
1294 3593 1429 3658 έκάστου
1446 3619 1493 3670 τις
1519 3585 1604 3678 ίδιος,
1628 3601 1647 3670 τ’,
1674 3587 1708 3660 δὲ

161 3701 242 3792 τύχη
260 3701 298 3785 ¹¹)
322 3693 502 3791 κυύερνῶσα
527 3700 582 3765 τόν
606 3699 741 3765 ἑκάστου
767 3701 841 3785 βίον·
868 3700 938 3765 ἀλλ’
963 3703 1013 3767 ὅτι
1038 3702 1092 3792 μέν
1118 3707 1133 3766 ό
1158 3695 1278 3791 δαίμων
1302 3699 1343 3778 εἷς
1361 3707 1428 3768 ἐστι
1448 3712 1511 3767 τῶν
1535 3703 1620 3794 παρά
1644 3716 1709 3781 τοῖς

161 3809 319 3901 θεολόγοις
343 3813 518 3901 ἀγγελικῶν
544 3800 698 3897 δαιμόνων
716 3802 963 3899 ὀνομαζομένων,
981 3810 1106 3900 εἴρηταί
1120 3831 1173 3897 μοι
1188 3808 1242 3872 καί
1265 3808 1424 3899 πρότερον·
1450 3799 1497 3874 διό
1521 3809 1575 3874 καί
1598 3815 1614 3874 ὁ
1638 3835 1711 3903 προ-

161 3920 263 4008 φήτης
288 3918 382 3982 αὐτόν
407 3918 578 4006 ἐφίστησιν,
605 3916 637 3982 όν
654 3916 790 4010 ἄγγελον
813 3917 890 3981 ὄντα
907 3908 1141 4006 ἀπεδείκνυμεν·
1159 3915 1219 3988 τὴν
1237 3905 1270 3982 δὲ
1286 3917 1388 4006 τύχην
1412 3917 1534 3992 ταύτην
1559 3917 1628 3984 θεόν
1654 3919 1708 4008 μὲν

103 4055 133 4096 ιο
159 4032 252 4094 εἰπεῖν
277 4029 333 4092 ούκ
357 4024 481 4102 ἀληθὲς,
505 4035 550 4109 τῷ
576 4017 700 4114 δαίμονι
725 4025 891 4114 σύστοιχον
916 4019 1021 4111 οὖσαν,
1046 4017 1208 4115 δαιμονίαν
1226 4015 1260 4089 δέ
1283 4025 1428 4102 πάντως·
1453 4017 1708 4117 ἀντιδιαιρεῒσθαι

161 4127 194 4201 δέ
216 4136 290 4225 πρός
315 4136 369 4198 τόν
395 4125 547 4222 δαίμονα,
571 4134 704 4200 καθόσον
729 4139 744 4198 ό
770 4133 825 4223 μέν
849 4133 906 4210 τάς
930 4126 1016 4200 ἔνδον
1041 4140 1131 4225 ημῶν
1155 4133 1350 4225 ἐπιτροπεύει
1373 4136 1524 4213 κίνησεις,
1548 4141 1567 4209 ἡ
1595 4129 1628 4200 δὲ
1651 4135 1709 4213 τάς

161 4247 202 4318 εἰς
226 4243 263 4307 τό
287 4234 346 4319 ἐξω
371 4239 546 4331 προϊούσας.

497 4450 585 4533 Μηδέ
609 4483 645 4524 σε
668 4451 787 4548 δαίμων
812 4457 946 4524 ἐνταῦθα
969 4457 1089 4550 τρέψειε
1113 4461 1211 4551 φίλος,

494 4567 598 4660 Φάρος
615 4567 670 4658 μέν
689 4593 741 4658 μοι
756 4577 879 4656 πρῶτον
897 4567 1074 4632 ἐνέπνευσεν
1092 4567 1175 4659 μέγα
1192 4559 1323 4657 δαίμων,

202 4797 224 4873 ¹)
243 4797 283 4856 M.
303 4803 355 4854 ἐπεὶ
376 4801 425 4853 καί.
999 4801 1022 4874 7)
1042 4803 1075 4861 ιἰς
1095 4807 1127 4853 τὰ
1146 4816 1202 4857 om.
1221 4799 1259 4858 Η.

199 4889 223 4961 ¹)
241 4889 282 4946 Μ.
295 4907 351 4945 om.
363 4888 521 4963 sequentia
529 4907 625 4964 usque
638 4889 677 4946 ad
689 4896 732 4945 καὶ
746 4893 799 4951 τοὺς
817 4892 911 4943 ἑαυτοῦ.
999 4894 1021 4966 ⁸)
1040 4894 1079 4949 H.
1099 4895 1203 4945 παίδων.

198 4978 222 5052 ³)
241 4980 277 5035 A.
297 4998 325 5054 p.
344 4981 387 5036 96.
999 4982 1021 5053 ⁹)
1041 4981 1079 5034 M.
1098 4978 1407 5038 «Animadvertamus
1427 4979 1540 5036 dictum
1562 4980 1599 5037 de
1618 4979 1710 5038 'Phos-

197 5068 222 5141 ⁴)
242 5069 281 5124 M.
300 5072 522 5142 ἐμῶιλογήσαντι.
964 5067 1037 5124 salis
1055 5067 1087 5123 in
1104 5067 1184 5122 fame
1203 5067 1492 5142 anthropophagis».

199 5158 222 5233 ⁵)
240 5159 277 5215 Η.
297 5160 394 5231 μητέρα
412 5158 443 5215 in
461 5159 526 5216 loco
550 5159 686 5217 evanido.
706 5159 744 5214 M.
761 5161 908 5230 βιασάμενον
1001 5158 1598 5232 10)Η.πατὲρωνιιια1ο.Μ.σακεεςιιειιέίιι
1612 5178 1708 5233 usque

162 5250 268 5321 πατέρα,
287 5248 355 5306 fort„
375 5249 450 5306 bone
468 5257 608 5322 respectu
626 5249 665 5306 ad
676 5249 847 5306 Ardiaeum.
962 5249 1001 5305 nd
1018 5252 1126 5322 λέγεται.
1146 5247 1278 5305 Ενιιιιιίί
1290 5254 1362 5306 nota
1379 5249 1410 5306 in
1430 5268 1545 5308 summo
1564 5251 1707 5324 margine.

199 5339 221 5412 8)
241 5339 279 5395 M.
300 5342 490 5413 συλλογίσομεν,
1001 5338 1039 5413 ¹¹)
1057 5339 1096 5394 M.
1117 5338 1191 5408 ψυχά.-
1210 5369 1247 5380 -
1264 5337 1302 5395 Η.
1321 5337 1341 5394 f.
1361 5339 1405 5394 97.
