4008 6068
412 1043 417 1051 ,
509 891 989 1028 SANCTUS
1036 897 1591 1035 eumenus

806 1264 807 1268 ρ
848 1156 1253 1234 uunxuuuuluue

1040 1639 1065 1704 1.

566 1855 621 1922 Eu
646 1855 808 1925 tiresuuro
831 1857 870 1924 de
892 1865 1004 1926 suuetu
1026 1864 1056 1925 et
1078 1858 1346 1927 consubstantiali
1370 1858 1540 1926 Trinitate.

322 2067 497 2157 Κεφάλαιον
522 2068 593 2134 ΚΖ’.
618 2075 669 2147 Εἰς
693 2070 740 2135 τό·
765 2069 835 2136 Ἵνα
859 2060 1056 2162 γιγνώοκωσί
1079 2095 1113 2137 σε
1136 2071 1190 2136 τὸν
1208 2072 1302 2162 μόνον
1320 2072 1467 2148 ἀληθινὸν
1485 2074 1573 2155 Θεὸν,
1594 2076 1649 2140 καὶ
1673 2075 1710 2140 ὃν
1732 2075 1827 2142 ἀπέσ-

278 2178 386 2252 τειλας
411 2181 532 2249 Ἰησοῦν
558 2179 689 2270 Χριστόν
709 2176 752 2265 ¹);
1799 2173 1801 2178 ⁵

203 2371 211 2380 Ι
323 2282 438 2369 Caput.
460 2287 596 2354 XXVII.
620 2288 664 2355 lu
687 2289 788 2355 ittud:
815 2292 827 2322 “
852 2287 893 2356 Ut
916 2297 1104 2376 eoquoetuut
1120 2298 1149 2358 te
1165 2293 1267 2360 sotum
1282 2313 1391 2360 uerum
1413 2291 1529 2375 Deum,
1545 2300 1579 2361 et
1598 2317 1689 2380 quem
1704 2297 1829 2368 misisti

278 2388 392 2460 Jeeum
416 2393 581 2462 Christum
597 2392 622 2476 ²)
641 2446 666 2476 „.
878 2387 880 2392 ’

895 2610 1004 2677 Ἄλλο.
1029 2649 1073 2660 -
1095 2615 1209 2682 Aliud.

325 2829 360 2888 nt
383 2825 488 2890 πάντα
513 2816 564 2892 tut
586 2835 641 2890 τοῦ
667 2815 743 2890 ἰδίου
767 2827 869 2917 Λόγου
892 2830 1024 2900 πεποίη·
1123 2830 1156 2898 Si
1180 2833 1286 2898 omnia
1309 2854 1366 2917 per
1389 2832 1554 2918 proprium
1579 2833 1720 2900 Verbum
1751 2858 1827 2921 ope·

279 2957 333 2999 κεν
357 2938 373 2998 ὁ
397 2933 517 3026 Πατὴρ,
541 2935 595 2999 καὶ
618 2934 765 3009 ἀληθεύει
789 2935 890 3027 λέγων
915 2941 930 3000 ὁ
956 2962 1021 3027 μα·
1056 2940 1168 3002 uetus
1184 2941 1232 3002 est
1247 2934 1353 3018 Peter,
1369 2942 1402 3002 et
1418 2959 1494 3003 vern
1508 2937 1585 3004 dicit
1601 2938 1713 3004 beatus
1730 2962 1826 3006 even-

279 3042 383 3135 κάριος
401 3045 639 3136 εὺαγγελιστής·
656 3045 766 3122 Πάντα
781 3037 821 3110 δι’
840 3049 934 3112 αὑτοῦ
958 3045 1025 3136 ἑγέ-
1080 3044 1205 3131 gelista,
1222 3044 1373 3110 tumuit:
1395 3049 1407 3078 ⁸
1422 3043 1537 3111 Omnia
1549 3067 1608 3130 per
1619 3047 1725 3131 ipsum
1741 3047 1827 3114 fecta

281 3177 362 3239 νετο,
386 3153 441 3218 καὶ
455 3153 548 3243 χωρὶς
565 3155 659 3218 αὑτοῦ
676 3153 800 3244 ἐγένετο
816 3143 903 3219 οὐδέν
917 3151 953 3238 3)·
971 3153 1024 3217 καὶ
1079 3157 1165 3234 sunt,
1188 3156 1222 3219 et
1244 3153 1311 3218 sine
1334 3154 1404 3237 ipso
1427 3153 1547 3219 fectum
1567 3157 1616 3220 est
1636 3153 1718 3220 nihil
1735 3180 1769 3236 ,;
1794 3159 1827 3222 et

280 3259 375 3326 πάλιν
388 3263 415 3325 εἰ
429 3258 535 3324 πάντα
553 3249 604 3325 διὰ
620 3271 682 3325 τῶν
695 3270 863 3353 προφητῶν
878 3261 1026 3352 εἰρημένα
1080 3282 1189 3327 rursus
1212 3259 1239 3325 ei
1259 3260 1366 3325 omniu
1380 3281 1463 3350 qnae
1477 3281 1536 3345 per
1550 3260 1724 3346 prophetas
1739 3261 1825 3329 dieta

282 3359 334 3434 tut
358 3379 415 3434 τοῦ
433 3369 533 3460 Λόγου
549 3368 709 3447 λέλεκται,
726 3371 780 3433 καὶ
801 3373 835 3434 οὐ
860 3361 898 3434 tt
919 3371 1024 3460 ἑτέρου
1080 3373 1165 3450 sunt,
1188 3390 1246 3454 per
1268 3367 1412 3434 Verbum
1442 3368 1574 3435 fuerunt
1596 3369 1691 3452 dicte,
1723 3391 1825 3455 neque

281 3476 375 3552 τινος,
398 3486 464 3551 πῶς
487 3479 543 3541 οὐκ
568 3474 685 3541 ἄτοπον
703 3481 813 3543 ἐννοεῖν
836 3478 929 3542 αὑτὸν
954 3473 1024 3539 καθ’
1079 3499 1137 3562 per
1160 3475 1298 3560 aliquem
1321 3474 1430 3558 elium,
1446 3477 1604 3561 quomodo
1627 3499 1691 3554 non
1714 3478 1826 3542 absur-

280 3588 393 3650 ἑαυτοῦ
414 3585 469 3650 τὸν
487 3595 541 3650 τοῦ
559 3589 637 3650 Θεοῦ
654 3585 753 3676 Λόγον
770 3585 919 3662 τοιαύτας
944 3589 1028 3672 ἀρεῖ·
1080 3584 1156 3649 dum
1179 3587 1228 3648 est
1242 3583 1385 3666 cogitare
1400 3580 1462 3648 hoe
1483 3582 1590 3667 ipsum
1604 3582 1666 3649 Dei
1683 3582 1826 3649 Verbum

281 3716 332 3758 ναι
346 3693 465 3783 φωνάς;
483 3696 601 3759 Οὐκοῦν
617 3694 692 3784 πρὸς
707 3697 860 3784 ἀναίρεσιν
877 3705 940 3759 τῶν
957 3690 1027 3782 ‹treu-
1081 3695 1230 3760 adversus
1245 3691 1452 3776 semetipsum
1469 3690 1541 3757 illes
1554 3691 1695 3757 emisisse
1712 3695 1826 3758 voces?

282 3790 430 3889 δωνὺμων
461 3798 537 3865 θεῶν
561 3800 603 3865 τὰ
636 3801 768 3866 τοιαῦτά
793 3825 884 3892 φησιν
910 3805 925 3865 ὁ
949 3803 1026 3878 Θεὸς
1080 3801 1196 3869 Nonne
1219 3800 1259 3867 ed
1281 3799 1487 3866 evertendum
1513 3799 1587 3865 fulsi
1610 3799 1746 3866 nominis
1768 3821 1829 3864 nu·

282 3907 337 3972 καὶ
357 3907 468 3998 Hui-tp
494 3897 533 3971 δι’
560 3913 647 3986 tium
1081 3913 1168 3978 mine
1183 3913 1261 3978 haee
1283 3909 1381 3976 verbe
1400 3908 1488 3976 Deus
1512 3907 1608 3975 Peter
1630 3931 1687 3994 per
1710 3907 1828 3974 Filium

1083 4019 1230 4105 profert?

324 4234 428 4300 Ἄλλο
447 4239 488 4310 εἰς
513 4235 665 4324 ἀναίρεσιν
695 4244 751 4299 τοῦ
783 4244 846 4300 τῶν
871 4241 1036 4325 Ἀρειανῶν
1070 4223 1246 4323 δόγματος,
1270 4233 1453 4321 περιτρέπον
1477 4240 1532 4295 τοῦ
1560 4229 1737 4318 ποιήματος
1768 4227 1828 4298 τὴν

284 4334 424 4430 δύναμιν.

327 4453 433 4520 Aliud
447 4453 485 4520 iu
499 4454 747 4538 confutationem
763 4455 921 4540 toymatis
936 4454 1147 4534 Ariuuorum,
1165 4473 1226 4537 quo
1249 4451 1445 4520 subvertitur
1460 4449 1511 4518 uie
1533 4447 1677 4517 νοοοονῑι·
1699 4448 1716 4481 “
1731 4445 1830 4518 Oreu-

283 4565 358 4630 turu
372 4612 397 4641 ,,.

330 4773 431 4865 λέγων
462 4775 573 4840 ἑαυτὸν
597 4779 613 4838 t
638 4774 748 4864 Πατλρ
772 4775 825 4841 ἕνα
849 4775 903 4840 καὶ
933 4775 1027 4863 μόνον
1126 4777 1213 4842 Dum
1230 4775 1327 4842 Peter
1342 4773 1419 4840 dicit
1434 4794 1468 4839 se
1484 4793 1583 4838 unum
1596 4773 1630 4836 et
1641 4769 1745 4836 eolnm
1762 4790 1829 4835 esse

284 4882 430 4957 ἀληθινὸν
455 4878 532 4950 εἶναι
556 4884 644 4970 Θεὸν,
669 4888 724 4950 οὐκ
748 4885 971 4974 ἀνατρέποιτο
995 4879 1027 4963 ἐξ
1081 4907 1191 4949 verum
1208 4883 1323 4963 Deum,
1340 4903 1402 4946 nen
1418 4883 1519 4966 negat
1534 4879 1575 4944 eb
1591 4879 1660 4964 ipso
1681 4877 1829 4964 genitum

321 5060 345 5135 ¹)
363 5059 447 5117 Ηεεο
465 5067 497 5118 et
515 5059 671 5134 sequentia
684 5059 858 5119 deriventur
877 5079 915 5119 ex
927 5061 1028 5120 'codiee
1081 5059 1135 5118 fol.
1155 5059 1217 5128 208,
1232 5060 1284 5116 eol.
1297 5057 1323 5114 3.
1337 5059 1504 5132 Supersunt
1517 5057 1689 5114 innumerae
1701 5053 1829 5113 verieta-

283 5149 304 5209 J
305 5150 439 5222 ennensi,
451 5151 487 5208 de
500 5169 559 5225 quo
569 5150 660 5223 intutu
670 5149 800 5208 eddnete
811 5169 890 5208 nune
899 5152 1028 5226 primum
1081 5155 1129 5207 tes
1139 5167 1157 5206 ε
1166 5148 1249 5205 nullo
1262 5147 1366 5220 (tyrini
1380 5147 1493 5204 editore
1506 5146 1611 5204 futuro
1622 5143 1828 5220 negligendae.

284 5237 479 5297 conferuntur
496 5257 565 5296 eum
584 5241 697 5297 Patrot.
709 5258 754 5315 yr.
768 5247 790 5297 t.
807 5256 896 5315 nxxv,
915 5259 944 5315 p.
962 5242 1025 5310 421,
1117 5241 1140 5314 8)
1159 5239 1246 5297 Joen.
1266 5253 1340 5312 xvn,
1358 5237 1383 5292 9.

284 5327 443 5389 inserenda
454 5337 524 5404 post
535 5331 627 5388 Verba
640 5338 681 5386 unt
693 5332 905 5404 ουνδοξαζὸμινον,
917 5351 954 5391 ex
966 5331 1027 5390 cod.
1117 5331 1141 5406 3)
1159 5329 1204 5386 Id.
1224 5345 1250 5401 L,
1269 5332 1295 5386 2.
