3978 6070
482 533 620 608 Censuit
638 536 772 608 animas
791 541 924 608 tantum
941 536 980 608 in
999 537 1163 611 animalia
1183 538 1344 610 transire.
1588 627 1590 632 ι
1632 546 1684 604 ιοι

140 709 171 772 έν
197 707 319 796 Τιμαίῳ
334 705 422 797 λέγει
438 710 454 770 ό
472 697 670 800 δημιουργός,
687 707 740 772 καὶ
757 709 815 772 όσα
832 709 863 774 έν
881 699 1009 799 Φαίδρῳ
1026 710 1205 801 γέγραπται
1219 709 1288 794 περί
1304 718 1367 773 τῶν
1384 707 1510 800 πρώτας
1533 700 1686 787 καθόδους

138 816 358 906 ποιησαμένων
376 812 494 906 ψυχῶν,
510 817 564 881 καὶ
580 819 617 882 τό
634 814 736 908 ψυχῆς
750 815 792 906 μή
807 820 918 882 ἐνεϊναι
931 810 1030 900 τάξιν,
1045 819 1207 907 ἀνοίσομεν
1224 824 1265 895 εἰς
1281 819 1336 884 τθν
1353 818 1455 884 κοινόν
1471 819 1541 911 περί
1558 823 1686 884 ἀπασῶν

140 925 236 1017 λόγον
260 934 434 989 κατιουοῶν
459 928 500 1002 είς
524 927 655 1015 γένεσιν·
679 931 711 992 έν
735 925 794 1017 γάρ
815 924 947 1002 ταύταις
964 921 1042 992 εἶναι
1059 926 1113 992 καί
1128 927 1185 1005 τάς
1202 927 1375 1004 πιπτούσας
1392 932 1441 992 ἐπ’
1466 929 1611 1016 ἔσχατον,
1635 927 1689 991 καί

141 1023 193 1098 διά
215 1042 318 1099 ταῦτα
342 1035 487 1121 συνείρειν
512 1035 606 1100 αὐτόν
622 1035 664 1101 τά
679 1036 817 1125 ἑπόμενα
833 1046 903 1112 ταῖς
919 1039 1076 1113 ποικίλαις
1094 1037 1252 1127 αἱρέσεσιν·
1270 1037 1323 1102 καί
1342 1036 1413 1112 τοὺς
1436 1037 1508 1128 περὶ
1531 1047 1593 1102 τῶν
1619 1027 1689 1102 δευ-

96 1163 111 1202 ιι
140 1143 237 1234 τέρων
261 1143 315 1208 καὶ
338 1144 453 1232 τρίτων
472 1144 546 1226 βίων
563 1142 678 1220 τύπους
695 1147 735 1221 εἰς
750 1144 870 1219 ταύτας
886 1148 970 1234 ὁρᾶν,
987 1147 1059 1208 ἀλλ’
1077 1149 1133 1209 οὺκ
1149 1149 1189 1220 εἰς
1205 1145 1307 1222 πάσας
1324 1142 1381 1221 τάς
1405 1145 1582 1222 κατιούσας,
1607 1146 1689 1222 ὅπως

141 1245 193 1316 οὖν
206 1251 323 1317 ὲκεῖθεν
337 1243 425 1341 δεῦρο
442 1247 554 1343 ψυχάς,
568 1253 621 1318 καὶ
633 1253 693 1345 γάρ
706 1247 738 1334 ἐξ
750 1253 924 1329 ὑποθέσεως
936 1253 1021 1346 λέγει
1034 1253 1075 1318 τά
1092 1253 1364 1320 ἐπακολουθοῦντα
1380 1265 1449 1331 ταῖς
1468 1254 1689 1344 ἀμαρτούσαις·

140 1362 168 1424 εί
191 1350 225 1425 δέ
247 1383 328 1438 τινες
352 1353 412 1425 εἶεν

141 1578 165 1644 f.
185 1579 266 1645 182:
285 1567 337 1642 διά
352 1575 413 1648 τήν
438 1577 595 1668 ἄχραντον
619 1572 702 1656 ζωήν
714 1578 738 1664 ¹)
763 1578 1004 1670 [ἀναμάρτητος
1029 1577 1160 1664 ταύτας]
1186 1589 1249 1644 τῶν
1266 1579 1370 1645 ἄλλων
1387 1573 1557 1671 ἐξῃρῆσθαι
1572 1578 1691 1671 ψυχῶν,
1768 1589 1769 1594 ’

142 1686 172 1749 εί
185 1708 268 1762 τινες
280 1687 430 1750 πεικιλων
447 1684 591 1776 αἱρέσεων
603 1685 841 1777 καθαρεύουσαι,
854 1687 984 1764 τούτους
998 1681 1075 1752 εἶναι
1090 1689 1226 1764 τελείους
1238 1689 1262 1771 ²)
1282 1690 1365 1772 βίους
1383 1681 1559 1781 μονοειδεῖς·
1576 1688 1690 1755 τούτου

85 1810 114 1849 ¹⁰
143 1795 199 1884 μὲν
224 1785 262 1866 δή
281 1803 338 1859 τοῦ
353 1787 580 1885 προθλήματος
604 1795 683 1886 περὶ,
707 1804 850 1860 τοσαῦτα
873 1795 1032 1887 γράφομεν
1050 1797 1242 1886 ἑφίσταντες.
1260 1836 1303 1846 -
1320 1797 1398 1864 ’Ὀτι
1422 1790 1456 1864 δέ
1472 1801 1512 1875 είς
1535 1807 1596 1863 πᾶν
1612 1791 1691 1877 ζῶον

144 1903 279 1994 κατάγει
302 1903 362 1976 τὴν
386 1903 519 1995 λογικήν
543 1905 597 1968 καὶ
621 1903 814 1996 ἀνθρωπίνην
839 1902 959 1995 ψυχήν,
984 1896 1080 1978 δῆλον
1106 1905 1160 1994 μέν
1184 1907 1252 1970 ἐστι
1275 1904 1329 1970 καί
1352 1899 1383 1984 ἐξ
1407 1901 1449 1972 ὧν
1480 1909 1511 1972 ἐν
1534 1916 1580 1989 τῷ
1605 1905 1681 1996 μύθΙ

141 2012 246 2096 τούτῳ
269 2014 450 2104 προείρηκεν
465 2015 502 2100 ⁸),
520 2013 570 2078 ότι
588 2015 649 2097 βίοι
663 2012 788 2078 πάντων
806 2009 887 2087 ἦσαν
905 2008 991 2093 ζώων
1007 2015 1204 2104 προκείμενοι
1218 2025 1288 2090 ταῖς
1305 2021 1428 2105 ψυχαῖς
1446 2017 1472 2080 εί
1488 2014 1548 2107 γάρ
1564 2014 1691 2081 πάντων

143 2123 241 2188 ἔοικεν
262 2127 281 2196 ή
308 2119 393 2212 ψυχή
419 2131 512 2187 πᾶσιν
536 2113 778 2214 ἑγκαταδείσθαι
801 2117 900 2206 ζώοις,
923 2124 1064 2205 πτήνοις,
1089 2113 1240 2213 ἀνύδροις,
1266 2124 1432 2212 χερσαίοις.
1457 2127 1559 2197 Δῆλον
1585 2116 1618 2189 δὲ
1641 2124 1695 2189 καί

144 2231 206 2297 ἀπό
230 2240 293 2295 τῶν
318 2235 349 2296 ἐν
370 2232 493 2321 Τιμαίῳ
518 2229 685 2321 ῥηθέντων,
709 2234 739 2296 ὲν
764 2228 807 2307 οἷς
832 2223 883 2295 διά
906 2231 1033 2298 πάντων
1057 2230 1127 2322 ἄγει
1149 2240 1212 2295 τῶν
1237 2231 1362 2320 ἀλόγων
1385 2241 1484 2322 γενῶν
1501 2230 1559 2309 τάς
1582 2235 1614 2298 ἐν
1639 2236 1693 2298 ἀν-

87 2345 114 2384 ¹⁵
143 2337 274 2431 θρώποις
291 2338 446 2430 ἀφροσύνη
465 2331 715 2429 συμθεύιωκυίας
731 2335 843 2429 ψυχάς,
856 2339 979 2431 ήμέρων
995 2365 1032 2406 τε
1047 2341 1102 2404 καί
1119 2341 1244 2432 ἀγρίων,
1258 2340 1313 2404 καί
1328 2341 1425 2406 έοικεν
1437 2350 1495 2418 τῆς
1512 2345 1553 2418 εἰς
1570 2339 1689 2430 φυτά*)

146 2447 226 2538 μόνα
249 2447 399 2524 πτώσεως
424 2445 521 2523 αύτάς
545 2440 687 2537 ἐξαίρειν,
710 2447 765 2513 καί
788 2447 889 2534 ταύτῃ
916 2459 971 2513 τοῦ
995 2440 1243 2537 Ἐμπεδοκλέους
1268 2438 1440 2538 διαφέρειν,
1465 2450 1497 2526 ός
1521 2471 1614 2540 φησιν
1637 2449 1692 2515 καί

144 2553 260 2646 θάμνος
284 2552 427 2646 γενέσθαι
450 2553 539 2638 ποτὲ,
563 2551 703 2645 καθάπερ

603 2773 719 2850 Οἰωνός
742 2773 797 2838 καί
820 2765 852 2851 ἐξ
877 2773 950 2849 ἀλθς
974 2774 1106 2864 ἔμπορος
1130 2772 1226 2864 ἰχθύς·

141 2993 309 3084 προσήκειν
333 2989 505 3084 ήγούμενος
519 2989 545 3076 ⁵)
571 2989 663 3068 αύτδς
679 2989 740 3063 τὴν
757 2988 951 3080 ἀνθρωπίνην
969 2987 1072 3080 ψυχήν
1091 2987 1133 3079 μὴ
1153 2993 1193 3065 εἰς
1209 2987 1252 3054 τά
1274 2987 1467 3080 πορρωτάτω
1490 2996 1549 3066 τῆς
1574 2986 1691 3080 ἀνθρω-

87 3117 114 3156 ²0
141 3105 232 3177 πίνης
257 3095 465 3180 ἐξολισθάνειν
489 3094 583 3184 ζωῆς,
607 3099 678 3164 ἀλλ’
703 3102 744 3176 είς
761 3098 803 3163 τά
819 3099 873 3163 καί
891 3097 1034 3171 αἴσθησιν
1050 3099 1166 3189 έχοντα
1183 3097 1389 3189 τρανεστέραν
1407 3087 1458 3163 διά
1474 3095 1535 3169 τήν
1558 3095 1691 3189 λογικήν

142 3207 237 3297 ζωήν,
260 3206 298 3287 ἧς
322 3207 411 3275 εἰκών
434 3215 454 3283 ή
474 3207 625 3285 αἴσθησις,
642 3208 697 3273 καὶ
713 3206 773 3279 τήν
791 3207 874 3273 κατά
890 3208 987 3272 τόπον
1005 3209 1126 3280 κίνησιν
1144 3198 1196 3273 διά
1211 3201 1281 3279 τήν
1292 3208 1525 3288 αύτοκινησίοιν,
1542 3201 1578 3283 ής
1602 3203 1691 3271 εἰκών

142 3326 161 3393 ή
181 3329 243 3384 τῶν
260 3313 348 3399 ζώων
365 3314 449 3382 κατά
465 3317 562 3381 τόπον
581 3315 721 3406 μάλιστα
738 3317 866 3392 κίνησις.
884 3317 945 3381 Καὶ
958 3321 1028 3406 ὁρᾷς
1044 3315 1139 3380 πάλιν
1156 3314 1215 3387 τήν
1229 3303 1412 3404 συμφωνίαν
1429 3323 1492 3380 τῶν
1510 3303 1690 3405 δογμάτων·

142 3435 182 3506 ὡς
205 3427 265 3520 γάρ
288 3426 346 3505 τάς
369 3424 504 3518 ήρωίκάς
527 3421 628 3514 ψυχάς
652 3423 722 3514 ἀγει
746 3423 853 3513 μέχρις
878 3421 1058 3513 ἀνθριόπων,
1083 3426 1156 3487 ἀλλ’
1180 3427 1215 3488 ού
1240 3423 1346 3513 μέχρις
1367 3422 1503 3514 ἀλόγων,
1527 3422 1609 3486 οὕτω
1632 3420 1690 3497 τάς

144 3537 335 3629 ἀνθρωπίνας
360 3535 467 3627 μέχρις
492 3535 626 3623 ἀλόγων,
651 3531 720 3598 ἀλλ’
746 3535 780 3597 ού
805 3531 896 3622 μέχρι
920 3541 1042 3621 φυτῶν·
1067 3530 1117 3595 ότι
1140 3530 1201 3622 γάρ
1225 3534 1259 3595 σὺ
1288 3529 1373 3595 κατά
1397 3531 1452 3594 τόν
1475 3519 1692 3620 Ἐμπεδοκλέα

88 3652 116 3692 ²⁵
142 3646 197 3711 καί
219 3646 313 3721 αιίτός
336 3634 418 3710 ἐνδεῖ
439 3643 493 3708 καί
516 3651 623 3733 φυτοῖς
647 3638 706 3711 τήν
730 3637 834 3730 ψυχήν
858 3638 917 3711 τὴν
943 3637 1149 3729 ἀνθρωπίνην,
1174 3630 1270 3712 δηλοῖ
1284 3637 1338 3726 μὲν
1356 3639 1442 3704 καίύ
1468 3643 1610 3728 Τιμαῑος,
1633 3635 1691 3713 τάς

142 3766 206 3822 τῶν
229 3748 316 3833 ζώων
340 3752 474 3845 γενέσεις
499 3753 561 3817 ἀπό
584 3749 704 3826 ταύτης
728 3748 830 3824 πάσας
859 3739 1017 3829 διατιθείς,
1042 3745 1083 3812 τά
1108 3738 1142 3813 δέ
1165 3746 1248 3836 φυτά
1271 3747 1371 3840 λέγων
1396 3745 1508 3824 ἄλλαις
1532 3743 1692 3820 αἰσθήσεσι

143 3873 345 3954 κεραννύντας
367 3871 486 3953 τροφῆς
509 3861 598 3925 ἕνεκα
622 3869 685 3925 τῶν
708 3852 795 3936 ζώων
820 3847 953 3947 δημιουρ

142 4081 307 4170 θ.,1821.1
324 4073 462 4169 *101³g‘)...
482 4073 553 4162 [τήν
569 4073 673 4164 ψυχήν
689 4085 747 4152 τῆς
763 4072 926 4161 ἐπιθυμίας
943 4064 1056 4154 δήπου,
1073 4070 1173 4162 λέγων
1190 4062 1314 4143 δηλαδὴ
1334 4070 1388 4136 καί
1404 4074 1419 4135 ὁ
1440 4073 1482 4156 έν]
1510 4061 1650 4135 Φαίδωνι
1667 4071 1690 4153 τ)

144 4185 315 4277 Σωκράτης
338 4189 378 4260 εἰς
402 4183 443 4250 τά
467 4194 530 4250 τῶν
554 4178 641 4264 ζώων
672 4183 747 4277 γένη
782 4180 930 4270 μεθιστάς
961 4180 1021 4252 τῆν
1049 4179 1205 4270 ήμετέραν
1230 4175 1352 4270 ψυχήν,
1377 4179 1479 4252 ἀλλην
1503 4181 1543 4254 εὶς
1567 4177 1651 4242 ἀλλα
1666 4174 1692 4265 ⁸)

89 4319 116 4358 ιι
142 4296 212 4362 κατ’
238 4297 318 4360 ἄλλο
341 4288 423 4374 ζωῆς
448 4285 537 4376 εἶδος,
562 4298 635 4359 ἀλλ’
657 4295 713 4358 οὐκ
738 4297 779 4368 εὶς
802 4289 895 4381 φυτά,
920 4288 1061 4378 καθάπερ
1085 4293 1208 4366 ἐκεῖνος.
1235 4287 1426 4354 -Τούτων
1456 4278 1494 4359 δή
1521 4281 1573 4352 ούν
1598 4277 1691 4374 διηρ-

143 4405 305 4497 θρωμένων
329 4409 418 4494 ήμϊν,
441 4404 492 4469 ἐπὶ
514 4405 552 4469 τό
576 4405 682 4494 τρίτον
707 4400 849 4477 ἐλθόντες
873 4409 936 4465 τῶν
952 4398 1161 4490 προκειμένων
1178 4401 1220 4475 εἰς
1235 4392 1380 4478 ζήτησιν,
1399 4397 1537 4484 είπομεν,
1560 4395 1611 4459 ὅτι
1633 4395 1689 4459 τόν

144 4515 198 4605 μὲν
223 4523 354 4606 Τιμαῐον
378 4516 434 4579 οὐκ
458 4511 494 4578 ἀν
518 4538 565 4589 τις
589 4503 784 4601 ἀμφιθάλλοι
807 4508 922 4602 λέγειν,
947 4510 997 4574 ότι
1019 4517 1096 4573 πᾶσι
1112 4518 1177 4584 τοῖς
1194 4506 1320 4597 ἀλόγοις
1337 4505 1398 4570 ἀπό
1415 4500 1522 4594 ψυχῶν
1541 4501 1625 4569 ἐστίν
1649 4504 1690 4578 είς

144 4624 225 4691 αύτά
249 4622 487 4715 μετοικησασῶν
511 4616 544 4702 ἐξ
568 4619 736 4712 ἀνθρώπων
753 4623 772 4694 ή
792 4613 938 4710 ψύχωσις·
956 4607 1072 4696 δόξειεν
1090 4607 1118 4682 δ’
1134 4616 1170 4682 ἀν
1188 4621 1204 4680 ό
1224 4619 1256 4682 ἐν
1281 4606 1408 4706 Φαίδρῳ
1432 4611 1614 4703 Σωκράτης,
1636 4609 1692 4677 καί

147 4861 151 4868 ’
180 4858 203 4932 ¹)
222 4857 262 4914 M.
280 4856 368 4930 plura
384 4872 442 4913 0111.
461 4871 532 4913 mox
550 4857 580 4914 δή
601 4856 651 4909 καί.
978 4851 1003 4924 ⁴)
1021 4849 1056 4906 A.
1076 4855 1131 4912 ταῖς
1151 4852 1184 4911 ιίς
1204 4851 1279 4921 φυτά.

177 4950 202 5025 ²)
220 4949 261 5006 Μ.
279 4949 372 5003 τούτων
392 4944 453 5002 εἶναι
471 4953 514 5002 καί
532 4950 589 5008 τοὺς
609 4947 683 5012 βίους.
979 4939 1004 5013 ⁵)
1021 4940 1057 4996 Α.
1076 4937 1097 4995 f.
1117 4938 1177 4994 118.
1197 4937 1269 5009 Leg.
1289 4937 1369 5008 μόνον.

177 5040 202 5116 ⁸)
220 5038 257 5095 In
274 5034 409 5108 muglne
426 5035 553 5109 legiturz
572 5035 638 5090 Κατ’
658 5033 720 5098 ιῘδος
733 5039 842 5104 πάντων,
863 5035 889 5088 ού
978 5030 1001 5102 ⁶)
1020 5029 1059 5086 M.
1077 5045 1174 5101 pauca
1191 5044 1248 5084 om.
1267 5043 1362 5099 usque
1381 5024 1419 5083 ad
1442 5022 1579 5097 έπιθυμίας.
1598 5054 1634 5068 -
1651 5023 1687 5082 Δ.

141 5131 197 5184 καθ’
216 5131 332 5201 ἀριθμόν,
352 5125 468 5186 ίλάττους
487 5130 536 5198 γάρ
562 5122 623 5178 εἶναι
648 5126 695 5196 χρή
723 5129 767 5186 τάς
785 5130 888 5198 λογικάς
941 5122 973 5178 in
990 5138 1085 5193 marg.
1103 5121 1212 5190 supple
1231 5121 1263 5180 τίς
1283 5119 1334 5175 τήν.

143 5221 222 5290 ψυχὰς
241 5220 290 5271 τῶν
309 5217 407 5288 ἀλόγων
426 5214 504 5281 ζώων,
519 5213 647 5284 ώσπιρτῇ
666 5215 736 5267 οὐσία
755 5217 888 5285 κρείττους.
976 5211 1001 5283 ¹¹)
1018 5210 1054 5265 A.
1074 5211 1098 5262 ἐν
1117 5212 1229 5278 Φαίδρῳ.

143 5310 226 5378 Quae
245 5305 344 5364 omnia
362 5305 397 5362 A.
417 5302 448 5359 in
471 5307 603 5373 textum,
621 5301 662 5358 M.
679 5301 711 5358 in
736 5307 823 5361 notas
844 5303 888 5360 in·
976 5302 999 5374 8)
1018 5300 1057 5354 M.
1077 5297 1157 5372 typis
1184 5297 1353 5355 errantibus
1376 5297 1423 5372 ἀρ’
1443 5301 1524 5364 ἀλλα,
1544 5300 1576 5352 σε
1598 5293 1691 5369 paulo

142 5397 251 5467 βθηιίίς
270 5395 377 5454 sed-A.
395 5389 552 5468 praemisit
570 5393 721 5464 κρειττόνων.
940 5393 1010 5464 post
1027 5391 1077 5442 τῶν
1095 5391 1140 5461 μέν
1160 5389 1315 5460 Τίμαιον...
1336 5384 1404 5443 dein
1423 5382 1569 5460 ἀμφιόάλοι.
