4006 6074
224 481 262 560 44
640 497 755 573 Sonos
772 477 970 572 ann‘nnrnn
985 501 1124 592 sanstae
1140 509 1173 576 et
1191 501 1353 595 nefastae.

224 665 248 730 f.
270 667 331 732 119
357 691 399 748 v.‚
416 668 450 734 in
467 668 584 736 lacuna,
608 673 627 736 3
652 694 752 738 vern:
777 661 1023 762 τραγῳδούς...
1048 663 1099 739 διά
1122 675 1177 740 τόν
1200 675 1322 765 χρόνον,
1339 675 1418 741 όντα
1442 675 1618 748 πολύν...
1643 670 1695 746 διά
1714 675 1773 754 τὴν

226 766 428 866 σφοδρότητα
446 777 512 850 ’τὴν
536 779 687 868 τιμωρίαν
713 772 870 866 αὐξαμένη
896 778 981 844 κατά
1004 780 1063 852 τὴν
1088 793 1143 846 τοῦ
1168 783 1280 872 χρόνου
1303 784 1491 874 παράτασιν·
1509 797 1579 862 ταῖς
1604 778 1637 853 δὲ
1661 787 1774 855 ἄνωθεν

225 881 385 962 ἐλθούσαις
411 876 462 951 διά
486 886 547 958 τὴν
571 884 737 952 εὐπάθειαν
763 879 833 953 οὐδὲ
856 899 1003 966 τοσοῦτος
1020 889 1062 953 ὢν
1079 895 1095 954 ὁ
1111 892 1220 981 χρόνος
1236 894 1379 981 ἐραίνετο
1396 893 1502 976 πολύς,
1520 887 1590 961 οὐδὲ
1613 900 1639 961 εί
1661 897 1775 963 τούτου

224 995 472 1058 πολλαπλασίων
490 990 528 1070 ἦν
546 996 608 1060 ἀπὸ
625 985 762 1083 μείζονος
780 987 939 1086 δυνάμεως
956 997 1015 1069 τὴν
1032 999 1129 1086 κρίσιν
1143 1008 1188 1082 τῷ
1201 1009 1256 1064 τοῦ
1270 999 1381 1089 χρόνου
1394 999 1510 1075 πλήθει
1522 1001 1773 1093 προσρερούσαις·

491 1224 537 1289 -ζ-
561 1211 609 1277 Τά
634 1212 687 1302 μὲν
713 1207 764 1278 οὐν
788 1213 895 1279 πολλά
910 1212 947 1301 ¹),
971 1209 995 1279 ὦ
1012 1215 1170 1300 Γλαύκων,
1186 1220 1305 1282 πολλοῦ
1328 1218 1440 1310 χρόνου
1464 1232 1509 1296 -ξ-

491 1333 536 1394 ÷
560 1309 781 1411 διηγήσασθαι·
807 1322 843 1386 τό
869 1313 897 1386 δ’
915 1317 967 1386 οὐν
984 1322 1156 1410 κεφάλαιον
1173 1325 1230 1412 ἔφη
1255 1315 1329 1389 τόδε
1354 1320 1440 1403 εἶναι,
1464 1341 1509 1404 -ζ-

492 1440 537 1502 -ζ-
561 1431 631 1516 [όσα
643 1429 771 1497 πώποτε
787 1430 857 1496 τινά
873 1422 1031 1506 ἠδίκησαν
1044 1431 1097 1495 καί
1114 1432 1201 1507 ὅσους
1218 1434 1355 1517 ἕκαστοι,
1369 1435 1442 1525 ὑπὲρ
1466 1449 1510 1510 ÷

491 1549 536 1610 ÷
559 1536 706 1602 ἁπάντων
731 1529 821 1610 δίκην
847 1529 1015 1604 δεδωκέναι
1039 1543 1069 1604 ἐν
1095 1541 1179 1628 μέρει
1208 1539 1282 1630 ὑπὲρ
1306 1541 1441 1606 ἑκάστου
1464 1555 1509 1616 —2-

491 1657 536 1719 ÷
560 1635 693 1722 δεκάκις·
712 1656 805 1710 τοῦτο
822 1638 849 1712 δ’
869 1641 946 1712 εἶναι
962 1645 1047 1712 κατά
1061 1640 1350 1736 ἑκατονταετηρίδα
1374 1649 1444 1714 ἑκά·
1465 1664 1510 1725 -ζ-

490 1764 536 1825 ÷
559 1777 648 1830 ετην,
674 1757 714 1828 ὡς
733 1755 799 1838 βίου
817 1753 907 1830 ὄντος
924 1753 1077 1818 τοσούτου
1094 1765 1150 1820 τοῦ
1167 1753 1368 1845 ἀνθρωπίνου,
1394 1760 1443 1821 ἵνα
1466 1771 1510 1831 ÷

490 1872 535 1933 -ζ-
558 1849 769 1924 δεκαπλάσιον
786 1862 824 1925 τό
841 1862 975 1950 ἔκτισμα
992 1871 1047 1926 τοῦ
1069 1854 1264 1950 ἀδικήματος
1282 1864 1439 1928 ἐκτίνοιεν·
1465 1877 1510 1939 -ζ-

491 1977 535 2040 -ζ-
558 1964 612 2029 καί
635 1962 697 2031 οἷον
722 1969 750 2031 εἴ
771 1992 851 2044 τινες
875 1972 1000 2033 πολλῶν
1027 1967 1170 2034 θανάτων
1195 1965 1275 2045 ἦσαν
1300 1969 1440 2053 αίτισι,ἢ
1466 1983 1511 2045 -ζ-

490 2085 535 2148 -ζ-
558 2071 662 2148 πόλεις
687 2065 854 2164 προδόντες
878 2075 897 2148 ἢ
924 2067 1135 2164 στρατόπεδα,
1158 2076 1212 2140 καὶ
1236 2081 1276 2152 είς
1301 2067 1441 2152 δουλείας
1464 2089 1509 2151 -ζ-

490 2193 536 2255 ÷
559 2173 803 2263 ἐμύεύληκότες,
820 2181 839 2254 n
857 2205 940 2258 τινος
958 2183 1058 2258 ἄλλης
1076 2185 1248 2272 κακουχίας
1273 2186 1441 2270 μεταίτιοι,
1464 2197 1510 2260 -·,-

492 2301 537 2362 -ζ-
560 2287 687 2353 πάντων
711 2289 831 2354 τούτων
850 2281 1060 2366 δεκαπλασίας
1079 2283 1256 2382 ἀλγηδόνας
1272 2291 1346 2382 ὑπὲρ
1370 2291 1443 2357 ἑκά·
1465 2305 1510 2368 -ζ-

490 2409 535 2471 ÷
559 2421 634 2462 στου
658 2399 852 2487 κομίσαιντο,
870 2400 923 2463 καί
940 2393 978 2463 αὐ
1003 2401 1032 2464 εἴ
1051 2425 1137 2475 τινας
1162 2403 1336 2491 εὐεργεσίας
1361 2403 1445 2490 εὐερ-
1466 2415 1512 2476 -ζ-

489 2518 534 2581 ÷
558 2507 732 2596 γετηκύτες
749 2507 802 2571 καί
819 2498 933 2572 δίκαιοι
945 2507 999 2572 καί
1012 2509 1090 2572 όσιοι
1102 2507 1266 2599 γεγονότες
1280 2502 1346 2586 εἶεν,
1360 2507 1444 2573 κατά
1466 2523 1511 2584 -ζ-

493 2626 538 2688 -ζ-
561 2614 665 2680 ταύτά
688 2614 747 2687 τὴν
766 2609 854 2693 ἀξίαν
872 2611 1062 2706 κομίζοιντο.
1080 2623 1148 2680 Τῶν
1166 2607 1199 2682 δὲ
1218 2617 1303 2692 εὐθύς
1319 2618 1446 2706 γενομί-
1466 2630 1512 2692 ÷

492 2735 537 2796 ’τ
560 2747 630 2800 νων,
647 2722 700 2787 καί
723 2724 828 2812 ὀλίγον
845 2723 955 2814 χρόνον
974 2722 1123 2808 βιούντων
1140 2725 1208 2815 πέρι
1232 2724 1316 2788 ἀλλα
1340 2727 1442 2815 ἔλεγεν
1466 2737 1511 2798 2-

490 2841 535 2904 -2-
558 2832 613 2894 οὐκ
638 2823 709 2907 ἄξια
735 2830 893 2920 μνήμης]·
919 2835 961 2906 εἰς
986 2823 1019 2896 δὲ
1043 2829 1127 2908 θεούς
1151 2824 1310 2908 εύοεόείας·
1328 2854 1365 2896 τε
1389 2831 1443 2896 καί
1464 2845 1509 2907 -ζ-

488 2950 533 3012 -·,-
557 2931 697 3016 ἀσεύείας
722 2941 776 3004 καί
800 2939 909 3030 γονέας
932 2939 985 3004 καί
1008 2941 1187 3032 αὐτόχειρος
1205 2941 1297 3031 φόνου
1322 2935 1443 3030 μείζους
1466 2954 1511 3016 ÷

489 3057 534 3120 -ζ-
556 3046 603 3109 ἕτι
626 3046 698 3122 τούς
723 3046 848 3136 μισθούς
874 3039 1059 3138 διηγεῖσθαι.
1083 3061 1128 3124 ÷

268 3263 342 3334 Τοῖς
365 3258 434 3345 περὶ
457 3269 515 3335 τῆς
534 3262 662 3350 ἀρίστης
679 3261 734 3326 καί
749 3264 907 3353 χειρίστας
923 3265 1083 3340 πολιτείας
1103 3263 1208 3354 λόγοις
1226 3263 1280 3328 καί
1295 3274 1358 3328 τῶν
1383 3265 1487 3328 ἄλλων
1511 3273 1573 3327 τῶν
1599 3261 1658 3328 ἀνά
1682 3263 1775 3353 μέσον

222 3367 378 3455 ἑπομένην
404 3372 419 3431 ὁ
445 3367 539 3456 μῦθος
563 3381 700 3436 ποιεῖται
723 3371 777 3435 καί
799 3371 859 3442 τάν
876 3381 939 3436 τῶν
955 3365 1075 3450 λήξεων
1093 3373 1253 3462 ἀφήγησιν
1274 3371 1439 3460 σύντομον,
1463 3371 1564 3436 κοινόν
1589 3370 1643 3461 μὲν
1666 3380 1776 3435 πασῶν

168 3501 195 3540 ιε
223 3477 253 3541 ἕν
276 3501 309 3541 τι
331 3469 514 3566 λαμόάνων,
539 3477 708 3566 ἀμεινόνων
733 3479 787 3543 καί
809 3478 967 3568 χειρόνων,
992 3477 1073 3567 μετά
1102 3471 1136 3545 δὲ
1154 3489 1249 3544 τοῦτο
1274 3478 1343 3544 κατ’
1368 3477 1465 3569 ἄρθρα
1488 3468 1654 3568 τριαδικῶς
1678 3475 1775 3553 αὐτάς

224 3575 447 3674 διαιρούμενος,
466 3589 508 3660 είς
523 3583 661 3674 πρώτας,
680 3585 785 3673 μέσας,
803 3587 1001 3661 τελευταίας.
1020 3625 1061 3635 -
1078 3587 1123 3651 Τὐ
1140 3586 1194 3673 μὲν
1219 3581 1270 3651 οὐν
1287 3589 1389 3651 κοινόν
1406 3585 1505 3651 ἑστιθ
1530 3576 1567 3656 δὴ
1594 3585 1774 3676 κεφάλαιον,

222 3691 277 3756 καί
301 3694 394 3769 αὐτὸς
417 3694 598 3782 προείρηκεν
623 3698 663 3769 ὡς
679 3691 868 3783 περιγράρον
885 3693 938 3757 καί
955 3687 1054 3783 ὁρίζον
1071 3695 1126 3759 τύν
1144 3694 1313 3784 σύμπαντα
1328 3695 1397 3786 περὶ
1418 3703 1480 3758 τῶν
1504 3686 1625 3771 λήξεων
1649 3693 1775 3758 τουτονί

222 3798 330 3889 λόγον,
341 3801 473 3865 ἕκαστον
488 3809 550 3863 τῶν
563 3823 601 3864 τε
614 3790 821 3888 ἀδικημάτων
838 3800 966 3864 καὶτῶν
980 3799 1235 3891 καθορτωμάτων
1250 3793 1465 3868 δεκαπλασίαν
1479 3803 1561 3891 ἔχειν
1575 3799 1633 3872 τὴν
1646 3802 1774 3878 ἔκτισιν,
1819 3875 1821 3878 ¹

223 3907 301 3971 ὅπου
320 3907 374 3998 μὲν
392 3899 444 3972 διά
460 3917 523 3972 τῶν
540 3911 740 3999 ἐπικαρπιῶν,
758 3911 834 3972 ὅπου
852 3898 886 3973 δὲ
903 3900 955 3974 διά
970 3917 1033 3973 τῶν
1051 3921 1218 4000 τιμωριῶν,
1234 3917 1274 3986 ὡς
1291 3911 1346 3977 καί
1361 3911 1415 3975 τὸν
1434 3915 1626 3999 ἀμαρτῶντα
1650 3899 1774 3984 δεκάκις

168 4042 196 4080 ιο
222 4014 297 4104 ὑπὲρ
321 4001 376 4080 τοῦ
400 4015 631 4105 ἁμαρτήματος
656 4016 851 4108 άλγυνθῆναι
874 4011 1097 4106 κολαζόμενον,
1114 4019 1168 4082 καί
1186 4019 1242 4084 τόν
1266 4018 1383 4108 ἀγαθόν
1408 4043 1440 4083 τι
1463 4011 1626 4108 πράξαντα
1650 4009 1774 4093 δεκάκις

223 4121 298 4213 ὑπὲρ
323 4133 377 4188 τοῦ
401 4123 621 4214 πραχθένίτος]

223 4341 247 4407 f.
263 4342 336 4420 120,
352 4340 542 4407 exciderunt
556 4341 575 4404 2
589 4364 690 4409 vern:
713 4340 926 4432 [ἀνθρώπινον
946 4343 1039 4428 βίον..
1065 4343 1210 4432 μήκοντα
1228 4339 1320 4429 μόνον
1336 4343 1447 4425 ἑτῶν..,
1464 4349 1568 4405 ταῦτα
1581 4339 1641 4431 ἄρα
1653 4341 1707 4406 καί
1718 4341 1773 4406 τόν

222 4447 333 4537 χρόνον
349 4447 514 4536 χιλιαστύν
533 4442 887 4539 [δεκαπλα]σιαζόμενον
905 4445 1053 4515 εἶναικαὶ
1073 4460 1131 4526 τῆς
1149 4447 1311 4524 εὐπαθείας
1337 4447 1412 4534 [καί]
1429 4459 1487 4526 τῆς
1504 4451 1666 4539 τιμωρίας.
1681 4453 1718 4514 Εἰ
1741 4440 1774 4514 δὲ

222 4566 317 4621 τοῦτο
335 4546 431 4630 δῆλον
450 4547 614 4634 δήπουθεν,
633 4561 682 4624 ότι
698 4569 820 4649 πρῶτον
838 4559 893 4648 μὲν
910 4557 996 4630 κοινὴ
1015 4557 1069 4622 καί
1085 4567 1154 4632 ταῖς
1172 4557 1398 4647 εὐμοιρυτέραις
1415 4553 1527 4644 ψυχαῖς
1544 4553 1659 4644 χιλιάς,
1673 4555 1726 4619 καί
1738 4557 1773 4619 οὐ

167 4686 194 4725 τε
224 4664 324 4755 μόνων
337 4668 421 4732 ἐστιν
434 4675 496 4731 τῶν
510 4667 569 4731 ὐπὸ
582 4677 641 4756 γῆς
654 4661 881 4758 κολαζομένων,
895 4671 985 4755 ἡμεῖς
998 4664 1058 4755 γάρ
1069 4666 1194 4752 εἴπομεν
1208 4655 1246 4728 δι’
1260 4663 1298 4736 ἣν
1315 4665 1418 4727 αἰτίαν
1432 4661 1563 4738 ταύταις
1577 4652 1772 4726 ἀποδέδωκεν

223 4772 331 4862 μόναις
355 4774 415 4848 τὴν
438 4785 494 4840 τοῦ
510 4774 622 4866 χρόνου
640 4773 922 4865 παρακολούθησιν·
940 4771 1035 4839 ἔπειθ’
1052 4773 1101 4836 ὅτι
1118 4773 1172 4836 καὶ
1188 4774 1243 4836 οὐκ
1260 4773 1310 4836 ἐπὶ
1330 4762 1494 4837 δακτύλων
1518 4765 1701 4861 λογίζεσθαι
1726 4761 1774 4835 δεῖ

260 4969 282 5044 ¹)
301 4969 438 5042 Reipubl.
458 4987 487 5040 x,
506 4988 533 5043 p.
552 4971 615 5026 311.
635 4969 735 5027 Codex
753 4969 920 5042 praemittit
939 4975 970 5022 τὰ
1024 4973 1086 5024 tem
1097 4966 1204 5024 habuit
1220 4968 1364 5038 αὐτόχειρας
1379 4968 1473 5039 φόνους,
1487 4965 1541 5024 sed
1553 4964 1660 5022 ultima
1671 4965 1774 5022 littera

223 5065 267 5131 μὲν
282 5058 322 5113 οὖν
335 5077 430 5132 usque
444 5061 482 5116 ad
496 5064 551 5114 τάδε
565 5060 635 5129 εῖναι,
649 5077 684 5116 ac
704 5059 829 5116 caeteris
842 5059 969 5130 omissis,
1025 5059 1176 5132 superiore
1195 5065 1305 5130 puncto
1328 5075 1497 5133 suppressa.
1516 5057 1560 5115 Os.
1579 5060 1771 5130 Mnemosyne

222 5147 337 5222 pergit:
358 5151 431 5220 μέχρι
451 5155 500 5204 τοῦ·
521 5155 553 5212 εἰς
573 5156 597 5204 δὲ
612 5155 676 5211 tent:
696 5173 719 5202 κ.
734 5171 756 5201 τ.
769 5153 785 5202 ί.
805 5149 886 5205 haud
906 5149 970 5205 sine
1025 5155 1047 5203 t.
1067 5164 1120 5219 κιι,
1140 5153 1214 5220 part.
1228 5163 1304 5219 111,p
1326 5146 1635 5219 334‚1884,ubi01.v.
1655 5145 1692 5201 H.
1711 5163 1772 5201 vnn

223 5236 387 5307 varietat03
405 5255 475 5294 nam
493 5239 620 5310 vulgata
637 5235 728 5295 lectio
747 5238 902 5294 transtulit
915 5243 972 5292 ὰπ-
1025 5237 1208 5294 Herworden
1221 5238 1306 5308 plura
1319 5238 1465 5306 emendat,
1481 5235 1559 5295 inter
1577 5255 1654 5311 quae
1672 5237 1773 5308 legen·

224 5321 292 5385 όιίιις
306 5331 348 5378 καί
362 5325 493 5394 nontin,
508 5333 539 5383 et
552 5327 661 5385 desinit
674 5333 792 5401 διηγεῖτο,
809 5325 903 5382 codex
922 5345 973 5384 au·
1028 5326 1099 5384 dum
1118 5325 1226 5382 suadet
1244 5325 1308 5386 εὐθύς
1328 5328 1523 5400 ἀπογινομένων.
