<?xml version="1.0" encoding="UTF-8"?>
<!DOCTYPE html PUBLIC "-//W3C//DTD XHTML 1.0 Transitional//EN"
    "http://www.w3.org/TR/xhtml1/DTD/xhtml1-transitional.dtd">
<html xmlns="http://www.w3.org/1999/xhtml" xml:lang="en" lang="en">
 <head>
  <title>
</title>
<meta http-equiv="Content-Type" content="text/html;charset=utf-8" />
  <meta name='ocr-system' content='tesseract 3.04.00' />
  <meta name='ocr-capabilities' content='ocr_page ocr_carea ocr_par ocr_line ocrx_word'/>
</head>
<body>
  <div class='ocr_page' id='page_1' title='image "./analectasacrasp02pitrgoog_0310.png"; bbox 0 0 3978 6070; ppageno 0'>
   <div class='ocr_carea' id='block_1_1' title="bbox 731 517 1731 598">
    <p class='ocr_par' dir='ltr' id='par_1_1' title="bbox 731 517 1731 598">
     <span class='ocr_line' id='line_1_1' title="bbox 731 517 1731 598; baseline 0.012 -5"><span class='ocrx_word' id='word_1_1' title='bbox 731 517 881 594; x_wconf 78' lang='lat' dir='ltr'><strong><em>Animae</em></strong></span> <span class='ocrx_word' id='word_1_2' title='bbox 899 521 1021 596; x_wconf 77' lang='lat' dir='ltr'><strong><em>sanari</em></strong></span> <span class='ocrx_word' id='word_1_3' title='bbox 1039 521 1181 598; x_wconf 71' lang='lat' dir='ltr'><strong><em>nesciae.</em></strong></span> <span class='ocrx_word' id='word_1_4' title='bbox 1696 537 1731 596; x_wconf 81' lang='lat'>51</span> 
     </span>
    </p>
   </div>
   <div class='ocr_carea' id='block_1_2' title="bbox 131 685 1734 1981">
    <p class='ocr_par' dir='ltr' id='par_1_2' title="bbox 131 685 1734 1981">
     <span class='ocr_line' id='line_1_2' title="bbox 183 685 1732 790; baseline 0.006 -33"><span class='ocrx_word' id='word_1_5' title='bbox 183 693 289 784; x_wconf 83' lang='grc' dir='ltr'>ὥρισεν</span> <span class='ocrx_word' id='word_1_6' title='bbox 307 694 378 758; x_wconf 91' lang='grc' dir='ltr'>οίων</span> <span class='ocrx_word' id='word_1_7' title='bbox 394 692 480 758; x_wconf 78' lang='grc' dir='ltr'>ἐστὶν</span> <span class='ocrx_word' id='word_1_8' title='bbox 496 686 581 772; x_wconf 76' lang='grc' dir='ltr'>ἀξιον</span> <span class='ocrx_word' id='word_1_9' title='bbox 597 693 636 758; x_wconf 83' lang='grc' dir='ltr'>τό</span> <span class='ocrx_word' id='word_1_10' title='bbox 653 685 774 760; x_wconf 89' lang='grc' dir='ltr'>τοιόνδε</span> <span class='ocrx_word' id='word_1_11' title='bbox 790 705 847 771; x_wconf 82' lang='grc' dir='ltr'>τῆς</span> <span class='ocrx_word' id='word_1_12' title='bbox 864 689 945 772; x_wconf 75' lang='grc' dir='ltr'>ζωῆς</span> <span class='ocrx_word' id='word_1_13' title='bbox 963 689 1052 778; x_wconf 83' lang='grc' dir='ltr'>εἶδος,</span> <span class='ocrx_word' id='word_1_14' title='bbox 1064 696 1118 762; x_wconf 87' lang='grc' dir='ltr'>καί</span> <span class='ocrx_word' id='word_1_15' title='bbox 1134 697 1183 761; x_wconf 87' lang='grc' dir='ltr'>ὅτι</span> <span class='ocrx_word' id='word_1_16' title='bbox 1200 696 1339 762; x_wconf 83' lang='grc' dir='ltr'>ἄτακτον</span> <span class='ocrx_word' id='word_1_17' title='bbox 1356 695 1390 764; x_wconf 82' lang='grc' dir='ltr'>όν</span> <span class='ocrx_word' id='word_1_18' title='bbox 1404 697 1458 762; x_wconf 84' lang='grc' dir='ltr'>καί</span> <span class='ocrx_word' id='word_1_19' title='bbox 1474 700 1571 790; x_wconf 82' lang='grc' dir='ltr'>φυγθν</span> <span class='ocrx_word' id='word_1_20' title='bbox 1589 701 1732 781; x_wconf 84' lang='grc' dir='ltr'>ἅπαντας</span> 
     </span>
     <span class='ocr_line' id='line_1_3' title="bbox 183 797 1733 901; baseline 0.008 -37"><span class='ocrx_word' id='word_1_21' title='bbox 183 798 324 890; x_wconf 80' lang='grc' dir='ltr'>θεσμοὺς,</span> <span class='ocrx_word' id='word_1_22' title='bbox 348 805 389 876; x_wconf 88' lang='grc' dir='ltr'>είς</span> <span class='ocrx_word' id='word_1_23' title='bbox 413 801 450 866; x_wconf 73' lang='grc' dir='ltr'>τ“ο</span> <span class='ocrx_word' id='word_1_24' title='bbox 475 801 697 890; x_wconf 87' lang='grc' dir='ltr'>ἀκοσμότατον</span> <span class='ocrx_word' id='word_1_25' title='bbox 721 803 892 868; x_wconf 92' lang='grc' dir='ltr'>συνέωσται</span> <span class='ocrx_word' id='word_1_26' title='bbox 909 815 964 869; x_wconf 90' lang='grc' dir='ltr'>τοῦ</span> <span class='ocrx_word' id='word_1_27' title='bbox 981 805 1111 895; x_wconf 79' lang='grc' dir='ltr'>κόσμου,</span> <span class='ocrx_word' id='word_1_28' title='bbox 1128 806 1181 870; x_wconf 86' lang='grc' dir='ltr'>καὶ</span> <span class='ocrx_word' id='word_1_29' title='bbox 1203 797 1383 896; x_wconf 83' lang='grc' dir='ltr'>ἀποδρᾶσαν</span> <span class='ocrx_word' id='word_1_30' title='bbox 1408 817 1477 872; x_wconf 89' lang='grc' dir='ltr'>νοῦν</span> <span class='ocrx_word' id='word_1_31' title='bbox 1502 814 1544 884; x_wconf 88' lang='grc' dir='ltr'>είς</span> <span class='ocrx_word' id='word_1_32' title='bbox 1566 810 1604 874; x_wconf 81' lang='grc' dir='ltr'>τό</span> <span class='ocrx_word' id='word_1_33' title='bbox 1629 814 1733 901; x_wconf 91' lang='grc' dir='ltr'>ἀλαμ-</span> 
     </span>
     <span class='ocr_line' id='line_1_4' title="bbox 182 906 1733 1005; baseline 0.008 -34"><span class='ocrx_word' id='word_1_34' title='bbox 182 907 352 977; x_wconf 85' lang='grc' dir='ltr'>πέστατον.</span> <span class='ocrx_word' id='word_1_35' title='bbox 376 914 522 985; x_wconf 88' lang='grc' dir='ltr'>Τοιοῦτος</span> <span class='ocrx_word' id='word_1_36' title='bbox 539 908 599 1001; x_wconf 82' lang='grc' dir='ltr'>γάρ</span> <span class='ocrx_word' id='word_1_37' title='bbox 623 913 639 973; x_wconf 90' lang='grc' dir='ltr'><strong>ὁ</strong></span> <span class='ocrx_word' id='word_1_38' title='bbox 665 906 835 1001; x_wconf 87' lang='grc' dir='ltr'>Τάρταρος,</span> <span class='ocrx_word' id='word_1_39' title='bbox 853 921 953 1002; x_wconf 90' lang='grc' dir='ltr'>χῶρος</span> <span class='ocrx_word' id='word_1_40' title='bbox 972 909 1014 976; x_wconf 84' lang='grc' dir='ltr'>ὧν</span> <span class='ocrx_word' id='word_1_41' title='bbox 1037 913 1141 990; x_wconf 84' lang='grc' dir='ltr'>πάσης</span> <span class='ocrx_word' id='word_1_42' title='bbox 1165 913 1307 979; x_wconf 83' lang='grc' dir='ltr'>ἀτάκτου</span> <span class='ocrx_word' id='word_1_43' title='bbox 1324 914 1378 980; x_wconf 86' lang='grc' dir='ltr'>καί</span> <span class='ocrx_word' id='word_1_44' title='bbox 1394 927 1556 994; x_wconf 81' lang='grc' dir='ltr'>σκοτεινῆς</span> <span class='ocrx_word' id='word_1_45' title='bbox 1580 919 1667 1005; x_wconf 90' lang='grc' dir='ltr'>ύλης,</span> <span class='ocrx_word' id='word_1_46' title='bbox 1691 925 1733 998; x_wconf 87' lang='grc' dir='ltr'>είς</span> 
     </span>
     <span class='ocr_line' id='line_1_5' title="bbox 184 1014 1731 1117; baseline 0.009 -38"><span class='ocrx_word' id='word_1_47' title='bbox 184 1015 217 1079; x_wconf 88' lang='grc' dir='ltr'>όν</span> <span class='ocrx_word' id='word_1_48' title='bbox 242 1026 344 1106; x_wconf 78' lang='grc' dir='ltr'>συρρεῖ</span> <span class='ocrx_word' id='word_1_49' title='bbox 365 1017 407 1081; x_wconf 89' lang='grc' dir='ltr'>τά</span> <span class='ocrx_word' id='word_1_50' title='bbox 430 1019 553 1106; x_wconf 86' lang='grc' dir='ltr'>ἔσχατα</span> <span class='ocrx_word' id='word_1_51' title='bbox 568 1028 632 1082; x_wconf 91' lang='grc' dir='ltr'>τῶν</span> <span class='ocrx_word' id='word_1_52' title='bbox 648 1029 807 1108; x_wconf 87' lang='grc' dir='ltr'>κοσμικῶν</span> <span class='ocrx_word' id='word_1_53' title='bbox 824 1022 1000 1110; x_wconf 86' lang='grc' dir='ltr'>στοιχείων,</span> <span class='ocrx_word' id='word_1_54' title='bbox 1016 1023 1091 1112; x_wconf 80' lang='grc' dir='ltr'>πρός</span> <span class='ocrx_word' id='word_1_55' title='bbox 1109 1014 1142 1086; x_wconf 85' lang='grc' dir='ltr'>δέ</span> <span class='ocrx_word' id='word_1_56' title='bbox 1160 1023 1215 1087; x_wconf 81' lang='grc' dir='ltr'>τόν</span> <span class='ocrx_word' id='word_1_57' title='bbox 1235 1021 1402 1113; x_wconf 84' lang='grc' dir='ltr'>Ὄλυμπον</span> <span class='ocrx_word' id='word_1_58' title='bbox 1419 1023 1590 1102; x_wconf 89' lang='grc' dir='ltr'>ἀντίθετος.</span> <span class='ocrx_word' id='word_1_59' title='bbox 1616 1028 1650 1094; x_wconf 88' lang='lat'>‘0</span> <span class='ocrx_word' id='word_1_60' title='bbox 1676 1029 1731 1117; x_wconf 87' lang='grc' dir='ltr'>μὲν</span> 
     </span>
     <span class='ocr_line' id='line_1_6' title="bbox 144 1122 1731 1217; baseline 0.009 -30"><span class='ocrx_word' id='word_1_61' title='bbox 144 1149 156 1187; x_wconf 83' lang='grc' dir='ltr'>ι</span> <span class='ocrx_word' id='word_1_62' title='bbox 183 1123 243 1217; x_wconf 85' lang='grc' dir='ltr'>γάρ</span> <span class='ocrx_word' id='word_1_63' title='bbox 267 1125 466 1213; x_wconf 81' lang='grc' dir='ltr'>ὁλολομπής,</span> <span class='ocrx_word' id='word_1_64' title='bbox 490 1124 597 1190; x_wconf 88' lang='grc' dir='ltr'>πάντα</span> <span class='ocrx_word' id='word_1_65' title='bbox 619 1128 782 1216; x_wconf 79' lang='grc' dir='ltr'>περιέχων,</span> <span class='ocrx_word' id='word_1_66' title='bbox 806 1123 1021 1215; x_wconf 72' lang='grc' dir='ltr'>ὑψηλότατος·</span> <span class='ocrx_word' id='word_1_67' title='bbox 1046 1135 1062 1194; x_wconf 90' lang='grc' dir='ltr'>ό</span> <span class='ocrx_word' id='word_1_68' title='bbox 1087 1122 1121 1196; x_wconf 87' lang='grc' dir='ltr'>δὲ</span> <span class='ocrx_word' id='word_1_69' title='bbox 1144 1132 1320 1213; x_wconf 81' lang='grc' dir='ltr'>σκοτεινὸς,</span> <span class='ocrx_word' id='word_1_70' title='bbox 1344 1133 1529 1210; x_wconf 89' lang='grc' dir='ltr'>κοιλότατος</span> <span class='ocrx_word' id='word_1_71' title='bbox 1553 1135 1648 1212; x_wconf 89' lang='grc' dir='ltr'>τόπος</span> <span class='ocrx_word' id='word_1_72' title='bbox 1672 1139 1731 1202; x_wconf 87' lang='grc' dir='ltr'>ύπθ</span> 
     </span>
     <span class='ocr_line' id='line_1_7' title="bbox 183 1226 1733 1333; baseline 0.009 -37"><span class='ocrx_word' id='word_1_73' title='bbox 183 1232 309 1298; x_wconf 87' lang='grc' dir='ltr'>πάντων</span> <span class='ocrx_word' id='word_1_74' title='bbox 334 1233 569 1324; x_wconf 89' lang='grc' dir='ltr'>περιεχόμενος·</span> <span class='ocrx_word' id='word_1_75' title='bbox 595 1226 642 1299; x_wconf 82' lang='grc' dir='ltr'>διο</span> <span class='ocrx_word' id='word_1_76' title='bbox 666 1234 720 1299; x_wconf 90' lang='grc' dir='ltr'>καί</span> <span class='ocrx_word' id='word_1_77' title='bbox 749 1241 768 1308; x_wconf 86' lang='grc' dir='ltr'>ή</span> <span class='ocrx_word' id='word_1_78' title='bbox 794 1236 917 1312; x_wconf 92' lang='grc' dir='ltr'>ποίησις</span> <span class='ocrx_word' id='word_1_79' title='bbox 943 1237 1120 1321; x_wconf 78' lang='grc' dir='ltr'>βαθύτατον</span> <span class='ocrx_word' id='word_1_80' title='bbox 1145 1240 1241 1305; x_wconf 82' lang='grc' dir='ltr'>αὐτόν</span> <span class='ocrx_word' id='word_1_81' title='bbox 1272 1235 1350 1304; x_wconf 82' lang='grc' dir='ltr'>εἶναι</span> <span class='ocrx_word' id='word_1_82' title='bbox 1373 1241 1466 1330; x_wconf 84' lang='grc' dir='ltr'>φησίν</span> <span class='ocrx_word' id='word_1_83' title='bbox 1493 1241 1648 1333; x_wconf 79' lang='grc' dir='ltr'>βέρεθρον,</span> <span class='ocrx_word' id='word_1_84' title='bbox 1674 1247 1733 1310; x_wconf 81' lang='grc' dir='ltr'>ὑπὸ</span> 
     </span>
     <span class='ocr_line' id='line_1_8' title="bbox 183 1333 1732 1434; baseline 0.01 -30"><span class='ocrx_word' id='word_1_85' title='bbox 183 1339 304 1430; x_wconf 91' lang='grc' dir='ltr'>χθονός.</span> <span class='ocrx_word' id='word_1_86' title='bbox 328 1345 458 1406; x_wconf 83' lang='grc' dir='ltr'>Πολλῶν</span> <span class='ocrx_word' id='word_1_87' title='bbox 476 1333 510 1407; x_wconf 86' lang='grc' dir='ltr'>δέ</span> <span class='ocrx_word' id='word_1_88' title='bbox 526 1349 601 1431; x_wconf 78' lang='grc' dir='ltr'>ἡμῖν</span> <span class='ocrx_word' id='word_1_89' title='bbox 618 1343 689 1433; x_wconf 85' lang='grc' dir='ltr'>περὶ</span> <span class='ocrx_word' id='word_1_90' title='bbox 705 1347 800 1408; x_wconf 87' lang='grc' dir='ltr'>αὐτοῦ</span> <span class='ocrx_word' id='word_1_91' title='bbox 818 1342 975 1434; x_wconf 77' lang='grc' dir='ltr'>ῥηθέντων</span> <span class='ocrx_word' id='word_1_92' title='bbox 992 1351 1033 1422; x_wconf 85' lang='grc' dir='ltr'>εἰς</span> <span class='ocrx_word' id='word_1_93' title='bbox 1050 1347 1105 1411; x_wconf 78' lang='grc' dir='ltr'>τόν</span> <span class='ocrx_word' id='word_1_94' title='bbox 1122 1352 1163 1423; x_wconf 86' lang='grc' dir='ltr'>εἰς</span> <span class='ocrx_word' id='word_1_95' title='bbox 1180 1345 1239 1418; x_wconf 84' lang='grc' dir='ltr'>τήν</span> <span class='ocrx_word' id='word_1_96' title='bbox 1257 1359 1382 1412; x_wconf 84' lang='grc' dir='ltr'>νεκυῖαν</span> <span class='ocrx_word' id='word_1_97' title='bbox 1406 1360 1461 1415; x_wconf 87' lang='grc' dir='ltr'>τοῦ</span> <span class='ocrx_word' id='word_1_98' title='bbox 1485 1341 1656 1430; x_wconf 89' lang='grc' dir='ltr'>Φαίδωνος,</span> <span class='ocrx_word' id='word_1_99' title='bbox 1680 1353 1732 1420; x_wconf 84' lang='grc' dir='ltr'>ἀπ’</span> 
     </span>
     <span class='ocr_line' id='line_1_9' title="bbox 184 1441 1732 1549; baseline 0.007 -34"><span class='ocrx_word' id='word_1_100' title='bbox 184 1450 306 1515; x_wconf 75' lang='grc' dir='ltr'>ἐκείνων</span> <span class='ocrx_word' id='word_1_101' title='bbox 324 1449 378 1538; x_wconf 85' lang='grc' dir='ltr'>μὲν</span> <span class='ocrx_word' id='word_1_102' title='bbox 395 1449 437 1514; x_wconf 83' lang='grc' dir='ltr'>τά</span> <span class='ocrx_word' id='word_1_103' title='bbox 454 1441 608 1516; x_wconf 85' lang='grc' dir='ltr'>δοκοῦντα</span> <span class='ocrx_word' id='word_1_104' title='bbox 624 1462 689 1527; x_wconf 85' lang='grc' dir='ltr'>τοῖς</span> <span class='ocrx_word' id='word_1_105' title='bbox 706 1450 862 1543; x_wconf 78' lang='grc' dir='ltr'>θεολόγοις</span> <span class='ocrx_word' id='word_1_106' title='bbox 879 1455 950 1544; x_wconf 88' lang='grc' dir='ltr'>περὶ</span> <span class='ocrx_word' id='word_1_107' title='bbox 967 1459 1062 1518; x_wconf 74' lang='grc' dir='ltr'>αὐτοῦ</span> <span class='ocrx_word' id='word_1_108' title='bbox 1078 1455 1230 1527; x_wconf 76' lang='grc' dir='ltr'>ληπτέον.</span> <span class='ocrx_word' id='word_1_109' title='bbox 1244 1453 1316 1520; x_wconf 82' lang='grc' dir='ltr'>Νυνὶ</span> <span class='ocrx_word' id='word_1_110' title='bbox 1330 1447 1363 1522; x_wconf 86' lang='grc' dir='ltr'>δὲ</span> <span class='ocrx_word' id='word_1_111' title='bbox 1375 1456 1433 1535; x_wconf 86' lang='grc' dir='ltr'>τάς</span> <span class='ocrx_word' id='word_1_112' title='bbox 1449 1451 1520 1536; x_wconf 77' lang='grc' dir='ltr'>έξῆς</span> <span class='ocrx_word' id='word_1_113' title='bbox 1536 1459 1732 1549; x_wconf 84' lang='grc' dir='ltr'>προσθετέον,</span> 
     </span>
     <span class='ocr_line' id='line_1_10' title="bbox 184 1550 1733 1653; baseline 0.006 -32"><span class='ocrx_word' id='word_1_114' title='bbox 184 1558 243 1622; x_wconf 90' lang='grc' dir='ltr'>όσα</span> <span class='ocrx_word' id='word_1_115' title='bbox 267 1553 296 1621; x_wconf 83' lang='grc' dir='ltr'>οῖ</span> <span class='ocrx_word' id='word_1_116' title='bbox 310 1557 332 1642; x_wconf 86' lang='lat'>¹)</span> <span class='ocrx_word' id='word_1_117' title='bbox 350 1568 453 1622; x_wconf 90' lang='grc' dir='ltr'>ταῦτα</span> <span class='ocrx_word' id='word_1_118' title='bbox 468 1558 554 1649; x_wconf 86' lang='grc' dir='ltr'>λέγει</span> <span class='ocrx_word' id='word_1_119' title='bbox 571 1550 787 1650; x_wconf 86' lang='grc' dir='ltr'>διηγούμενος·</span> <span class='ocrx_word' id='word_1_120' title='bbox 803 1550 1015 1625; x_wconf 89' lang='grc' dir='ltr'>παντοδαπῶν</span> <span class='ocrx_word' id='word_1_121' title='bbox 1032 1559 1091 1650; x_wconf 86' lang='grc' dir='ltr'>γάρ</span> <span class='ocrx_word' id='word_1_122' title='bbox 1112 1563 1217 1637; x_wconf 81' lang='grc' dir='ltr'>αὐτοῖς</span> <span class='ocrx_word' id='word_1_123' title='bbox 1242 1563 1415 1652; x_wconf 82' lang='grc' dir='ltr'>γενομένων</span> <span class='ocrx_word' id='word_1_124' title='bbox 1441 1555 1600 1653; x_wconf 79' lang='grc' dir='ltr'>δειμάτων</span> <span class='ocrx_word' id='word_1_125' title='bbox 1621 1577 1733 1631; x_wconf 88' lang='grc' dir='ltr'>τοῦτον</span> 
     </span>
     <span class='ocr_line' id='line_1_11' title="bbox 131 1659 1733 1764; baseline 0.006 -34"><span class='ocrx_word' id='word_1_126' title='bbox 131 1685 156 1723; x_wconf 78' lang='lat'>10</span> <span class='ocrx_word' id='word_1_127' title='bbox 184 1659 391 1756; x_wconf 70' lang='grc' dir='ltr'>ὑπερβάλλειν</span> <span class='ocrx_word' id='word_1_128' title='bbox 415 1668 469 1732; x_wconf 86' lang='grc' dir='ltr'>τόν</span> <span class='ocrx_word' id='word_1_129' title='bbox 494 1659 600 1757; x_wconf 78' lang='grc' dir='ltr'>φόύον,</span> <span class='ocrx_word' id='word_1_130' title='bbox 618 1667 661 1755; x_wconf 86' lang='grc' dir='ltr'>μή</span> <span class='ocrx_word' id='word_1_131' title='bbox 684 1670 843 1757; x_wconf 89' lang='grc' dir='ltr'>μυκήεται</span> <span class='ocrx_word' id='word_1_132' title='bbox 859 1669 896 1732; x_wconf 81' lang='grc' dir='ltr'>τό</span> <span class='ocrx_word' id='word_1_133' title='bbox 915 1669 1056 1757; x_wconf 90' lang='grc' dir='ltr'>στόμιον,</span> <span class='ocrx_word' id='word_1_134' title='bbox 1072 1670 1127 1734; x_wconf 89' lang='grc' dir='ltr'>καὶ</span> <span class='ocrx_word' id='word_1_135' title='bbox 1144 1673 1246 1734; x_wconf 85' lang='grc' dir='ltr'>αὐτῶν</span> <span class='ocrx_word' id='word_1_136' title='bbox 1272 1671 1432 1754; x_wconf 91' lang='grc' dir='ltr'>ἀνιόντων,</span> <span class='ocrx_word' id='word_1_137' title='bbox 1456 1673 1510 1736; x_wconf 87' lang='grc' dir='ltr'>καί</span> <span class='ocrx_word' id='word_1_138' title='bbox 1533 1675 1733 1764; x_wconf 74' lang='grc' dir='ltr'>σιγήσαντος,</span> 
     </span>
     <span class='ocr_line' id='line_1_12' title="bbox 185 1766 1734 1870; baseline 0.004 -30"><span class='ocrx_word' id='word_1_139' title='bbox 185 1775 324 1866; x_wconf 86' lang='grc' dir='ltr'>ἀσμένως</span> <span class='ocrx_word' id='word_1_140' title='bbox 348 1769 511 1849; x_wconf 75' lang='grc' dir='ltr'>άναύῆναι·</span> <span class='ocrx_word' id='word_1_141' title='bbox 536 1775 577 1840; x_wconf 91' lang='grc' dir='ltr'>τά</span> <span class='ocrx_word' id='word_1_142' title='bbox 602 1775 657 1865; x_wconf 88' lang='grc' dir='ltr'>μέν</span> <span class='ocrx_word' id='word_1_143' title='bbox 678 1770 729 1841; x_wconf 84' lang='grc' dir='ltr'>ούν</span> <span class='ocrx_word' id='word_1_144' title='bbox 746 1767 934 1841; x_wconf 81' lang='grc' dir='ltr'>παντοδαπά</span> <span class='ocrx_word' id='word_1_145' title='bbox 954 1769 1101 1864; x_wconf 89' lang='grc' dir='ltr'>δείματα,</span> <span class='ocrx_word' id='word_1_146' title='bbox 1128 1766 1283 1866; x_wconf 86' lang='grc' dir='ltr'>δαιμόνων</span> <span class='ocrx_word' id='word_1_147' title='bbox 1307 1774 1388 1865; x_wconf 77' lang='grc' dir='ltr'>ὄψεις</span> <span class='ocrx_word' id='word_1_148' title='bbox 1413 1775 1493 1854; x_wconf 76' lang='grc' dir='ltr'>ἦσαν</span> <span class='ocrx_word' id='word_1_149' title='bbox 1517 1773 1656 1870; x_wconf 77' lang='grc' dir='ltr'>φούεραί,</span> <span class='ocrx_word' id='word_1_150' title='bbox 1680 1782 1734 1846; x_wconf 85' lang='grc' dir='ltr'>καί</span> 
     </span>
     <span class='ocr_line' id='line_1_13' title="bbox 184 1877 1731 1981; baseline 0.003 -33"><span class='ocrx_word' id='word_1_151' title='bbox 184 1884 287 1972; x_wconf 89' lang='grc' dir='ltr'>όφεσιν</span> <span class='ocrx_word' id='word_1_152' title='bbox 310 1885 458 1948; x_wconf 76' lang='grc' dir='ltr'>ἐοικότων</span> <span class='ocrx_word' id='word_1_153' title='bbox 483 1883 536 1950; x_wconf 91' lang='grc' dir='ltr'>καί</span> <span class='ocrx_word' id='word_1_154' title='bbox 556 1884 655 1970; x_wconf 87' lang='grc' dir='ltr'>κυσίν,</span> <span class='ocrx_word' id='word_1_155' title='bbox 671 1884 725 1949; x_wconf 87' lang='grc' dir='ltr'>καί</span> <span class='ocrx_word' id='word_1_156' title='bbox 740 1883 845 1951; x_wconf 90' lang='grc' dir='ltr'>τόπων</span> <span class='ocrx_word' id='word_1_157' title='bbox 863 1884 1126 1958; x_wconf 88' lang='grc' dir='ltr'>καταπληκτικαί</span> <span class='ocrx_word' id='word_1_158' title='bbox 1143 1877 1286 1976; x_wconf 86' lang='grc' dir='ltr'>δυνάμεις</span> <span class='ocrx_word' id='word_1_159' title='bbox 1306 1883 1430 1977; x_wconf 85' lang='grc' dir='ltr'>θολεροῦ</span> <span class='ocrx_word' id='word_1_160' title='bbox 1453 1888 1547 1978; x_wconf 85' lang='grc' dir='ltr'>πυρός</span> <span class='ocrx_word' id='word_1_161' title='bbox 1570 1889 1731 1981; x_wconf 90' lang='grc' dir='ltr'>γεμόντων</span> 
     </span>
    </p>
   </div>
   <div class='ocr_carea' id='block_1_3' title="bbox 184 1985 510 2083">
    <p class='ocr_par' dir='ltr' id='par_1_3' title="bbox 184 1985 510 2083">
     <span class='ocr_line' id='line_1_14' title="bbox 184 1985 510 2083; baseline 0.003 -27"><span class='ocrx_word' id='word_1_162' title='bbox 184 1992 204 2066; x_wconf 81' lang='grc' dir='ltr'>ή</span> <span class='ocrx_word' id='word_1_163' title='bbox 229 1985 345 2081; x_wconf 79' lang='grc' dir='ltr'>ψυξεως</span> <span class='ocrx_word' id='word_1_164' title='bbox 369 1993 467 2083; x_wconf 92' lang='grc' dir='ltr'>ἀφορή</span> <span class='ocrx_word' id='word_1_165' title='bbox 509 2030 510 2034; x_wconf 62' lang='lat'><em>=</em></span> 
     </span>
    </p>
   </div>
   <div class='ocr_carea' id='block_1_4' title="bbox 131 2201 1733 2627">
    <p class='ocr_par' dir='ltr' id='par_1_4' title="bbox 184 2201 1732 2304">
     <span class='ocr_line' id='line_1_15' title="bbox 184 2201 1732 2304; baseline 0.001 -28"><span class='ocrx_word' id='word_1_166' title='bbox 184 2211 208 2277; x_wconf 90' lang='lat' dir='ltr'>f.</span> <span class='ocrx_word' id='word_1_167' title='bbox 228 2213 300 2290; x_wconf 87' lang='grc'>127,</span> <span class='ocrx_word' id='word_1_168' title='bbox 318 2211 353 2276; x_wconf 88' lang='lat' dir='ltr'>in</span> <span class='ocrx_word' id='word_1_169' title='bbox 369 2211 486 2277; x_wconf 79' lang='lat' dir='ltr'><strong>lacuna</strong></span> <span class='ocrx_word' id='word_1_170' title='bbox 503 2213 523 2276; x_wconf 88' lang='lat'>3</span> <span class='ocrx_word' id='word_1_171' title='bbox 540 2235 641 2278; x_wconf 53' lang='lat' dir='ltr'><strong>versa</strong></span> <span class='ocrx_word' id='word_1_172' title='bbox 658 2221 752 2276; x_wconf 88' lang='grc' dir='ltr'>τοῦτο</span> <span class='ocrx_word' id='word_1_173' title='bbox 769 2209 853 2275; x_wconf 84' lang='grc' dir='ltr'>κατά</span> <span class='ocrx_word' id='word_1_174' title='bbox 870 2211 907 2275; x_wconf 82' lang='grc' dir='ltr'>τό</span> <span class='ocrx_word' id='word_1_175' title='bbox 926 2201 1049 2280; x_wconf 90' lang='grc' dir='ltr'>δέον...</span> <span class='ocrx_word' id='word_1_176' title='bbox 1074 2203 1167 2284; x_wconf 84' lang='grc' dir='ltr'>δηλοῖ</span> <span class='ocrx_word' id='word_1_177' title='bbox 1183 2207 1264 2292; x_wconf 77' lang='grc' dir='ltr'>ζωῆς</span> <span class='ocrx_word' id='word_1_178' title='bbox 1281 2212 1435 2304; x_wconf 82' lang='grc' dir='ltr'>ἐνέργειαν</span> <span class='ocrx_word' id='word_1_179' title='bbox 1448 2265 1455 2279; x_wconf 96' lang='grc'>.</span> <span class='ocrx_word' id='word_1_180' title='bbox 1466 2264 1491 2280; x_wconf 93' lang='grc'>..</span> <span class='ocrx_word' id='word_1_181' title='bbox 1516 2212 1631 2285; x_wconf 80' lang='grc' dir='ltr'>ἑαυτήν</span> <span class='ocrx_word' id='word_1_182' title='bbox 1648 2212 1732 2277; x_wconf 92' lang='grc' dir='ltr'>κατά</span> 
     </span>
    </p>

    <p class='ocr_par' dir='ltr' id='par_1_5' title="bbox 131 2312 1733 2627">
     <span class='ocr_line' id='line_1_16' title="bbox 131 2312 1732 2414; baseline 0.002 -33"><span class='ocrx_word' id='word_1_183' title='bbox 131 2345 157 2381; x_wconf 75' lang='grc' dir='ltr'>ιι</span> <span class='ocrx_word' id='word_1_184' title='bbox 184 2329 247 2384; x_wconf 89' lang='grc' dir='ltr'>τῶν</span> <span class='ocrx_word' id='word_1_185' title='bbox 272 2313 438 2398; x_wconf 75' lang='grc' dir='ltr'>ἀναξίων...</span> <span class='ocrx_word' id='word_1_186' title='bbox 462 2331 572 2411; x_wconf 82' lang='grc' dir='ltr'>φυγῆς·</span> <span class='ocrx_word' id='word_1_187' title='bbox 596 2327 616 2395; x_wconf 85' lang='grc' dir='ltr'>ή</span> <span class='ocrx_word' id='word_1_188' title='bbox 636 2312 669 2385; x_wconf 85' lang='grc' dir='ltr'>δὲ</span> <span class='ocrx_word' id='word_1_189' title='bbox 688 2321 827 2410; x_wconf 88' lang='grc' dir='ltr'>ἀσμένως</span> <span class='ocrx_word' id='word_1_190' title='bbox 853 2325 957 2398; x_wconf 90' lang='grc' dir='ltr'>αύτοῒς</span> <span class='ocrx_word' id='word_1_191' title='bbox 973 2321 1157 2414; x_wconf 52' lang='grc' dir='ltr'>γεγονυῖαέ)</span> <span class='ocrx_word' id='word_1_192' title='bbox 1176 2323 1266 2412; x_wconf 85' lang='grc' dir='ltr'>μόλις</span> <span class='ocrx_word' id='word_1_193' title='bbox 1283 2314 1445 2406; x_wconf 80' lang='grc' dir='ltr'>άνάύασις,</span> <span class='ocrx_word' id='word_1_194' title='bbox 1460 2321 1648 2410; x_wconf 82' lang='grc' dir='ltr'>παρίστησιν</span> <span class='ocrx_word' id='word_1_195' title='bbox 1672 2320 1732 2393; x_wconf 81' lang='grc' dir='ltr'>τὴν</span> 
     </span>
     <span class='ocr_line' id='line_1_17' title="bbox 184 2421 1733 2521; baseline 0.001 -31"><span class='ocrx_word' id='word_1_196' title='bbox 184 2435 247 2491; x_wconf 89' lang='grc' dir='ltr'>τῶν</span> <span class='ocrx_word' id='word_1_197' title='bbox 271 2436 376 2491; x_wconf 86' lang='grc' dir='ltr'>κακῶν</span> <span class='ocrx_word' id='word_1_198' title='bbox 399 2437 517 2518; x_wconf 77' lang='grc' dir='ltr'>πεῖραν,</span> <span class='ocrx_word' id='word_1_199' title='bbox 542 2428 788 2519; x_wconf 89' lang='grc' dir='ltr'>σωφρονέστερας</span> <span class='ocrx_word' id='word_1_200' title='bbox 811 2440 958 2495; x_wconf 83' lang='grc' dir='ltr'>ποιοῦσαν</span> <span class='ocrx_word' id='word_1_201' title='bbox 983 2429 1040 2506; x_wconf 90' lang='grc' dir='ltr'>τάς</span> <span class='ocrx_word' id='word_1_202' title='bbox 1065 2427 1182 2521; x_wconf 83' lang='grc' dir='ltr'>ψυχάς·</span> <span class='ocrx_word' id='word_1_203' title='bbox 1209 2421 1255 2495; x_wconf 83' lang='grc' dir='ltr'>διό</span> <span class='ocrx_word' id='word_1_204' title='bbox 1279 2431 1332 2494; x_wconf 86' lang='grc' dir='ltr'>καὶ</span> <span class='ocrx_word' id='word_1_205' title='bbox 1359 2432 1507 2518; x_wconf 80' lang='grc' dir='ltr'>ἀσφαλεῖς</span> <span class='ocrx_word' id='word_1_206' title='bbox 1533 2433 1733 2494; x_wconf 82' lang='grc' dir='ltr'>αἱτοιαῦται</span> 
     </span>
     <span class='ocr_line' id='line_1_18' title="bbox 185 2533 873 2627; baseline 0.006 -31"><span class='ocrx_word' id='word_1_207' title='bbox 185 2535 350 2624; x_wconf 89' lang='grc' dir='ltr'>φαίνονται</span> <span class='ocrx_word' id='word_1_208' title='bbox 371 2535 441 2625; x_wconf 84' lang='grc' dir='ltr'>περί</span> <span class='ocrx_word' id='word_1_209' title='bbox 464 2533 521 2612; x_wconf 84' lang='grc' dir='ltr'>τάς</span> <span class='ocrx_word' id='word_1_210' title='bbox 545 2546 608 2600; x_wconf 89' lang='grc' dir='ltr'>τῶν</span> <span class='ocrx_word' id='word_1_211' title='bbox 634 2538 708 2621; x_wconf 83' lang='grc' dir='ltr'>βίων</span> <span class='ocrx_word' id='word_1_212' title='bbox 734 2537 873 2627; x_wconf 86' lang='grc' dir='ltr'>αἱρέσεις·</span> 
     </span>
    </p>
   </div>
   <div class='ocr_carea' id='block_1_5' title="bbox 449 2745 1469 3058">
    <p class='ocr_par' dir='ltr' id='par_1_6' title="bbox 449 2745 1469 3058">
     <span class='ocr_line' id='line_1_19' title="bbox 451 2745 1468 2843; baseline 0 -27"><span class='ocrx_word' id='word_1_213' title='bbox 451 2765 496 2829; x_wconf 79' lang='grc' dir='ltr'>-ξ-</span> <span class='ocrx_word' id='word_1_214' title='bbox 519 2752 580 2818; x_wconf 86' lang='grc' dir='ltr'>Καί</span> <span class='ocrx_word' id='word_1_215' title='bbox 601 2751 699 2841; x_wconf 77' lang='grc' dir='ltr'>τάς3)</span> <span class='ocrx_word' id='word_1_216' title='bbox 725 2753 779 2843; x_wconf 88' lang='grc' dir='ltr'>μέν</span> <span class='ocrx_word' id='word_1_217' title='bbox 805 2745 893 2830; x_wconf 87' lang='grc' dir='ltr'>δίκας</span> <span class='ocrx_word' id='word_1_218' title='bbox 920 2779 956 2819; x_wconf 88' lang='grc' dir='ltr'>τε</span> <span class='ocrx_word' id='word_1_219' title='bbox 986 2753 1040 2818; x_wconf 85' lang='grc' dir='ltr'>καί</span> <span class='ocrx_word' id='word_1_220' title='bbox 1069 2755 1219 2842; x_wconf 87' lang='grc' dir='ltr'>τιμωρίας</span> <span class='ocrx_word' id='word_1_221' title='bbox 1250 2750 1400 2828; x_wconf 89' lang='grc' dir='ltr'>τοιαύτας</span> <span class='ocrx_word' id='word_1_222' title='bbox 1423 2764 1468 2827; x_wconf 76' lang='grc' dir='ltr'>-ζ-</span> 
     </span>
     <span class='ocr_line' id='line_1_20' title="bbox 449 2855 1469 2952; baseline -0.002 -28"><span class='ocrx_word' id='word_1_223' title='bbox 449 2873 495 2933; x_wconf 73' lang='grc' dir='ltr'>-ζ-</span> <span class='ocrx_word' id='word_1_224' title='bbox 517 2859 604 2935; x_wconf 80' lang='grc' dir='ltr'>τινάς</span> <span class='ocrx_word' id='word_1_225' title='bbox 629 2855 717 2944; x_wconf 82' lang='grc' dir='ltr'>εἶναι,</span> <span class='ocrx_word' id='word_1_226' title='bbox 743 2861 796 2924; x_wconf 84' lang='grc' dir='ltr'>καί</span> <span class='ocrx_word' id='word_1_227' title='bbox 820 2855 858 2925; x_wconf 86' lang='grc' dir='ltr'>αύ</span> <span class='ocrx_word' id='word_1_228' title='bbox 881 2859 938 2936; x_wconf 82' lang='grc' dir='ltr'>τάς</span> <span class='ocrx_word' id='word_1_229' title='bbox 963 2863 1136 2952; x_wconf 83' lang='grc' dir='ltr'>εὐεργεσίας</span> <span class='ocrx_word' id='word_1_230' title='bbox 1161 2859 1292 2934; x_wconf 89' lang='grc' dir='ltr'>ταύταις</span> <span class='ocrx_word' id='word_1_231' title='bbox 1316 2863 1401 2924; x_wconf 84' lang='grc' dir='ltr'>ἀντι·</span> <span class='ocrx_word' id='word_1_232' title='bbox 1424 2872 1469 2936; x_wconf 78' lang='grc' dir='ltr'>-ξ-</span> 
     </span>
     <span class='ocr_line' id='line_1_21' title="bbox 451 2967 748 3058; baseline 0 -26"><span class='ocrx_word' id='word_1_233' title='bbox 451 2981 495 3043; x_wconf 84' lang='lat'>÷</span> <span class='ocrx_word' id='word_1_234' title='bbox 518 2967 679 3058; x_wconf 90' lang='grc' dir='ltr'>στρόφους.</span> <span class='ocrx_word' id='word_1_235' title='bbox 703 2983 748 3044; x_wconf 85' lang='lat'><em>÷</em></span> 
     </span>
    </p>
   </div>
   <div class='ocr_carea' id='block_1_6' title="bbox 130 3173 1744 3921">
    <p class='ocr_par' dir='ltr' id='par_1_7' title="bbox 184 3173 1744 3600">
     <span class='ocr_line' id='line_1_22' title="bbox 229 3173 1744 3276; baseline -0.003 -26"><span class='ocrx_word' id='word_1_236' title='bbox 229 3183 293 3262; x_wconf 91' lang='grc' dir='ltr'>Τάς</span> <span class='ocrx_word' id='word_1_237' title='bbox 311 3183 366 3273; x_wconf 85' lang='grc' dir='ltr'>μὲν</span> <span class='ocrx_word' id='word_1_238' title='bbox 383 3173 472 3261; x_wconf 87' lang='grc' dir='ltr'>δίκας</span> <span class='ocrx_word' id='word_1_239' title='bbox 488 3183 542 3249; x_wconf 85' lang='grc' dir='ltr'>καί</span> <span class='ocrx_word' id='word_1_240' title='bbox 557 3183 615 3260; x_wconf 81' lang='grc' dir='ltr'>τάς</span> <span class='ocrx_word' id='word_1_241' title='bbox 628 3186 779 3276; x_wconf 85' lang='grc' dir='ltr'>τιμωρίας</span> <span class='ocrx_word' id='word_1_242' title='bbox 792 3187 850 3273; x_wconf 90' lang='grc' dir='ltr'>ούχ</span> <span class='ocrx_word' id='word_1_243' title='bbox 863 3185 984 3258; x_wconf 84' lang='grc' dir='ltr'>οἰητέον</span> <span class='ocrx_word' id='word_1_244' title='bbox 996 3189 1031 3250; x_wconf 89' lang='grc' dir='ltr'>ἑκ</span> <span class='ocrx_word' id='word_1_245' title='bbox 1047 3185 1253 3276; x_wconf 79' lang='grc' dir='ltr'>παραλλήλου</span> <span class='ocrx_word' id='word_1_246' title='bbox 1268 3182 1425 3275; x_wconf 87' lang='grc' dir='ltr'>λέγεσθαι.</span> <span class='ocrx_word' id='word_1_247' title='bbox 1442 3181 1610 3271; x_wconf 88' lang='grc' dir='ltr'>Διώρισται</span> <span class='ocrx_word' id='word_1_248' title='bbox 1625 3180 1684 3272; x_wconf 84' lang='grc' dir='ltr'>γάρ</span> <span class='ocrx_word' id='word_1_249' title='bbox 1702 3185 1744 3246; x_wconf 82' lang='grc' dir='ltr'>ἐν</span> 
     </span>
     <span class='ocr_line' id='line_1_23' title="bbox 185 3283 1734 3383; baseline -0.002 -26"><span class='ocrx_word' id='word_1_250' title='bbox 185 3294 309 3383; x_wconf 83' lang='grc' dir='ltr'>Γοργίᾳ,</span> <span class='ocrx_word' id='word_1_251' title='bbox 326 3292 398 3368; x_wconf 85' lang='grc' dir='ltr'>τοὺς</span> <span class='ocrx_word' id='word_1_252' title='bbox 415 3292 470 3379; x_wconf 85' lang='grc' dir='ltr'>μὲν</span> <span class='ocrx_word' id='word_1_253' title='bbox 487 3285 577 3365; x_wconf 89' lang='grc' dir='ltr'>δίκην</span> <span class='ocrx_word' id='word_1_254' title='bbox 596 3283 739 3368; x_wconf 91' lang='grc' dir='ltr'>διδόντας</span> <span class='ocrx_word' id='word_1_255' title='bbox 753 3286 830 3356; x_wconf 82' lang='grc' dir='ltr'>εἶναι</span> <span class='ocrx_word' id='word_1_256' title='bbox 846 3291 917 3368; x_wconf 88' lang='grc' dir='ltr'>τοὺς</span> <span class='ocrx_word' id='word_1_257' title='bbox 933 3291 1165 3381; x_wconf 79' lang='grc' dir='ltr'>ὠφελουμένους</span> <span class='ocrx_word' id='word_1_258' title='bbox 1178 3293 1232 3355; x_wconf 87' lang='grc' dir='ltr'>καί</span> <span class='ocrx_word' id='word_1_259' title='bbox 1244 3290 1332 3380; x_wconf 86' lang='grc' dir='ltr'>Ιπαρά</span> <span class='ocrx_word' id='word_1_260' title='bbox 1350 3290 1425 3356; x_wconf 88' lang='grc' dir='ltr'>θεῶν</span> <span class='ocrx_word' id='word_1_261' title='bbox 1446 3289 1499 3354; x_wconf 86' lang='grc' dir='ltr'>καί</span> <span class='ocrx_word' id='word_1_262' title='bbox 1515 3288 1600 3380; x_wconf 85' lang='grc' dir='ltr'>παρά</span> <span class='ocrx_word' id='word_1_263' title='bbox 1617 3288 1734 3379; x_wconf 85' lang='grc' dir='ltr'>ἀνθρω·</span> 
     </span>
     <span class='ocr_line' id='line_1_24' title="bbox 184 3387 1734 3490; baseline -0.002 -26"><span class='ocrx_word' id='word_1_264' title='bbox 184 3420 261 3464; x_wconf 89' lang='grc' dir='ltr'>πων·</span> <span class='ocrx_word' id='word_1_265' title='bbox 275 3398 348 3475; x_wconf 84' lang='grc' dir='ltr'>τοὺς</span> <span class='ocrx_word' id='word_1_266' title='bbox 362 3389 395 3464; x_wconf 86' lang='grc' dir='ltr'>δὲ</span> <span class='ocrx_word' id='word_1_267' title='bbox 407 3399 667 3490; x_wconf 85' lang='grc' dir='ltr'>τιμωρουμένους,</span> <span class='ocrx_word' id='word_1_268' title='bbox 682 3399 752 3476; x_wconf 87' lang='grc' dir='ltr'>τοὺς</span> <span class='ocrx_word' id='word_1_269' title='bbox 767 3399 921 3475; x_wconf 84' lang='grc' dir='ltr'>ἀνιάτους·</span> <span class='ocrx_word' id='word_1_270' title='bbox 940 3399 994 3464; x_wconf 88' lang='grc' dir='ltr'>καί</span> <span class='ocrx_word' id='word_1_271' title='bbox 1010 3399 1069 3490; x_wconf 86' lang='grc' dir='ltr'>γάρ</span> <span class='ocrx_word' id='word_1_272' title='bbox 1085 3398 1165 3463; x_wconf 85' lang='grc' dir='ltr'>ἀλλο</span> <span class='ocrx_word' id='word_1_273' title='bbox 1183 3399 1238 3486; x_wconf 86' lang='grc' dir='ltr'>μέν</span> <span class='ocrx_word' id='word_1_274' title='bbox 1251 3399 1340 3480; x_wconf 90' lang='grc' dir='ltr'>τίσις,</span> <span class='ocrx_word' id='word_1_275' title='bbox 1356 3397 1435 3462; x_wconf 85' lang='grc' dir='ltr'>ἄλλο</span> <span class='ocrx_word' id='word_1_276' title='bbox 1450 3387 1483 3462; x_wconf 87' lang='grc' dir='ltr'>δέ</span> <span class='ocrx_word' id='word_1_277' title='bbox 1496 3390 1580 3479; x_wconf 92' lang='grc' dir='ltr'>δίκη,</span> <span class='ocrx_word' id='word_1_278' title='bbox 1593 3395 1734 3488; x_wconf 91' lang='grc' dir='ltr'>καθάπερ</span> 
     </span>
     <span class='ocr_line' id='line_1_25' title="bbox 185 3495 1734 3600; baseline -0.003 -28"><span class='ocrx_word' id='word_1_279' title='bbox 185 3507 349 3600; x_wconf 84' lang='grc' dir='ltr'>καὶτοῦτο</span> <span class='ocrx_word' id='word_1_280' title='bbox 366 3498 526 3596; x_wconf 84' lang='grc' dir='ltr'>διώρισται</span> <span class='ocrx_word' id='word_1_281' title='bbox 539 3510 570 3572; x_wconf 83' lang='grc' dir='ltr'>ἐν</span> <span class='ocrx_word' id='word_1_282' title='bbox 583 3508 698 3590; x_wconf 79' lang='grc' dir='ltr'>ἐκείνῳ.</span> <span class='ocrx_word' id='word_1_283' title='bbox 717 3506 779 3570; x_wconf 86' lang='grc' dir='ltr'>Καὶ</span> <span class='ocrx_word' id='word_1_284' title='bbox 794 3511 826 3571; x_wconf 88' lang='grc' dir='ltr'>ἐν</span> <span class='ocrx_word' id='word_1_285' title='bbox 843 3507 955 3596; x_wconf 91' lang='grc' dir='ltr'>Νόμοις</span> <span class='ocrx_word' id='word_1_286' title='bbox 973 3498 1007 3571; x_wconf 85' lang='grc' dir='ltr'>δέ</span> <span class='ocrx_word' id='word_1_287' title='bbox 1023 3516 1127 3596; x_wconf 90' lang='grc' dir='ltr'>σαφῶς</span> <span class='ocrx_word' id='word_1_288' title='bbox 1142 3497 1287 3595; x_wconf 89' lang='grc' dir='ltr'>διέκρινεν</span> <span class='ocrx_word' id='word_1_289' title='bbox 1303 3506 1455 3594; x_wconf 88' lang='grc' dir='ltr'>τιμωρίαν</span> <span class='ocrx_word' id='word_1_290' title='bbox 1472 3504 1525 3569; x_wconf 82' lang='grc' dir='ltr'>καί</span> <span class='ocrx_word' id='word_1_291' title='bbox 1541 3495 1641 3581; x_wconf 88' lang='grc' dir='ltr'>δίκην,</span> <span class='ocrx_word' id='word_1_292' title='bbox 1655 3505 1734 3568; x_wconf 87' lang='grc' dir='ltr'>ὅπου</span> 
     </span>
    </p>

    <p class='ocr_par' dir='ltr' id='par_1_8' title="bbox 130 3606 1734 3921">
     <span class='ocr_line' id='line_1_26' title="bbox 130 3606 1732 3705; baseline -0.002 -26"><span class='ocrx_word' id='word_1_293' title='bbox 130 3633 158 3670; x_wconf 73' lang='lat'>2⁵</span> <span class='ocrx_word' id='word_1_294' title='bbox 185 3615 239 3680; x_wconf 87' lang='grc' dir='ltr'>καί</span> <span class='ocrx_word' id='word_1_295' title='bbox 263 3606 359 3690; x_wconf 76' lang='grc' dir='ltr'>δῆλον</span> <span class='ocrx_word' id='word_1_296' title='bbox 375 3617 556 3700; x_wconf 90' lang='grc' dir='ltr'>πεποίηκεν,</span> <span class='ocrx_word' id='word_1_297' title='bbox 572 3621 612 3691; x_wconf 87' lang='grc' dir='ltr'>ῶς</span> <span class='ocrx_word' id='word_1_298' title='bbox 629 3614 688 3704; x_wconf 90' lang='grc' dir='ltr'>ἀρα</span> <span class='ocrx_word' id='word_1_299' title='bbox 706 3615 758 3678; x_wconf 84' lang='grc' dir='ltr'>καὶ</span> <span class='ocrx_word' id='word_1_300' title='bbox 774 3620 793 3688; x_wconf 85' lang='grc' dir='ltr'>ή</span> <span class='ocrx_word' id='word_1_301' title='bbox 812 3617 947 3705; x_wconf 86' lang='grc' dir='ltr'>τιμωρία</span> <span class='ocrx_word' id='word_1_302' title='bbox 963 3615 1076 3704; x_wconf 87' lang='grc' dir='ltr'>τρόπος</span> <span class='ocrx_word' id='word_1_303' title='bbox 1093 3615 1140 3689; x_wconf 90' lang='grc' dir='ltr'>τίς</span> <span class='ocrx_word' id='word_1_304' title='bbox 1158 3612 1265 3688; x_wconf 85' lang='grc' dir='ltr'>ἰάσεώς</span> <span class='ocrx_word' id='word_1_305' title='bbox 1282 3617 1376 3677; x_wconf 84' lang='grc' dir='ltr'>ἐστιν·</span> <span class='ocrx_word' id='word_1_306' title='bbox 1393 3613 1448 3676; x_wconf 79' lang='grc' dir='ltr'>τὀν</span> <span class='ocrx_word' id='word_1_307' title='bbox 1465 3610 1588 3703; x_wconf 78' lang='grc' dir='ltr'>γάρμὴ</span> <span class='ocrx_word' id='word_1_308' title='bbox 1614 3611 1732 3701; x_wconf 86' lang='grc' dir='ltr'>τυγχά-</span> 
     </span>
     <span class='ocr_line' id='line_1_27' title="bbox 185 3709 1734 3813; baseline -0.003 -26"><span class='ocrx_word' id='word_1_309' title='bbox 185 3747 281 3788; x_wconf 87' lang='grc' dir='ltr'>νοντα</span> <span class='ocrx_word' id='word_1_310' title='bbox 304 3734 362 3800; x_wconf 79' lang='grc' dir='ltr'>τής</span> <span class='ocrx_word' id='word_1_311' title='bbox 385 3725 546 3813; x_wconf 90' lang='grc' dir='ltr'>τιμωρίας,</span> <span class='ocrx_word' id='word_1_312' title='bbox 564 3722 670 3788; x_wconf 80' lang='grc' dir='ltr'>ἄθλιον</span> <span class='ocrx_word' id='word_1_313' title='bbox 692 3716 774 3801; x_wconf 81' lang='grc' dir='ltr'>ἀξιοῖ</span> <span class='ocrx_word' id='word_1_314' title='bbox 788 3728 906 3804; x_wconf 82' lang='grc' dir='ltr'>καλεῖν,</span> <span class='ocrx_word' id='word_1_315' title='bbox 924 3727 963 3798; x_wconf 86' lang='grc' dir='ltr'>ὡς</span> <span class='ocrx_word' id='word_1_316' title='bbox 982 3723 1024 3812; x_wconf 84' lang='grc' dir='ltr'>μή</span> <span class='ocrx_word' id='word_1_317' title='bbox 1052 3721 1279 3811; x_wconf 88' lang='grc' dir='ltr'>ίατρευόμενον·</span> <span class='ocrx_word' id='word_1_318' title='bbox 1298 3725 1338 3796; x_wconf 88' lang='grc' dir='ltr'>ῶς</span> <span class='ocrx_word' id='word_1_319' title='bbox 1361 3730 1416 3784; x_wconf 90' lang='grc' dir='ltr'>τοῦ</span> <span class='ocrx_word' id='word_1_320' title='bbox 1440 3718 1655 3810; x_wconf 88' lang='grc' dir='ltr'>τυγχάνοντος</span> <span class='ocrx_word' id='word_1_321' title='bbox 1679 3709 1734 3791; x_wconf 89' lang='grc' dir='ltr'>δή·</span> 
     </span>
     <span class='ocr_line' id='line_1_28' title="bbox 184 3817 1733 3921; baseline -0.004 -25"><span class='ocrx_word' id='word_1_322' title='bbox 184 3829 303 3904; x_wconf 90' lang='grc' dir='ltr'>πουθην</span> <span class='ocrx_word' id='word_1_323' title='bbox 330 3830 559 3921; x_wconf 89' lang='grc' dir='ltr'>ίατρευομένου,</span> <span class='ocrx_word' id='word_1_324' title='bbox 583 3829 640 3894; x_wconf 87' lang='grc' dir='ltr'>κάν</span> <span class='ocrx_word' id='word_1_325' title='bbox 665 3835 696 3895; x_wconf 88' lang='grc' dir='ltr'>ἐν</span> <span class='ocrx_word' id='word_1_326' title='bbox 720 3839 765 3912; x_wconf 83' lang='grc' dir='ltr'>τῷ</span> <span class='ocrx_word' id='word_1_327' title='bbox 789 3829 931 3920; x_wconf 85' lang='grc' dir='ltr'>παρόντι,</span> <span class='ocrx_word' id='word_1_328' title='bbox 956 3828 993 3892; x_wconf 78' lang='grc' dir='ltr'>ἵν’</span> <span class='ocrx_word' id='word_1_329' title='bbox 1010 3828 1102 3893; x_wconf 81' lang='grc' dir='ltr'>ἄλλοι</span> <span class='ocrx_word' id='word_1_330' title='bbox 1126 3822 1300 3909; x_wconf 81' lang='grc' dir='ltr'>σώζωνται,</span> <span class='ocrx_word' id='word_1_331' title='bbox 1317 3827 1526 3899; x_wconf 88' lang='grc' dir='ltr'>ἀπολλύηται·</span> <span class='ocrx_word' id='word_1_332' title='bbox 1545 3832 1571 3892; x_wconf 89' lang='grc' dir='ltr'>εί</span> <span class='ocrx_word' id='word_1_333' title='bbox 1595 3817 1628 3893; x_wconf 84' lang='grc' dir='ltr'>δὲ</span> <span class='ocrx_word' id='word_1_334' title='bbox 1652 3827 1733 3902; x_wconf 88' lang='grc' dir='ltr'>ὅπως</span> 
     </span>
    </p>
   </div>
   <div class='ocr_carea' id='block_1_7' title="bbox 130 3926 1734 4234">
    <p class='ocr_par' dir='ltr' id='par_1_9' title="bbox 130 3926 1734 4234">
     <span class='ocr_line' id='line_1_29' title="bbox 186 3926 1734 4029; baseline -0.005 -24"><span class='ocrx_word' id='word_1_335' title='bbox 186 3935 239 4005; x_wconf 84' lang='grc' dir='ltr'>σύν</span> <span class='ocrx_word' id='word_1_336' title='bbox 264 3940 449 4029; x_wconf 87' lang='grc' dir='ltr'>ίατρεύεται,</span> <span class='ocrx_word' id='word_1_337' title='bbox 475 3938 546 4027; x_wconf 83' lang='grc' dir='ltr'>παρ’</span> <span class='ocrx_word' id='word_1_338' title='bbox 572 3943 685 4004; x_wconf 85' lang='grc' dir='ltr'>ἑαυτοῦ</span> <span class='ocrx_word' id='word_1_339' title='bbox 710 3938 764 4027; x_wconf 87' lang='grc' dir='ltr'>μέν</span> <span class='ocrx_word' id='word_1_340' title='bbox 789 3941 844 4004; x_wconf 93' lang='grc' dir='ltr'>ούκ</span> <span class='ocrx_word' id='word_1_341' title='bbox 868 3938 905 4004; x_wconf 89' lang='grc' dir='ltr'>ἀν</span> <span class='ocrx_word' id='word_1_342' title='bbox 920 3937 1039 4028; x_wconf 90' lang='grc' dir='ltr'>πάσχοι</span> <span class='ocrx_word' id='word_1_343' title='bbox 1056 3949 1161 4018; x_wconf 88' lang='grc' dir='ltr'>τοῦτο,</span> <span class='ocrx_word' id='word_1_344' title='bbox 1179 3941 1303 4012; x_wconf 88' lang='grc' dir='ltr'>ἀνίατος</span> <span class='ocrx_word' id='word_1_345' title='bbox 1324 3935 1377 4014; x_wconf 83' lang='grc' dir='ltr'>ὥν,</span> <span class='ocrx_word' id='word_1_346' title='bbox 1401 3935 1486 4027; x_wconf 85' lang='grc' dir='ltr'>παρά</span> <span class='ocrx_word' id='word_1_347' title='bbox 1511 3926 1544 4001; x_wconf 87' lang='grc' dir='ltr'>δὲ</span> <span class='ocrx_word' id='word_1_348' title='bbox 1567 3945 1630 4000; x_wconf 91' lang='grc' dir='ltr'>τῶν</span> <span class='ocrx_word' id='word_1_349' title='bbox 1654 3937 1734 4000; x_wconf 91' lang='grc' dir='ltr'>όλων</span> 
     </span>
     <span class='ocr_line' id='line_1_30' title="bbox 186 4039 1733 4137; baseline -0.005 -25"><span class='ocrx_word' id='word_1_350' title='bbox 186 4039 348 4137; x_wconf 85' lang='grc' dir='ltr'>δυνάμεων</span> <span class='ocrx_word' id='word_1_351' title='bbox 371 4049 425 4112; x_wconf 82' lang='grc' dir='ltr'>καί</span> <span class='ocrx_word' id='word_1_352' title='bbox 448 4052 474 4112; x_wconf 90' lang='grc' dir='ltr'>εί</span> <span class='ocrx_word' id='word_1_353' title='bbox 498 4047 541 4136; x_wconf 82' lang='grc' dir='ltr'>μὴ</span> <span class='ocrx_word' id='word_1_354' title='bbox 568 4047 651 4136; x_wconf 90' lang='grc' dir='ltr'>θέμις</span> <span class='ocrx_word' id='word_1_355' title='bbox 674 4047 788 4122; x_wconf 86' lang='grc' dir='ltr'>τελέως</span> <span class='ocrx_word' id='word_1_356' title='bbox 813 4045 985 4112; x_wconf 87' lang='grc' dir='ltr'>ἀπολέσθαι</span> <span class='ocrx_word' id='word_1_357' title='bbox 1001 4047 1039 4112; x_wconf 77' lang='grc' dir='ltr'>τό</span> <span class='ocrx_word' id='word_1_358' title='bbox 1056 4045 1224 4132; x_wconf 86' lang='grc' dir='ltr'>ἀθάνατον,</span> <span class='ocrx_word' id='word_1_359' title='bbox 1248 4048 1351 4129; x_wconf 86' lang='grc' dir='ltr'>ἑαυτῷ</span> <span class='ocrx_word' id='word_1_360' title='bbox 1376 4042 1430 4133; x_wconf 86' lang='grc' dir='ltr'>μὲν</span> <span class='ocrx_word' id='word_1_361' title='bbox 1455 4043 1645 4108; x_wconf 91' lang='grc' dir='ltr'>ἀπόλλυται·</span> <span class='ocrx_word' id='word_1_362' title='bbox 1668 4053 1733 4119; x_wconf 87' lang='grc' dir='ltr'>τοῖς</span> 
     </span>
     <span class='ocr_line' id='line_1_31' title="bbox 130 4149 982 4234; baseline -0.005 -10"><span class='ocrx_word' id='word_1_363' title='bbox 130 4167 159 4205; x_wconf 82' lang='lat'>³⁰</span> <span class='ocrx_word' id='word_1_364' title='bbox 187 4150 220 4224; x_wconf 86' lang='grc' dir='ltr'>δέ</span> <span class='ocrx_word' id='word_1_365' title='bbox 244 4159 305 4224; x_wconf 83' lang='grc' dir='ltr'>ἀπό</span> <span class='ocrx_word' id='word_1_366' title='bbox 328 4167 391 4222; x_wconf 89' lang='grc' dir='ltr'>τῶν</span> <span class='ocrx_word' id='word_1_367' title='bbox 416 4158 495 4223; x_wconf 90' lang='grc' dir='ltr'>όλων</span> <span class='ocrx_word' id='word_1_368' title='bbox 519 4161 560 4234; x_wconf 89' lang='grc' dir='ltr'>είς</span> <span class='ocrx_word' id='word_1_369' title='bbox 585 4158 661 4221; x_wconf 78' lang='grc' dir='ltr'>αὐτὸ</span> <span class='ocrx_word' id='word_1_370' title='bbox 685 4157 877 4230; x_wconf 75' lang='grc' dir='ltr'>κατάκουσιν</span> <span class='ocrx_word' id='word_1_371' title='bbox 902 4149 982 4234; x_wconf 82' lang='grc' dir='ltr'>σώζε</span> 
     </span>
    </p>
   </div>
   <div class='ocr_carea' id='block_1_8' title="bbox 129 4361 1761 5116">
    <p class='ocr_par' dir='ltr' id='par_1_10' title="bbox 129 4361 1761 5116">
     <span class='ocr_line' id='line_1_32' title="bbox 186 4361 1733 4462; baseline -0.008 -22"><span class='ocrx_word' id='word_1_372' title='bbox 186 4375 209 4442; x_wconf 90' lang='lat' dir='ltr'>f.</span> <span class='ocrx_word' id='word_1_373' title='bbox 236 4377 297 4441; x_wconf 86' lang='lat'>127</span> <span class='ocrx_word' id='word_1_374' title='bbox 322 4397 354 4441; x_wconf 79' lang='lat' dir='ltr'>v.</span> <span class='ocrx_word' id='word_1_375' title='bbox 379 4375 493 4440; x_wconf 86' lang='lat' dir='ltr'>eadem</span> <span class='ocrx_word' id='word_1_376' title='bbox 516 4374 651 4450; x_wconf 82' lang='lat' dir='ltr'>lacuna:</span> <span class='ocrx_word' id='word_1_377' title='bbox 678 4381 866 4462; x_wconf 88' lang='grc' dir='ltr'>...πρῶτον</span> <span class='ocrx_word' id='word_1_378' title='bbox 880 4423 888 4438; x_wconf 99' lang='grc'>.</span> <span class='ocrx_word' id='word_1_379' title='bbox 903 4423 933 4438; x_wconf 99' lang='grc'>..</span> <span class='ocrx_word' id='word_1_380' title='bbox 957 4371 1118 4446; x_wconf 89' lang='grc' dir='ltr'>συνουσίας</span> <span class='ocrx_word' id='word_1_381' title='bbox 1142 4369 1359 4436; x_wconf 87' lang='grc' dir='ltr'>Πλούτων...</span> <span class='ocrx_word' id='word_1_382' title='bbox 1383 4366 1440 4444; x_wconf 87' lang='grc' dir='ltr'>τάς</span> <span class='ocrx_word' id='word_1_383' title='bbox 1469 4363 1569 4456; x_wconf 82' lang='grc' dir='ltr'>ψυχάς</span> <span class='ocrx_word' id='word_1_384' title='bbox 1599 4363 1653 4430; x_wconf 85' lang='grc' dir='ltr'>καί</span> <span class='ocrx_word' id='word_1_385' title='bbox 1676 4361 1733 4440; x_wconf 88' lang='grc' dir='ltr'>τάς</span> 
     </span>
     <span class='ocr_line' id='line_1_33' title="bbox 185 4471 1733 4572; baseline -0.008 -24"><span class='ocrx_word' id='word_1_386' title='bbox 185 4485 336 4560; x_wconf 84' lang='grc' dir='ltr'>ἑννοίας...</span> <span class='ocrx_word' id='word_1_387' title='bbox 350 4480 552 4548; x_wconf 89' lang='grc' dir='ltr'>τελειούντων</span> <span class='ocrx_word' id='word_1_388' title='bbox 576 4481 630 4545; x_wconf 85' lang='grc' dir='ltr'>καί</span> <span class='ocrx_word' id='word_1_389' title='bbox 651 4473 882 4572; x_wconf 82' lang='grc' dir='ltr'>προξενούντων</span> <span class='ocrx_word' id='word_1_390' title='bbox 898 4478 957 4550; x_wconf 85' lang='grc' dir='ltr'>τὴν</span> <span class='ocrx_word' id='word_1_391' title='bbox 973 4479 1119 4570; x_wconf 90' lang='grc' dir='ltr'>πρόνοιαν</span> <span class='ocrx_word' id='word_1_392' title='bbox 1139 4488 1202 4543; x_wconf 92' lang='grc' dir='ltr'>τῶν</span> <span class='ocrx_word' id='word_1_393' title='bbox 1226 4474 1442 4566; x_wconf 86' lang='grc' dir='ltr'>καταχθονίων</span> <span class='ocrx_word' id='word_1_394' title='bbox 1467 4472 1555 4555; x_wconf 88' lang='grc' dir='ltr'>θεῶν,</span> <span class='ocrx_word' id='word_1_395' title='bbox 1580 4471 1733 4562; x_wconf 89' lang='grc' dir='ltr'>φάσματά</span> 
     </span>
     <span class='ocr_line' id='line_1_34' title="bbox 186 4573 1761 4682; baseline -0.011 -22"><span class='ocrx_word' id='word_1_396' title='bbox 186 4619 223 4660; x_wconf 85' lang='grc' dir='ltr'>τε</span> <span class='ocrx_word' id='word_1_397' title='bbox 248 4585 431 4659; x_wconf 89' lang='grc' dir='ltr'>δεικνύντων</span> <span class='ocrx_word' id='word_1_398' title='bbox 448 4592 591 4682; x_wconf 81' lang='grc' dir='ltr'>γαλήνης</span> <span class='ocrx_word' id='word_1_399' title='bbox 608 4589 710 4679; x_wconf 89' lang='grc' dir='ltr'>μεστά</span> <span class='ocrx_word' id='word_1_400' title='bbox 725 4589 780 4654; x_wconf 85' lang='grc' dir='ltr'>καί</span> <span class='ocrx_word' id='word_1_401' title='bbox 795 4587 1008 4678; x_wconf 91' lang='grc' dir='ltr'>καθαιρόντων</span> <span class='ocrx_word' id='word_1_402' title='bbox 1025 4585 1067 4652; x_wconf 86' lang='grc' dir='ltr'>τά</span> <span class='ocrx_word' id='word_1_403' title='bbox 1083 4580 1306 4677; x_wconf 78' lang='grc' dir='ltr'>περιόλήματα</span> <span class='ocrx_word' id='word_1_404' title='bbox 1323 4588 1425 4648; x_wconf 90' lang='grc' dir='ltr'>αύτῶν</span> <span class='ocrx_word' id='word_1_405' title='bbox 1443 4573 1494 4646; x_wconf 86' lang='grc' dir='ltr'>διά</span> <span class='ocrx_word' id='word_1_406' title='bbox 1512 4580 1594 4647; x_wconf 90' lang='grc' dir='ltr'>θείου</span> <span class='ocrx_word' id='word_1_407' title='bbox 1620 4580 1733 4670; x_wconf 84' lang='grc' dir='ltr'>φωτός,</span> <span class='ocrx_word' id='word_1_408' title='bbox 1759 4601 1761 4612; x_wconf 82' lang='grc'><em>“</em></span> 
     </span>
     <span class='ocr_line' id='line_1_35' title="bbox 186 4687 1733 4791; baseline -0.01 -24"><span class='ocrx_word' id='word_1_409' title='bbox 186 4702 240 4768; x_wconf 84' lang='grc' dir='ltr'>καί</span> <span class='ocrx_word' id='word_1_410' title='bbox 263 4699 563 4791; x_wconf 85' lang='grc' dir='ltr'>ἀναμιμνησκόντων</span> <span class='ocrx_word' id='word_1_411' title='bbox 580 4708 638 4775; x_wconf 79' lang='grc' dir='ltr'>τῆς</span> <span class='ocrx_word' id='word_1_412' title='bbox 656 4689 754 4762; x_wconf 83' lang='grc' dir='ltr'>ἀϊδίου</span> <span class='ocrx_word' id='word_1_413' title='bbox 769 4691 850 4774; x_wconf 79' lang='grc' dir='ltr'>ζωῆς</span> <span class='ocrx_word' id='word_1_414' title='bbox 867 4697 1000 4761; x_wconf 82' lang='grc' dir='ltr'>καὶτῶν</span> <span class='ocrx_word' id='word_1_415' title='bbox 1018 4693 1306 4760; x_wconf 88' lang='grc' dir='ltr'>άποκαταστάσεων</span> <span class='ocrx_word' id='word_1_416' title='bbox 1323 4701 1387 4756; x_wconf 88' lang='grc' dir='ltr'>τῶν</span> <span class='ocrx_word' id='word_1_417' title='bbox 1403 4687 1625 4771; x_wconf 90' lang='grc' dir='ltr'>τελειοτάτων,</span> <span class='ocrx_word' id='word_1_418' title='bbox 1650 4689 1733 4752; x_wconf 84' lang='grc' dir='ltr'>ὥστε</span> 
     </span>
     <span class='ocr_line' id='line_1_36' title="bbox 129 4796 1734 4898; baseline -0.009 -24"><span class='ocrx_word' id='word_1_419' title='bbox 129 4829 159 4866; x_wconf 77' lang='lat'>³⁵</span> <span class='ocrx_word' id='word_1_420' title='bbox 186 4809 241 4874; x_wconf 83' lang='grc' dir='ltr'>καί</span> <span class='ocrx_word' id='word_1_421' title='bbox 252 4819 359 4898; x_wconf 84' lang='grc' dir='ltr'>φωνῶν</span> <span class='ocrx_word' id='word_1_422' title='bbox 373 4807 496 4872; x_wconf 85' lang='grc' dir='ltr'>ἀκούειν</span> <span class='ocrx_word' id='word_1_423' title='bbox 509 4806 679 4898; x_wconf 87' lang='grc' dir='ltr'>θειοτέρων·</span> <span class='ocrx_word' id='word_1_424' title='bbox 692 4807 746 4871; x_wconf 90' lang='grc' dir='ltr'>καί</span> <span class='ocrx_word' id='word_1_425' title='bbox 757 4806 858 4888; x_wconf 91' lang='grc' dir='ltr'>τέλος,</span> <span class='ocrx_word' id='word_1_426' title='bbox 872 4809 968 4870; x_wconf 83' lang='grc' dir='ltr'>αὐτοῦ</span> <span class='ocrx_word' id='word_1_427' title='bbox 983 4803 1238 4893; x_wconf 88' lang='grc' dir='ltr'>μεταλαγχάνειν</span> <span class='ocrx_word' id='word_1_428' title='bbox 1251 4812 1307 4866; x_wconf 88' lang='grc' dir='ltr'>τοῦ</span> <span class='ocrx_word' id='word_1_429' title='bbox 1322 4798 1504 4874; x_wconf 87' lang='grc' dir='ltr'>Πλούτωνος</span> <span class='ocrx_word' id='word_1_430' title='bbox 1517 4796 1641 4872; x_wconf 81' lang='grc' dir='ltr'>καὶτῆς</span> <span class='ocrx_word' id='word_1_431' title='bbox 1654 4820 1734 4884; x_wconf 92' lang='grc' dir='ltr'>συμ-</span> 
     </span>
     <span class='ocr_line' id='line_1_37' title="bbox 186 4901 1733 5007; baseline -0.012 -23"><span class='ocrx_word' id='word_1_432' title='bbox 186 4911 410 4992; x_wconf 78' lang='grc' dir='ltr'>ύασιλευούοης</span> <span class='ocrx_word' id='word_1_433' title='bbox 435 4920 520 5000; x_wconf 81' lang='grc' dir='ltr'>αύτῷ</span> <span class='ocrx_word' id='word_1_434' title='bbox 544 4911 699 5007; x_wconf 82' lang='grc' dir='ltr'>ζῳογόνου</span> <span class='ocrx_word' id='word_1_435' title='bbox 724 4913 804 4991; x_wconf 83' lang='grc' dir='ltr'>θεᾶς,</span> <span class='ocrx_word' id='word_1_436' title='bbox 829 4914 883 4978; x_wconf 84' lang='grc' dir='ltr'>καί</span> <span class='ocrx_word' id='word_1_437' title='bbox 905 4925 968 4979; x_wconf 89' lang='grc' dir='ltr'>τῶν</span> <span class='ocrx_word' id='word_1_438' title='bbox 985 4923 1095 5002; x_wconf 86' lang='grc' dir='ltr'>νοερῶν</span> <span class='ocrx_word' id='word_1_439' title='bbox 1113 4907 1371 4998; x_wconf 87' lang='grc' dir='ltr'>ἀποπληροῦσθαι</span> <span class='ocrx_word' id='word_1_440' title='bbox 1386 4903 1457 4994; x_wconf 85' lang='grc' dir='ltr'>παρ’</span> <span class='ocrx_word' id='word_1_441' title='bbox 1476 4907 1578 4969; x_wconf 83' lang='grc' dir='ltr'>αὐτῶν</span> <span class='ocrx_word' id='word_1_442' title='bbox 1596 4901 1733 4993; x_wconf 88' lang='grc' dir='ltr'>ἀγαθῶν·</span> 
     </span>
     <span class='ocr_line' id='line_1_38' title="bbox 187 5008 1734 5116; baseline -0.013 -23"><span class='ocrx_word' id='word_1_443' title='bbox 187 5023 237 5093; x_wconf 85' lang='grc' dir='ltr'>οἷα</span> <span class='ocrx_word' id='word_1_444' title='bbox 259 5025 313 5091; x_wconf 86' lang='grc' dir='ltr'>καί</span> <span class='ocrx_word' id='word_1_445' title='bbox 328 5030 360 5090; x_wconf 83' lang='grc' dir='ltr'>αἱ</span> <span class='ocrx_word' id='word_1_446' title='bbox 376 5024 616 5116; x_wconf 90' lang='grc' dir='ltr'>παναγέσταται</span> <span class='ocrx_word' id='word_1_447' title='bbox 640 5022 770 5087; x_wconf 81' lang='grc' dir='ltr'>τελεταὶ</span> <span class='ocrx_word' id='word_1_448' title='bbox 786 5032 849 5086; x_wconf 90' lang='grc' dir='ltr'>τῶν</span> <span class='ocrx_word' id='word_1_449' title='bbox 867 5022 1063 5086; x_wconf 86' lang='grc' dir='ltr'>Ἐλευσινίων</span> <span class='ocrx_word' id='word_1_450' title='bbox 1079 5025 1301 5108; x_wconf 82' lang='grc' dir='ltr'>ὑπισχνοῦνται</span> <span class='ocrx_word' id='word_1_451' title='bbox 1324 5025 1388 5090; x_wconf 87' lang='grc' dir='ltr'>τοῖς</span> <span class='ocrx_word' id='word_1_452' title='bbox 1413 5012 1544 5102; x_wconf 89' lang='grc' dir='ltr'>μύσταις</span> <span class='ocrx_word' id='word_1_453' title='bbox 1563 5019 1626 5075; x_wconf 89' lang='grc' dir='ltr'>τῶν</span> <span class='ocrx_word' id='word_1_454' title='bbox 1649 5008 1734 5101; x_wconf 89' lang='grc' dir='ltr'>παρά</span> 
     </span>
    </p>
   </div>
   <div class='ocr_carea' id='block_1_9' title="bbox 188 5265 1732 5440">
    <p class='ocr_par' dir='ltr' id='par_1_11' title="bbox 188 5265 1732 5440">
     <span class='ocr_line' id='line_1_39' title="bbox 225 5265 1621 5350; baseline -0.011 -17"><span class='ocrx_word' id='word_1_455' title='bbox 225 5275 248 5350; x_wconf 92' lang='lat'>¹)</span> <span class='ocrx_word' id='word_1_456' title='bbox 266 5274 336 5332; x_wconf 74' lang='lat' dir='ltr'><strong>eod.</strong></span> <span class='ocrx_word' id='word_1_457' title='bbox 350 5278 373 5328; x_wconf 80' lang='grc' dir='ltr'>οἱ</span> <span class='ocrx_word' id='word_1_458' title='bbox 384 5273 464 5346; x_wconf 85' lang='lat' dir='ltr'><strong>quod</strong></span> <span class='ocrx_word' id='word_1_459' title='bbox 477 5272 614 5345; x_wconf 77' lang='lat' dir='ltr'><strong>subjacet</strong></span> <span class='ocrx_word' id='word_1_460' title='bbox 625 5271 703 5328; x_wconf 84' lang='lat' dir='ltr'>binis</span> <span class='ocrx_word' id='word_1_461' title='bbox 715 5271 825 5328; x_wconf 78' lang='lat' dir='ltr'><strong>litteris</strong></span> <span class='ocrx_word' id='word_1_462' title='bbox 845 5295 881 5342; x_wconf 85' lang='grc' dir='ltr'>σο,</span> <span class='ocrx_word' id='word_1_463' title='bbox 895 5291 933 5330; x_wconf 78' lang='grc' dir='ltr'>επ</span> <span class='ocrx_word' id='word_1_464' title='bbox 1024 5270 1047 5342; x_wconf 75' lang='lat'>²)</span> <span class='ocrx_word' id='word_1_465' title='bbox 1066 5267 1136 5325; x_wconf 76' lang='lat' dir='ltr'><strong>eod.</strong></span> <span class='ocrx_word' id='word_1_466' title='bbox 1156 5265 1292 5340; x_wconf 75' lang='grc' dir='ltr'>ψεγονυῖτθ</span> <span class='ocrx_word' id='word_1_467' title='bbox 1620 5299 1621 5304; x_wconf 39' lang='lat'>1</span> 
     </span>
     <span class='ocr_line' id='line_1_40' title="bbox 188 5349 1732 5440; baseline -0.013 -20"><span class='ocrx_word' id='word_1_468' title='bbox 188 5364 244 5422; x_wconf 74' lang='lat' dir='ltr'>coi?</span> <span class='ocrx_word' id='word_1_469' title='bbox 262 5384 301 5423; x_wconf 80' lang='lat' dir='ltr'>an</span> <span class='ocrx_word' id='word_1_470' title='bbox 320 5367 345 5422; x_wconf 79' lang='grc' dir='ltr'>τί</span> <span class='ocrx_word' id='word_1_471' title='bbox 360 5383 414 5440; x_wconf 87' lang='lat' dir='ltr'>pro</span> <span class='ocrx_word' id='word_1_472' title='bbox 434 5363 520 5437; x_wconf 74' lang='grc' dir='ltr'>αύτῷθ</span> <span class='ocrx_word' id='word_1_473' title='bbox 538 5363 642 5421; x_wconf 70' lang='lat' dir='ltr'>Placet</span> <span class='ocrx_word' id='word_1_474' title='bbox 659 5362 844 5421; x_wconf 76' lang='lat' dir='ltr'><strong>adverbium.</strong></span> <span class='ocrx_word' id='word_1_475' title='bbox 1022 5359 1047 5434; x_wconf 79' lang='lat'>³)</span> <span class='ocrx_word' id='word_1_476' title='bbox 1065 5357 1204 5432; x_wconf 82' lang='lat' dir='ltr'>Reipubl.</span> <span class='ocrx_word' id='word_1_477' title='bbox 1222 5371 1251 5428; x_wconf 82' lang='lat' dir='ltr'>x,</span> <span class='ocrx_word' id='word_1_478' title='bbox 1269 5374 1297 5428; x_wconf 90' lang='lat' dir='ltr'>p.</span> <span class='ocrx_word' id='word_1_479' title='bbox 1316 5353 1378 5410; x_wconf 85' lang='grc'>312.</span> <span class='ocrx_word' id='word_1_480' title='bbox 1394 5351 1469 5408; x_wconf 54' lang='lat' dir='ltr'>Ed&amp;</span> <span class='ocrx_word' id='word_1_481' title='bbox 1482 5356 1527 5413; x_wconf 79' lang='grc' dir='ltr'>τὰς</span> <span class='ocrx_word' id='word_1_482' title='bbox 1540 5352 1584 5422; x_wconf 82' lang='grc' dir='ltr'>μέν</span> <span class='ocrx_word' id='word_1_483' title='bbox 1603 5350 1633 5409; x_wconf 83' lang='grc' dir='ltr'>δή</span> <span class='ocrx_word' id='word_1_484' title='bbox 1654 5349 1732 5410; x_wconf 83' lang='grc' dir='ltr'>δίκας.</span> 
     </span>
    </p>
   </div>
   <div class='ocr_carea' id='block_1_10' title="bbox 0 0 1999 6068">
    <p class='ocr_par' dir='ltr' id='par_1_12' title="bbox 0 0 1999 6068">
     <span class='ocr_line' id='line_1_41' title="bbox 0 0 1999 6068; baseline 0 0"><span class='ocrx_word' id='word_1_485' title='bbox 0 0 1999 6068; x_wconf 95' lang='lat' dir='ltr'> </span> 
     </span>
    </p>
   </div>
  </div>
 </body>
</html>
