4022 6072
906 468 1027 544 Sancti
1045 470 1223 544 Ραοίιοιιιῶ

1053 861 1079 926 1.

567 1074 742 1149 Ἀσκητικὴ
770 1065 910 1154 διάταξις
934 1087 989 1141 τοῦ
1013 1077 1097 1141 ὁσίου
1122 1078 1239 1167 πατρὸς
1263 1083 1353 1168 ῆμῶν
1378 1081 1561 1172 Παχωμίου,

616 1187 655 1261 ῆν
673 1183 811 1277 ἐμνήσθη
830 1189 915 1269 αύτῷ
932 1186 993 1250 ἀπὸ
1010 1195 1065 1250 τοῦ
1083 1191 1163 1251 Θεοῦ
1181 1176 1233 1250 διά
1250 1197 1305 1252 τοῦ
1322 1189 1459 1280 ἀγγέλου
1470 1187 1506 1274 ¹).

335 1401 544 1483 Ταύεννήσιύς
568 1409 636 1472 ἐστι
659 1405 753 1480 τόπος
770 1407 801 1470 ἐν
818 1413 858 1490 τῇ
878 1393 1015 1476 Θηύαίδι
1031 1403 1112 1467 ούτω
1132 1402 1333 1493 καλούμενος,
1358 1409 1388 1469 ἐν
1414 1399 1438 1488 ᾧ
1463 1405 1631 1494 Ιλαχώμιύς
1654 1431 1701 1482 τις
1724 1407 1836 1498 γέγονε

291 1519 438 1610 μοναχδς,
457 1517 535 1607 ἀνὴρ
559 1526 621 1580 τῶν
647 1519 688 1590 είς
713 1513 809 1603 άκραν
835 1512 953 1578 εύθείαν
978 1503 1049 1576 ὁδὀν
1064 1509 1089 1593 ’)
1116 1504 1308 1595 βεύηκύτων,
1325 1517 1365 1589 ὡς
1390 1505 1623 1589 καταξιωθῆναι
1647 1525 1759 1608 τοῦτον
1783 1517 1838 1580 καὶ

288 1629 485 1719 προρρήσεων
508 1626 562 1690 καί
587 1629 744 1689 ὁπτασιῶν
769 1625 956 1714 άγγελικῶν.
983 1615 1080 1696 Ούτος
1103 1617 1145 1696 εἷς
1170 1620 1249 1711 άγαν
1277 1621 1400 1712 ἐγένετο
1425 1621 1625 1711 φιλύπτωχος
1649 1622 1702 1687 καί
1726 1627 1837 1712 φιλάν-

256 1758 258 1762 ’
290 1736 409 1827 θρωπος
433 1735 487 1800 καὶ
511 1731 687 1824 συμπαθής.

335 1838 541 1932 Καθεζομένῳ
566 1837 617 1906 οὖν
643 1844 728 1922 αύτῷ
752 1843 783 1904 ἐν
807 1849 852 1920 τῷ
877 1840 1024 1921 σπηλαίῳ
1048 1836 1135 1927 ὤφθη
1162 1841 1247 1919 αύτῷ
1264 1835 1397 1928 άγγελος
1422 1840 1533 1928 Κυρίου
1556 1839 1610 1902 καί
1632 1839 1718 1930 λέγει
1740 1843 1835 1922 αὐτῷ’

289 1951 452 2041 Παχώριιε,
476 1949 564 2039 τάχα
588 1947 629 2013 τά
652 1946 737 2012 κατά
762 1947 877 2011 σαυτέν
902 1944 1103 2036 κατορθώσας
1125 1955 1289 2034 περιττῶς,
1312 1939 1427 2023 καθέζη
1455 1950 1485 2009 ἐν
1515 1957 1560 2029 τῷ
1584 1949 1698 2030 κελλίῳ
1721 1947 1836 2030 τούτῳ.

291 2068 383 2149 Δεῦρο
396 2060 510 2134 τοίνυν,
524 2051 669 2139 ἐξελθὼν,
683 2056 842 2145 συνάγαγε
855 2054 976 2130 πάντας
993 2054 1064 2129 τούς
1080 2056 1246 2141 νεωτέρους
1260 2052 1415 2143 μοναχούς
1428 2054 1481 2118 καί
1494 2056 1620 2128 οίκησον
1635 2062 1704 2142 μετ’
1721 2059 1835 2143 αὐτῶν,

289 2167 343 2233 καί
366 2165 451 2232 κατὰ
474 2167 529 2231 τ“ον
554 2165 661 2243 τύπον,
687 2165 719 2231 δν
745 2155 912 2253 διαδίδωμί
936 2187 993 2248 σοι,
1019 2164 1116 2239 ούτως
1141 2161 1252 2238 αύτούς
1276 2161 1497 2251 νομοθέτησον.

333 2276 394 2341 Καί
416 2266 552 2340 ἐπέδωκε
569 2277 654 2358 αύτῷ
671 2265 781 2340 δέλτον
806 2277 932 2363 χαλκῆν
949 2276 981 2337 ἐν
998 2279 1016 2358 ᾐ
1035 2271 1213 2362 ἐγέγραπτο
1230 2281 1342 2335 ταῦτα’
1367 2272 1585 2360 Συγχωρήσεις
1601 2269 1725 2354 ἑκάστῳ
1749 2270 1835 2336 κατά

289 2382 348 2454 τὴν
374 2373 503 2471 δύναμιν
528 2383 581 2448 καὶ
605 2394 713 2472 φαγεῖν
738 2383 791 2446 καί
814 2393 905 2459 πιεῖν,
929 2380 1080 2469 καὶπρὸς
1105 2377 1162 2454 τάς
1186 2369 1330 2465 δυνάμεις
1347 2387 1410 2442 τῶν
1426 2377 1592 2444 ἐσθιόντων
1614 2379 1756 2471 άνάλογα
1780 2379 1836 2443 καὶ

289 2491 330 2557 τά
354 2493 430 2582 ἔργα
454 2486 647 2582 ἐγχειρίζειν.
671 2530 716 2540 -
739 2491 801 2555 Καί
825 2490 908 2578 μήτε
931 2500 1101 2562 νηστεῦσαι
1124 2487 1282 2563 κωλύσεις,
1308 2487 1392 2577 μήτε
1416 2499 1535 2578 φαγεῖν·
1559 2489 1642 2552 ούτω
1663 2489 1770 2574 μέντοι
1794 2486 1836 2552 τά

291 2599 401 2689 ἰσχυρά
417 2611 481 2676 τοῖς
501 2606 646 2689 ἰσχυροῖς,
662 2599 715 2662 καὶ
731 2593 884 2689 ἐγχείριζε
908 2601 985 2688 ἔργα
1002 2595 1043 2661 τά
1060 2595 1157 2660 ἄτονα
1174 2596 1228 2659 καὶ
1244 2594 1363 2686 ἐλαφρά
1379 2607 1444 2672 τοῖς
1464 2597 1766 2687 ἀνασκητικωτέροις
1783 2595 1838 2661 καὶ

290 2705 530 2795 ἀσθενεστέροις.
555 2707 755 2777 -Ποίησον
780 2697 814 2770 δέ
837 2691 1144 2794 κέλλαςδιαφύρους
1170 2707 1200 2768 ἐν
1225 2714 1266 2787 τῇ
1297 2706 1390 2789 αὐλῇ,
1415 2704 1469 2768 καί
1491 2715 1573 2795 τρεῖς
1605 2704 1688 2770 κατά
1719 2705 1836 2770 κέλλαν

289 2815 476 2904 μενέτωσαν.
501 2852 545 2864 -
569 2815 604 2877 ‘11
629 2805 662 2878 δέ
684 2813 784 2902 τροφὴ
809 2813 937 2878 πάντων
962 2814 1021 2876 ὑπὸ
1045 2813 1098 2876 ἕνα
1127 2807 1209 2876 οἶκον
1242 2805 1442 2890 ἐξεταζέσθω.
1469 2851 1510 2862 -
1535 2803 1779 2879 Καθευδέτωσαν
1804 2804 1837 2878 δέ

288 2922 331 3010 μὴ
358 2921 595 3010 άνακλινύμενοι
608 2918 645 3005 3),
663 2919 747 2984 άλλά
771 2921 895 3012 θρόνους
910 2909 1136 3007 οἰκοδομητούς
1153 2921 1361 3011 ύπτιωτέρους
1378 2923 1598 3007 πεποιηκότες,
1622 2923 1675 2987 καὶ
1698 2922 1835 3000 ἐνθέντες

220 3065 221 3070 1
290 3033 355 3095 ἐκεῖ
376 3027 418 3094 τά
443 3029 615 3117 στρώματα
639 3033 760 3093 ἑαυτῶν
784 3021 1022 3094 καθευδέτωσαν
1054 3027 1234 3116 καθήμενοι.
1260 3067 1304 3077 -
1326 3030 1526 3119 Φορείτωσαν
1552 3023 1585 3096 δὲ
1617 3035 1648 3096 ἐν
1679 3041 1748 3108 ταῖς
1772 3025 1838 3108 νυξὶ

288 3132 458 3212 λεύιτῶνας
473 3135 500 3221 ⁴)
524 3138 625 3214 λινούς
649 3134 825 3229 ἐζωσμένοι.
846 3136 1055 3212 -Ἔκαστος
1081 3125 1114 3200 δέ
1138 3139 1240 3200 αύτῶν
1264 3135 1364 3224 ἐχέτω
1382 3136 1538 3225 μηλωτῆν
1564 3137 1684 3228 αίγείαν
1708 3133 1841 3228 ἐργαζο-

288 3247 395 3336 μένην,
418 3245 545 3318 λευκήν·
570 3246 663 3337 χωρίς
688 3239 721 3311 δέ
746 3251 844 3321 αὐτῆς
869 3237 950 3335 μηδὲ
973 3243 1170 3320 ἐσθιέτωσαν,
1196 3235 1277 3333 μηδὲ
1297 3238 1545 3314 καθευδέτωσαν.
1562 3281 1605 3296 -·-
1622 3247 1778 3321 Είσιόντες
1803 3237 1837 3310 δέ

289 3361 331 3430 είς
355 3353 415 3424 τῆν
440 3354 600 3418 κοινωνίαν
624 3361 688 3417 τῶν
713 3355 892 3443 μυστηρίων
908 3361 963 3417 τοῦ
983 3357 1114 3442 Χριστοῦ
1132 3345 1292 3418 σάύύατον
1310 3352 1364 3416 καί
1387 3352 1548 3442 κυριακὴν,
1565 3352 1622 3430 τάς
1645 3348 1743 3432 ζώνας
1768 3354 1838 3420 λυέ-

288 3487 393 3528 τωσαν
417 3462 471 3526 καί
495 3461 554 3534 τῆν
579 3460 727 3550 μελωτὴν
752 3458 1024 3538 ἀποτιθέσθωσαν,
1050 3460 1113 3546 [καί
1138 3459 1231 3548 μετά]
1258 3463 1444 3526 κουκουλίου
1469 3462 1563 3550 μύνου
1594 3463 1770 3530 είσίτωσαν,
1793 3500 1838 3510 -

291 3571 467 3636 Κουκούλια
484 3561 518 3636 δὲ
535 3573 639 3645 αύτοϊς
657 3569 813 3635 ἐτύπωσεν
831 3568 961 3658 ἄμαλλα
975 3567 1011 3651 ⁵),
1029 3573 1069 3643 ὡς
1084 3560 1229 3654 παιδίοις,
1247 3573 1278 3634 ἐν
1296 3567 1338 3646 οἷς
1356 3571 1408 3634 καὶ
1426 3570 1590 3660 καυστῆρά
1609 3595 1680 3636 τινα
1704 3581 1836 3660 σταυροῦ

290 3672 510 3769 διαπορφυρίου
540 3679 684 3743 ἐκέλευσε
700 3677 823 3752 τούτοις
840 3674 1036 3762 ἐντίθεσθαι).
1051 3714 1091 3723 -
1104 3674 1268 3741 Ἐκέλευσε
1286 3667 1319 3741 δέ
1336 3677 1571 3766 εἰκοσιτέσσαρα
1587 3676 1742 3768 τάγματα
1758 3672 1835 3743 εἶναι

288 3799 351 3853 τῶν
376 3779 518 3876 ἀδελφῶν
542 3785 627 3851 κατά
651 3787 706 3852 τὸν
731 3783 861 3876 ἀριθμὸν
885 3794 947 3849 τῶν
972 3783 1231 3874 εἰκοσιτεσσάρων
1262 3785 1469 3874 γραμμάτων.
1493 3821 1537 3834 -
1560 3785 1620 3849 Καὶ
1643 3778 1832 3874 προσέταξεν

289 3894 413 3977 ἑκάστῳ
437 3894 582 3987 τάγματι
606 3895 706 3982 ὄνομα
729 3891 861 3966 τεθῆναι
878 3901 1031 3980 στοιχεῖον
1050 3892 1111 3957 άπέ
1127 3902 1182 3957 τοῦ
1200 3898 1223 3956 οῖ
1240 3879 1401 3976 msam?
1424 3902 1486 3958 τῶν
1511 3892 1582 3958 καθ’
1607 3887 1678 3971 ἑξῆς
1702 3894 1757 3970 ἕως
1781 3904 1836 3958 τοῦ
1897 3961 1900 3970 ,

289 4009 318 4070 οῖ
343 4003 492 4095 μεγάλου·
517 4004 567 4068 ίνα
590 4007 621 4068 ἐν
646 4011 690 4084 τῷ
715 4006 874 4090 ἐπερωτᾶν
898 4000 950 4064 καί
974 4004 1236 4091 φιλοπραγμονεῖν
1260 4003 1315 4064 τέν
1333 3992 1583 4091 άρχιμανδρίτην
1600 4004 1669 4092 περί
1687 4020 1770 4077 τινος
1794 4007 1836 4077 είς

289 4122 437 4176 τοσοῦτον
460 4111 590 4188 πλῆθος,
615 4116 715 4201 ἐρωτᾶ
739 4111 793 4174 τὸν
819 4101 961 4198 δεύτερον
986 4113 1081 4175 αὐτοῦ
1105 4119 1170 4185 πῶς
1194 4112 1260 4198 ἔχει
1283 4110 1321 4175 τ“ο
1344 4109 1456 4201 τάγμα
1476 4112 1513 4174 τὸ
1530 4109 1591 4183 {fi
1618 4119 1682 4186 πῶς
1705 4113 1772 4200 ἔχει
1797 4111 1835 4174 τέ

289 4213 318 4298 ζ’
331 4217 367 4307 ⁸),
383 4219 478 4285 πάλιν
496 4219 634 4284 άσπασαι
650 4220 688 4284 τέ
708 4219 741 4308 ρ’,
758 4211 826 4302 ἱδίῳ
845 4243 906 4282 τινι
924 4220 1055 4306 σημείῳ,
1073 4221 1214 4309 ὀνόματα
1235 4219 1431 4311 γραμμάτων
1448 4218 1700 4296 ἀκολουθοῦντες.
1717 4258 1759 4269 -
1777 4218 1838 4284 Καὶ

289 4339 356 4404 τοῖς
381 4327 435 4416 μέν
461 4329 683 4416 ἁπλουστέροις
707 4327 760 4390 καί
784 4326 1009 4416 άκεραιοτέροις
1031 4326 1189 4405 ἐπιθήσεις
1205 4329 1242 4394 τὸ
1268 4333 1357 4412 ἰῶτα,
1373 4339 1439 4404 τοῖς
1464 4320 1497 4394 δέ
1521 4319 1760 4420 δυσχερωτέροις
1784 4328 1838 4392 καὶ

290 4433 507 4525 σκολιωτέροις
531 4429 716 4522 προστάξεις
740 4435 777 4498 τέ
796 4427 834 4518 ξ’,
849 4434 903 4498 καί
919 4436 1017 4510 ούτως
1034 4439 1106 4498 κατ’
1125 4435 1295 4525 ἀναλογίαν
1312 4445 1370 4510 τῆς
1387 4433 1614 4510 καταστάσεως
1638 4444 1701 4500 τῶν
1724 4459 1834 4524 προαι·

293 4543 403 4634 ρέσεων
427 4543 566 4608 καὶτῶν
591 4543 715 4634 τρόπων
738 4543 878 4608 καὶτῶν
911 4545 983 4628 βίων
1007 4541 1132 4628 ἑκάστῳ
1156 4541 1301 4633 τάγματι
1324 4543 1362 4607 τέ
1387 4553 1542 4633 στοιχεῖον
1567 4553 1622 4608 τοῦ
1650 4542 1837 4635 γράμματος

327 4775 349 4850 ¹)
366 4775 412 4832 Ex
425 4775 489 4832 cod.
503 4773 530 4830 S.
545 4773 722 4831 catharinae
734 4773 912 4846 Patroburg.
925 4771 977 4830 fol.
990 4773 1034 4828 98.
1123 4775 1148 4849 ⁴)
1167 4774 1340 4848 Hieronym.
1366 4781 1387 4830 ί.
1406 4791 1446 4848 11,
1466 4777 1508 4848 54,
1535 4779 1649 4833 Patrol.
1669 4779 1719 4833 lac.
1747 4793 1835 4850 xxm,

290 4863 334 4921 cf.
348 4862 478 4920 Palladii
489 4879 551 4936 cap.
563 4877 692 4920 xxxvzu.
702 4865 817 4920 Patrol.
830 4869 851 4919 ί.
862 4879 966 4935 xxxav,
979 4862 1034 4919 ool.
1088 4865 1142 4922 ool.
1158 4865 1207 4922 65:
1227 4866 1444 4923 ‹Lebitoaam'a
1457 4867 1547 4939 (quod
1562 4866 1720 4940 Aegyptiis
1738 4884 1837 4924 mona·

291 4953 370 5010 1099.
388 4955 503 5010 Ραίνοί.
522 4955 573 5010 lat.
592 4967 694 5024 mlv,
714 4955 768 5010 ool.
787 4955 849 5022 296.
1088 4953 1152 5010 ohis
1171 4971 1268 5026 genua
1287 4953 1460 5010 vestimenti
1479 4959 1533 5024 ast,
1554 4954 1617 5011 sine
1636 4954 1771 5028 manicis)
1782 4975 1807 5012 ».

325 5045 349 5119 ²)
366 5043 441 5099 Pall.
462 5045 494 5104 τίς
508 5044 635 5094 πολιτείαν
650 5039 803 5107 βιύιωκὸτων
817 5040 860 5099 sio
871 5042 969 5099 multa
986 5060 1036 5100 va·
1124 5043 1148 5116 ⁵)
1167 5043 1237 5100 God.
1257 5046 1381 5114 ύιλλαλλα,
1400 5061 1471 5100 mox
1488 5043 1564 5100 Pall.
1581 5049 1722 5115 καυστῆράς
1742 5065 1818 5106 τινας.

288 5130 376 5200 ῐὶαηύ,
398 5135 518 5188 tantum
534 5129 702 5203 insigniora
719 5136 868 5189 notentur.
1123 5133 1145 5204 ⁶)
1162 5133 1237 5189 PalL
1257 5138 1284 5187 τέ
1306 5134 1372 5198 βῆτα
1391 5139 1466 5186 πάλιν
1485 5138 1597 5186 άσπασαι
1609 5139 1637 5188 τὸ
1652 5137 1694 5205 φῶ,
1714 5137 1770 5206 ἰδίῳ
1790 5157 1836 5189 τινι

325 5221 348 5294 ³)
361 5220 437 5278 Pall.
450 5224 634 5294 άνακρινόμενοι
646 5221 795 5290 mendose,
808 5221 902 5279 latine
913 5237 974 5279 non
991 5239 1035 5280 re·
1089 5227 1185 5296 σημείῳ
1205 5225 1324 5294 ὀνόματος
1343 5229 1501 5298 γραμμάτων
1522 5229 1717 5288 ἀκολουθοῦντος.

289 5311 464 5383 cumbam,
482 5310 617 5370 Ηοτνοεο
635 5311 805 5384 interprete.
