4022 6072
848 514 887 586 ιἰι
900 512 1063 604 pertusos.

612 926 640 967 ν.
668 905 718 968 10.
744 901 793 964 'liu
819 912 863 986 τῷ
889 905 970 990 φωτί
994 927 1048 966 σου
1073 899 1212 992 <idipsis
1237 913 1309 991 φῶς,

632 1012 698 1095 ,Iu
722 1011 842 1078 licutino
866 1019 919 1079 tuo
942 1014 1121 1079 videbimus
1143 1015 1259 1079 irenen.

227 1231 297 1298 Φῶς
323 1216 356 1289 δὲ
380 1224 416 1290 τὸ
434 1229 560 1312 Πνεῦμα
576 1224 716 1314 λέγεται,
734 1214 785 1288 dmi
809 1221 846 1290 τὸ
870 1233 930 1288 πά-

184 1357 240 1396 σαν
257 1331 384 1424 ἀγνοιαν
401 1333 455 1396 καὶ
472 1332 595 1406 πλάνην
612 1332 751 1397 ἐλαύνειν
767 1335 802 1396 ὲκ
817 1342 926 1396 πασῶν

183 1437 230 1518 αἷς
255 1440 289 1506 ἀν
314 1444 483 1533 ἐγγένηται
507 1438 632 1530 ψυχαῖς.

1029 1229 1150 1293 Lumen
1174 1228 1291 1294 dicitur
1315 1228 1454 1313 Spiritus
1486 1235 1631 1310 sanctus,
1656 1229 1731 1314 quie

984 1337 1118 1422 dissipet
1135 1359 1261 1402 omnem
1278 1331 1479 1405 insiientium
1492 1344 1525 1405 ct
1541 1362 1680 1407 errorem
1693 1364 1731 1406 ex

981 1445 1130 1511 omnibus
1156 1445 1322 1510 animabus
1346 1447 1378 1510 in
1403 1469 1482 1531 ques
1497 1447 1677 1512 infunditur
1695 1444 1732 1531 ¹),

771 1766 968 1835 PSALMUS
992 1768 1141 1834 XXXVI.

205 2009 234 2051 τ.
259 1987 312 2052 25.
337 1987 401 2050 Οὐκ
425 1976 505 2050 εἶδον
530 1975 648 2048 δίκαιον
673 1985 998 2077 ἐγκαταλελειμμένον,
1025 1978 1095 2051 οῦδὲ
1119 1986 1156 2051 τὸ
1180 1986 1303 2076 σπέρμα
1328 1989 1424 2052 αὐτοῦ
1448 1980 1562 2064 ζητοῦν
1587 1987 1707 2077 ἄρτους.

385 2097 461 2162 Non
484 2098 553 2164 cidi
570 2099 696 2180 justum
721 2098 914 2194 derelicturos,
938 2119 994 2164 nec
1017 2119 1122 2164 serron
1146 2099 1215 2181 ejus
1237 2119 1393 2182 quaer-cns
1410 2120 1530 2182 ponem

222 2313 355 2402 ’.λρτονς
372 2313 507 2378 ἐνταῦθα
520 2314 538 2386 ἢ
553 2315 624 2390 τοὺς
637 2315 767 2392 νοητοὺς
783 2318 859 2405 φησὶ
872 2327 931 2393 τῆς

186 2423 372 2511 φρονήσεως,
397 2427 509 2500 οἵτινες
527 2426 585 2488 εἰσί
601 2431 681 2492 Θεοῦ
698 2425 799 2515 λόγοι,
814 2426 833 2497 ἢ
858 2426 930 2501 τοὺς

189 2529 365 2614 αἰσθητοὺς,
384 2527 426 2605 οἷς
444 2533 480 2594 τὸ
499 2541 588 2622 σῶμα
604 2533 760 2622 τρέφεται,
786 2537 857 2598 ἀλλ’
876 2537 931 2599 οὐκ

187 2638 223 2704 ἀν
234 2639 304 2728 περὶ
316 2637 472 2710 αἰσθητῶν
487 2640 588 2729 ἀρτων
603 2635 685 2705 εἷπεν
698 2645 713 2704 ὁ
728 2631 815 2716 sidcis
827 2643 930 2704 ’[Ιλίαν

185 2741 374 2825 ζητήσαντα
399 2746 492 2837 ἄρτον
509 2747 594 2836 παρά
610 2759 668 2824 τῆς
694 2739 852 2831 Σιθωνίας,
878 2747 932 2812 καί

185 2853 222 2918 τὸ
247 2854 370 2942 σπέρμα
395 2847 508 2918 ’lesui
533 2864 588 2920 τοῦ
613 2846 835 2940 θικαιωτάτον,
861 2879 933 2920 του-

185 2961 274 3026 τέστι
298 2960 369 3038 τοὺς
393 2952 508 3036 παῑθας
524 2953 725 3039 καταθάντας
750 2968 791 3038 είς
816 2965 933 3054 Αἴγυπ-

186 3093 241 3136 τον
265 3070 366 3160 ἀρτων
391 3071 501 3136 ἕνεκεν·
528 3071 610 3136 ἀλλά
626 3074 696 3162 περὶ
713 3085 769 3150 τῆς
794 3097 933 3162 πνευμα-

186 3189 276 3254 τικῆς
293 3179 378 3267 λέγει
395 3189 511 3268 τροφῆς
526 3176 562 3264 ’),
580 3181 643 3245 καθ
663 3181 734 3254 ἣνὸ
759 3184 818 3246 ἔσω
842 3185 931 3270 ἡμῶν

187 3285 344 3375 ἅνθρωπος
368 3290 557 3369 τελειοῦται,
575 3289 656 3353 ὥστε
674 3287 716 3375 μὴ
735 3287 790 3353 τὸν
808 3299 875 3352 νοῦν
901 3292 932 3352 ἐν

186 3406 227 3480 τῇ
254 3396 385 3483 ἀτροφίᾳ
410 3405 472 3458 τῶν
499 3406 557 3471 τῆς
590 3395 739 3471 ἀληθείας
764 3387 931 3486 δογμάτων

186 3501 408 3592 λιμαχοῦσθαι,
425 3501 492 3566 καθ’
511 3503 526 3568 'd
544 3506 675 3592 εἴρηται·
689 3507 732 3568 Οὐ
745 3505 933 3594 λιμαγχόνει

186 3611 294 3702 Κύριος
308 3610 409 3700 ψνχάς
423 3604 549 3677 θικαίων
561 3611 599 3693 ³).
617 3618 652 3676 Ei
668 3613 728 3704 γὰρ
740 3613 810 3702 περὶ
828 3637 933 3701 σωμα-

186 3728 275 3783 τικοῦ
300 3722 392 3808 λιμοῦ
410 3720 510 3809 ἔλεγε,
528 3718 663 3808 σώματα
681 3719 716 3784 ἀν
733 3714 798 3785 εἶπε
822 3724 934 3810 λιμοκ-

187 3823 355 3908 τονεῖσθαι,
376 3826 430 3889 καί
445 3829 479 3890 οῦ
497 3822 607 3914 ψυχάς·
627 3827 708 3890 οὕτω
733 3818 761 3890 θ’
787 3821 825 3890 αὖ
849 3829 934 3890 ἐναν-

187 3937 289 4022 τίωμα
303 3930 341 4008 ἦν
354 3933 428 4023 πρὸς
440 3933 494 3998 τὸν
508 3943 571 3997 τῶν
586 3935 744 4024 μακαρίων
760 3936 836 4018 βίον,
849 3937 933 4024 εἴπερ

189 4043 307 4117 Παῦλος
333 4041 387 4128 μὲν
404 4046 518 4116 ἐντοῖς
535 4043 736 4129 καοχήμασιν
758 4031 935 4130 ’ἀπαριθμεῖ

187 4148 224 4212 τὸ
248 4150 278 4213 ἐν
301 4149 458 4222 νηστείαις
482 4147 634 4222 πολλάκις
659 4146 771 4212 καὶτὸ
795 4151 826 4212 ἑν
851 4149 933 4233 λίμῳ

187 4257 241 4320 καί
255 4247 380 4344 θίψεύ)Ι
393 4255 448 4320 τὸν
466 4246 499 4320 δὲ
513 4254 604 4343 λιμὸν
622 4255 797 4344 ἀπεύχεται
812 4265 874 4329 τοῖς
889 4245 933 4316 δι-

188 4365 286 4438 καίοις
302 4367 321 4436 ἡ
339 4363 456 4453 γραφλ,
474 4364 556 4429 ὥστε
571 4363 694 4450 βέλτιον
709 4362 829 4427 τούτων
843 4363 934 4426 ἕκασ-

188 4494 242 4535 τον
259 4470 343 4536 κατὰ
360 4471 415 4536 τὸν
432 4468 623 4560 ὑψηλότερον
640 4473 709 4562 περὶ
725 4463 840 4547 ἐνθείας
865 4480 932 4534 νοῦν

188 4570 353 4654 ἐξακούειν.
374 4577 446 4642 'Edu
464 4577 523 4669 γάρ
541 4578 685 4669 φύγωμεν
704 4579 762 4648 τήν
783 4579 932 4649 ταπείνην

188 4685 318 4764 ἔννοιαν,
335 4686 388 4748 καὶ
405 4689 424 4757 ἡ
444 4689 474 4749 ἑν
491 4696 556 4760 τοῖς
573 4690 798 4776 ἐναντιώμασιν
816 4685 933 4749 ἀτοπία

188 4783 479 4875 συνθιαλυθήσεται,
493 4795 546 4858 καί
560 4795 730 4884 εὑρήσομεν
744 4792 869 4870 ἀληθὲς,
883 4795 932 4857 ὅτι

225 4988 248 5061 ¹)
272 4987 414 5045 Similiter
439 4988 571 5046 Basilius
596 4989 627 5044 in
649 4987 724 5045 libro
753 4990 795 5045 De
814 4990 937 5060 &Spiritu

187 5080 291 5134 sancio
310 5077 343 5150 (θ.
363 5091 395 5135 1V
414 5079 468 5134 col.
489 5077 541 5133 153
560 5077 612 5148 B):
632 5079 673 5128 Ἐν
690 5081 723 5148 'd
740 5081 804 5150 φωτί
819 5099 861 5130 σου
881 5084 936 5129 κτλ·

189 5169 302 5220 seusium
321 5170 343 5221 ίν
357 5171 393 5238 τῷ
409 5171 528 5238 percepti
544 5171 586 5219 τοῦ
601 5170 742 5240 dissipato:
758 5171 809 5239 φῶς
828 5173 854 5221 τί
875 5171 936 5223 ἀλη-

187 5261 276 5312 οινῦν...
295 5256 352 5314 hoc
371 5263 419 5313 est
436 5258 467 5314 ιἰι
485 5259 684 5314 illustratione
705 5259 837 5328 Spiritus
856 5260 932 5314 vide·

189 5347 286 5404 bimur
305 5348 405 5403 lumen
422 5363 527 5404 oerum
546 5350 601 5402 etc.

1029 2317 1092 2383 Hic
1119 2339 1215 2400 penes
1243 2315 1289 2381 uit
1315 2315 1367 2381 sel
1389 2316 1572 2400 spirituales
1596 2318 1730 2402 sapien-

987 2425 1060 2507 tiae,
1077 2426 1131 2510 qui
1150 2429 1225 2490 sunt
1239 2425 1299 2490 Dei
1322 2425 1458 2510 eloquis,
1475 2425 1526 2491 vel
1543 2449 1640 2510 panes
1660 2449 1733 2492 seu·

986 2533 1073 2598 sibus
1090 2532 1209 2611 obuios,
1226 2533 1343 2618 quibus
1360 2555 1475 2616 corpus
1499 2534 1652 2599 nutritur.
1670 2533 1732 2600 Sed

986 2643 1025 2708 de
1048 2631 1195 2716 sensuum
1219 2643 1357 2726 panibus
1373 2665 1436 2708 non
1454 2642 1579 2709 locutus
1603 2643 1733 2728 estqui

986 2751 1102 2817 viderit
1129 2750 1233 2816 Elium
1263 2749 1347 2834 apud
1381 2749 1542 2816 Sidoniam
1567 2750 1733 2816 mulierem

986 2863 1193 2944 quaerentem
1217 2881 1344 2942 punem,
1362 2862 1396 2925 et
1419 2881 1527 2924 semen
1550 2859 1650 2925 Jscob
1671 2861 1737 2944 jus·

986 2967 1111 3048 tissimi,
1135 2965 1256 3034 scilicet
1279 2967 1347 3050 ejus
1381 2965 1463 3032 filios
1486 2965 1519 3030 in
1550 2965 1735 3050 Aegyptum

987 3075 1208 3141 descendentes
1225 3077 1358 3158 propter
1380 3095 1497 3158 panes;
1514 3073 1568 3138 sed
1591 3072 1734 3156 loquitur

987 3185 1026 3250 de
1050 3182 1211 3268 spirituali
1228 3182 1386 3263 alimonie,
1404 3205 1467 3267 qua
1482 3182 1617 3247 interior
1638 3181 1733 3247 homo

987 3294 1096 3357 noster
1119 3292 1275 3370 reficitur,
1299 3291 1346 3355 ite
1376 3294 1413 3355 ut
1443 3311 1532 3356 mens
1560 3310 1623 3354 non
1653 3312 1732 3354 esu·
1772 3377 1774 3384 Ι

987 3399 1051 3463 riat
1074 3419 1108 3463 ex
1133 3397 1258 3463 defectu
1283 3397 1501 3464 doctrinarum
1526 3396 1680 3477 veritatis,
1695 3396 1736 3461 si·

988 3509 1043 3570 out
1060 3505 1260 3570 dictumest:
1279 3506 1292 3536 ⁸
1307 3503 1463 3569 Dominus
1479 3525 1542 3569 non
1557 3503 1641 3568 seme
1659 3525 1732 3587 pre·

989 3612 1048 3677 mit
1065 3611 1186 3676 enimes
1199 3612 1361 3694 justorum
1378 3625 1406 3690 „.'
1421 3610 1469 3676 De
1486 3611 1570 3676 ieme
1581 3632 1734 3695 corpores

989 3723 1015 3787 si
1039 3721 1234 3805 loqueretur,
1258 3719 1389 3784 dixisset
1408 3740 1552 3803 corpore,
1576 3740 1640 3784 uon
1663 3719 1731 3785 sui·

989 3853 1056 3895 mus
1073 3829 1201 3895 esurire.
1219 3826 1271 3894 Sic
1288 3831 1395 3893 tumen
1413 3851 1524 3894 rursus
1538 3829 1734 3895 contrarium

988 3941 1058 4003 erut
1073 3937 1106 4002 in
1130 3935 1196 4000 vite
1218 3939 1411 4014 sanctorum,
1435 3935 1591 4020 siquidem
1613 3935 1732 4002 Paulus

987 4047 1021 4112 in
1044 4047 1083 4112 iis
1099 4045 1137 4111 de
1153 4045 1269 4130 quibus
1286 4035 1456 4129 glorietur,
1477 4048 1636 4111 recenset:
1665 4048 1678 4078 ⁸
1697 4045 1731 4110 in

984 4153 1115 4238 jejuniis
1127 4152 1316 4235 frequenter
1333 4155 1365 4216 et
1381 4150 1414 4214 in
1425 4149 1510 4216 farne
1521 4155 1554 4215 et
1565 4150 1618 4216 siti
1631 4199 1657 4229 ,.
1672 4149 1733 4216 Sed

988 4260 1105 4325 famem
1130 4258 1297 4342 Scriptura
1317 4257 1413 4341 justis
1444 4257 1616 4336 interdicit,
1648 4256 1731 4322 uude

988 4369 1087 4434 satius
1109 4370 1158 4433 cst
1186 4366 1285 4431 serbe
1315 4365 1496 4449 hujusmodi
1525 4363 1653 4450 singula
1682 4385 1733 4429 re·

988 4473 1070 4540 serre
1082 4473 1122 4539 nd
1137 4471 1354 4538 sublimiorem
1368 4471 1407 4536 de
1425 4471 1508 4537 ferne
1524 4471 1732 4538 intellectum.

987 4583 1123 4648 Remota
1146 4578 1231 4645 enim
1254 4576 1368 4642 humili
1391 4577 1665 4662 interpretatione,
1682 4577 1732 4642 in-

988 4688 1191 4754 cohaerentia
1213 4688 1247 4753 in
1269 4687 1374 4754 verbis
1399 4685 1566 4753 contrariis
1598 4684 1733 4769 dissipa·

988 4797 1085 4876 bitur,
1110 4799 1143 4860 et
1158 4817 1269 4860 rerum
1290 4795 1496 4875 inveniemus,
1512 4791 1632 4858 scilicet
1647 4791 1733 4875 quod

1029 4987 1051 5059 ²)
1071 4987 1114 5043 cf.
1127 4986 1218 5042 Besil.
1232 4990 1253 5042 t.
1267 5002 1304 5042 111
1316 4985 1369 5042 col.
1384 4986 1444 5056 197,
1459 4987 1490 5040 et
1501 4983 1555 5040 col.
1570 4983 1647 5040 1425.
1667 4982 1734 5038 Ple·

990 5094 1115 5153 rumqus
1134 5075 1284 5134 sententie
1301 5075 1463 5133 recurritis
1484 5077 1594 5146 παρόδῳ,
1609 5072 1663 5130 sed
1680 5070 1734 5128 mi·

989 5168 1069 5224 nime
1088 5164 1326 5224 commentarius.

1026 5254 1050 5328 ³)
1069 5254 1157 5311 Prov.
1176 5269 1204 5324 x,
1223 5253 1250 5309 8.

1025 5344 1049 5417 ⁴)
1068 5359 1092 5400 11
1111 5341 1176 5399 Gor.
1196 5360 1237 5413 κε,
1256 5343 1299 5398 27.
