4022 6072
877 531 1061 623 Fspitimia.
1691 537 1744 594 109

238 705 276 781 ς’.
295 708 333 770 Εἴ
346 730 392 782 τις
410 700 560 798 γογγύζει
580 710 610 771 ἐν
629 715 674 788 τῷ
691 705 826 794 καμάτῳ
842 715 905 770 τῶν
923 708 1019 797 ἔργων
1036 705 1055 778 ἢ
1075 715 1132 781 τῆς
1150 697 1317 780 διακονίας,
1342 705 1361 777 ἢ
1380 706 1526 794 ὁμιλήσει
1542 716 1583 791 τῇ
1607 707 1741 778 πλησίον

195 813 277 905 μετά
301 824 438 904 κραυγῆς
463 812 482 886 ή
509 813 638 902 θράσους
662 815 807 898 λαλήσει,
832 809 1021 904 ἀροριζέσθω
1045 804 1208 902 ἑθδομάδα
1233 815 1317 902 μίαν.

238 915 276 1000 ζ’.
300 924 337 986 Εἴ
358 946 404 998 τις
429 922 540 987 έννεύει
564 921 753 1010 όρθαλμούς,
771 923 789 994 ἢ
810 924 964 1012 σχήματα
987 933 1071 987 ποιεῖ
1092 920 1232 1012 πορνικά,
1258 921 1337 994 ήτά
1355 927 1397 998 είς
1414 921 1516 994 λύπην
1541 933 1599 999 τῆς
1624 922 1744 1013 ὁρώσης

196 1029 380 1120 εύτράιτηλα
405 1029 459 1094 καί
481 1029 609 1119 γέλωτα
633 1031 753 1120 ἀτερπῆ
779 1029 991 1122 φθεγγομένη,
1016 1025 1205 1120 ἀροριζέσθω
1229 1021 1392 1120 έόδομοίδα
1416 1032 1500 1120 μίαν.

238 1139 281 1212 η’.
306 1141 344 1202 Εἴ
364 1165 412 1215 τις
437 1133 698 1226 καλλωπίζομένη
726 1137 807 1226 μετά
830 1140 906 1226 μίαν
931 1138 984 1202 καί
1007 1128 1154 1226 δευτέραν
1179 1136 1338 1202 νουθεσίαν
1363 1136 1501 1228 ροραθῇ,
1526 1131 1743 1246 ξηροραγείτω

194 1248 247 1311 καί
270 1249 436 1337 μετανοίας
463 1248 610 1331 βαλλέτω
636 1247 753 1336 ἡμέρας
778 1245 869 1310 ἑπτά.

239 1353 275 1420 θ’.
300 1358 339 1420 Εί
358 1380 405 1432 τις
430 1357 604 1446 εὑρίσκοιτο
627 1348 826 1447 γογγύζουσα
843 1357 874 1419 έν
891 1365 931 1441 τῇ
951 1355 1142 1444 στενοχωρίᾳ
1157 1363 1220 1418 τῶν
1237 1354 1312 1444 πρὸς
1328 1353 1388 1426 τήν
1409 1356 1529 1444 χρείαν,
1554 1348 1743 1446 ἀροριζέσθω

193 1453 356 1550 ἑβδομάδα
381 1464 464 1553 μίαν.

239 1569 266 1636 ι’.
295 1571 327 1635 Ἡ
352 1570 504 1660 ὁμιλοῦσα
527 1595 590 1634 τινι
613 1553 676 1634 τῶν
702 1564 814 1649 ἔξωθεν
838 1580 993 1664 γυναικῶν
1018 1570 1072 1634 καὶ
1096 1570 1269 1660 ἀποκρίσεις
1295 1561 1460 1661 δεχομένη,
1485 1565 1714 1663 ξηροφαγείτω.

241 1679 292 1747 ια’.
317 1681 350 1744 'H
375 1678 546 1769 μεθύουσα,
570 1673 650 1744 οἶνον
676 1678 718 1767 μὴ
743 1682 860 1744 πινέτω
884 1679 1002 1769 ἡμέρας
1026 1689 1118 1768 τρεῖς.

239 1789 289 1872 ιβ’.
315 1789 348 1852 Ἠ
372 1787 416 1877 μὴ
442 1786 601 1878 έγερθεῖσα
625 1793 666 1864 είς
690 1789 745 1853 τόν
770 1789 898 1870 κανόνα,
923 1783 1003 1854 οἶνον
1029 1787 1071 1879 μή
1097 1787 1213 1854 πινέτω
1236 1787 1356 1878 ἡμέραν
1381 1788 1468 1876 μίαν.

240 1895 290 1986 ιγ’.
317 1896 350 1960 Ἡ
372 1895 541 1988 λογισμούς
565 1897 682 1985 ἔχουσα
706 1897 760 1960 καί
783 1895 826 1985 μή
846 1893 1022 1984 βάλλουσα,
1039 1895 1120 1986 μετὰ
1138 1897 1211 1986 μίαν
1229 1895 1282 1960 καί
1306 1888 1454 1985 δευτέραν
1472 1896 1643 1976 νουθεσίαν,
1668 1900 1744 1987 ἀφο-

195 1997 322 2093 ριζέσθω
346 2005 399 2068 καὶ
423 1999 650 2096 ξηροφαγείτω.

240 2103 288 2176 ιδ’.
306 2113 339 2177 Ἡ
357 2106 589 2202 μεταβαίνουσα
606 2112 667 2177 ἀπὸ
685 2123 742 2189 τῆς
759 2117 874 2189 ἑαυτῆς
892 2104 1059 2188 διακονίας,
1077 2111 1130 2177 καί
1146 2117 1187 2188 είς
1204 2111 1466 2202 έτέρανάπίουσα
1479 2105 1530 2178 διά
1544 2114 1581 2178 τό
1598 2117 1742 2204 φλυαρεῖν

193 2220 248 2284 καὶ
264 2221 488 2311 συντυγχάνειν
503 2223 647 2311 ἀκαίρως,
661 2215 850 2311 ἀροριζέσθω
863 2224 904 2298 είς
920 2221 1028 2299 τόπον,
1042 2222 1123 2286 ὥστε
1136 2219 1250 2286 ἐκεῖθεν
1269 2220 1311 2311 μή
1330 2215 1476 2306 ἐξελθεῖν,
1489 2221 1606 2313 ἡμέρας
1620 2223 1701 2288 ἕπτα
1712 2221 1744 2312 ¹).

240 2327 284 2395 ιε’.
311 2330 342 2392 Ἢ
368 2322 511 2394 λαύοῦσα
534 2334 701 2419 ἐπιτίμιον,
725 2330 779 2394 καί
802 2320 854 2394 διά
872 2340 966 2395 τοῦτο
982 2329 1179 2420 γογγύσασα,
1196 2329 1250 2394 καί
1274 2327 1317 2419 μὴ
1344 2331 1562 2420 εύχαρίστερον
1586 2322 1740 2420 δεχομένη

194 2427 321 2502 διπλοῦν
348 2438 448 2528 ἐχέτω
471 2439 510 2504 τό
533 2441 699 2529 ἐπιτίμιον.

240 2551 286 2624 ις’.
311 2549 345 2612 ‘11
368 2559 483 2640 γνοῦσα
507 2549 589 2625 τινὸς
614 2547 751 2638 κρυπτὸν
769 2547 955 2638 ἁμάρτημα,
971 2547 1025 2611 καί
1043 2546 1085 2636 μὴ
1105 2545 1310 2637 ρανερώσασα
1328 2556 1422 2610 τοῦτο
1446 2555 1486 2630 τῇ
1509 2545 1680 2636 ἡγουμένῃ,
1704 2545 1742 2611 τό
1827 2575 1829 2582 ’

195 2657 273 2722 αὐτὸ
297 2656 397 2746 ἐχέτω
421 2658 577 2746 ἐπιτίμιον
601 2667 641 2743 τῇ
668 2647 923 2746 διαπραττομένῃ
948 2655 986 2721 τό
1010 2654 1233 2744 ἀμάρτημα,ή
1259 2651 1320 2743 γὰρ
1345 2650 1500 2742 θεωροῦσα
1524 2653 1665 2726 κλέπτην
1690 2653 1744 2718 καί

195 2764 407 2854 συντρέχουσα
430 2765 484 2830 καὶ
508 2763 591 2854 μετά
615 2774 726 2854 μοιχοῦ
749 2763 809 2837 τήν
835 2756 945 2853 μερίδα
968 2761 1099 2846 τιθεῖσα,
1125 2760 1367 2852 συγκοινωνήσει
1390 2761 1455 2847 (Ρε.
1479 2780 1570 2846 xm,
1596 2764 1659 2850 18),
1684 2752 1743 2836 δη-

193 2873 300 2937 λονότι
324 2872 378 2938 καί
402 2875 659 2964 συμμετρήσεται
682 2874 783 2958 ἐκείνῃ
810 2872 863 2936 καί
885 2873 923 2936 τό
947 2873 1112 2960 ἐπιτίμιον.

241 2975 289 3060 ιζ’.
313 2981 348 3044 Ἡ
372 2981 557 3072 παρακολήν
574 2985 740 3074 ἀγαπῶσα,
757 2981 794 3045 τό
812 2990 875 3045 τῶν
892 2980 1061 3072 παρηκόων
1079 2980 1233 3068 ἐπιτίμιον
1251 2977 1361 3069 ἐχέτω,
1381 2975 1547 3066 μετανοίας
1573 2977 1743 3062 βάλλοῦσα·

195 3089 382 3178 ἐπιμένουσα
407 3077 577 3168 ἐξωθείσθω
601 3090 737 3166 καὶτῆς
760 3081 928 3180 τραπέζης.

241 3195 292 3270 ιη’.
315 3199 347 3262 Ἡ
372 3191 520 3276 ἐξωθεῖσα
543 3207 583 3284 τῇ
609 3197 712 3288 ήμέρα
735 3196 789 3262 καί
813 3196 943 3287 ἑσπέρας
968 3195 1010 3286 μή
1038 3187 1256 3286 διαλλαγεῖσα,
1281 3191 1492 3269 ἀκοινώνητος
1523 3194 1605 3258 ἔστω
1629 3193 1682 3270 ἕως
1707 3194 1743 3260 ἀν

195 3296 366 3396 διαλλαγῇ.

241 3411 290 3482 ιθ.
315 3415 348 3478 Ἡ
371 3413 646 3505 λαθροραγείσασα
669 3412 763 3504 χωρίς
780 3422 839 3489 τῆς
855 3395 1022 3504 τραπέζης,
1041 3411 1218 3486 νηστευέτω
1242 3409 1360 3501 ἡμέρας
1377 3400 1443 3493 δύο,
1459 3409 1513 3486 ἕως
1532 3407 1566 3475 ἀν
1584 3407 1669 3498 μαθῇ
1696 3409 1740 3499 μή

194 3519 350 3587 ἅπτεσθαι
373 3525 493 3613 καρπόν
517 3505 572 3589 τοῦ
597 3522 863 3615 ἀπηγορουμένου.

239 3630 278 3698 κ’.
304 3632 337 3695 Ἡ
361 3633 528 3720 συντυχίας
552 3636 584 3696 ἐν
607 3641 648 3716 τῇ
674 3631 828 3714 ἐκκλησίᾳ
851 3640 982 3696 ποιοῦσα
997 3627 1081 3700 πλὴν
1098 3638 1157 3704 της
1174 3626 1425 3718 έπιτεταγμένης
1448 3628 1504 3692 τόν
1528 3626 1646 3692 κανόνα
1669 3631 1743 3693 ὑπο-

196 3739 397 3830 μνησθέσθαι,
423 3741 477 3804 καί
502 3739 544 3829 μή
570 3741 744 3829 παυομένη,
771 3741 938 3829 μετανοίας
964 3738 1113 3823 βαλλέτω
1135 3737 1154 3809 ἢ
1180 3729 1397 3828 ξηροφαγείτω
1420 3727 1582 3825 ἑβδομάδα
1607 3735 1689 3824 μίαν.

239 3851 300 3921 κε’,
325 3849 360 3912 Ἡ
384 3851 415 3914 έν
439 3857 485 3930 τῷ
509 3849 706 3938 κοιμητηρίῳ
730 3850 899 3937 συντυχίας
922 3858 963 3933 τῇ
989 3845 1103 3936 ἑσπέρᾳ
1125 3853 1275 3929 ποιοῦσα,
1300 3845 1352 3910 καί
1378 3843 1421 3933 μὴ
1446 3847 1528 3910 ἐῶσα
1551 3841 1609 3920 τάς
1631 3843 1742 3921 λοιπάς

195 3954 418 4040 ἀναπαύεσθαι,
443 3954 590 4028 στηκέτω
614 3959 845 4047 στιχολογοῦσα
869 3952 1010 4043 ψαλμοὺς
1034 3953 1216 4043 τριάκοντα.

238 4064 301 4149 κβ.
326 4064 360 4128 Ἡ
383 4054 499 4135 δούλην
523 4065 639 4152 ἔχουσα
663 4064 717 4127 καὶ
734 4063 897 4128 τύπτουσα
915 4062 1013 4135 αὐτὴν
1030 4061 1049 4136 ή
1068 4055 1266 4152 ὀργιζομένη,
1283 4060 1302 4134 ἣ
1322 4053 1466 4150 θορύύους
1489 4073 1632 4146 ποιοῦσα,
1656 4065 1745 4152 ἀραι-

197 4173 305 4263 ρείσθω
327 4172 459 4254 ταύτης,
484 4174 532 4236 ἵνα
555 4172 651 4245 έαυτὴ
680 4172 764 4261 μεθῇ
792 4163 958 4251 δουλεύειν,
982 4173 1036 4237 καί
1060 4174 1110 4238 ότι
1125 4175 1182 4237 οὐκ
1198 4166 1294 4246 ἦλθεν
1312 4159 1548 4259 διακονηθῆναι,
1568 4170 1652 4238 ἀλλά
1675 4162 1743 4238 δια-

194 4294 337 4367 κονῆσαι,
360 4288 400 4358 ὡς
424 4285 440 4344 ὁ
465 4281 595 4372 Χριστός
620 4283 741 4372 είρηκεν
765 4281 896 4366 (Μείίίε.
920 4305 973 4364 xx,
997 4281 1065 4367 28).

240 4391 302 4482 κγ.
326 4391 361 4454 Ἠ
384 4389 522 4481 λέγουσα
548 4388 671 4478 ἱμάτιον
696 4387 769 4477 ἐμόν
793 4387 813 4460 ἥ
839 4413 872 4452 τι
895 4387 999 4478 έτερον
1023 4396 1118 4452 τοῦτο
1142 4387 1227 4474 ἐμόν,
1252 4385 1305 4452 καί
1324 4395 1419 4450 τοῦτο
1443 4395 1555 4475 κτῆμα
1578 4386 1663 4475 ἐμόν,
1688 4389 1743 4452 οὐκ

194 4501 355 4589 ἠρνήσατο
379 4497 496 4587 κόσμον
521 4497 575 4561 καί
597 4494 639 4561 τά
663 4498 694 4561 ἐν
719 4495 837 4584 κόσμῳ·
863 4486 911 4560 διό
935 4485 1128 4560 διδασκέσθω
1143 4493 1251 4559 πάντα
1275 4493 1363 4558 κοινὰ
1386 4491 1541 4586 ἡγεῖσθαι,
1565 4494 1620 4558 καί
1643 4484 1742 4582 μηδέν

194 4601 271 4674 ίδιον
295 4609 388 4697 ἔχειν·
414 4604 601 4693 ἐπιμένουσα
626 4595 668 4680 δέ,
695 4598 884 4694 ἀροριζέσθω
908 4613 967 4678 τῆς
990 4604 1104 4677 λοιπῆς
1129 4592 1355 4690 ἀδελφότητος.

239 4707 300 4782 κδ’.
325 4717 359 4778 Ἡ
385 4717 496 4804 βρῶμα
519 4706 754 4802 ἐξηλλαγμένον
778 4709 797 4785 ή
823 4712 911 4801 πόμα
935 4705 1169 4790 ἐπιζητοῦσαή
1201 4708 1275 4800 ὄψον
1306 4707 1391 4799 παρὰ
1419 4709 1457 4774 τό
1481 4712 1512 4774 ἐν
1536 4719 1577 4794 τῇ
1602 4704 1733 4799 τραπέζΙ

193 4822 367 4912 τιθέμενον,
391 4821 557 4887 κωλυέσθω
581 4821 635 4886 καί
658 4832 713 4888 τοῦ
736 4818 996 4909 παρατιθεμένου,
1020 4820 1075 4894 έως
1100 4817 1136 4884 ἀν
1162 4817 1246 4908 μαθῇ
1273 4813 1455 4906 ἀρέσκεσθαι
1477 4825 1523 4900 τῷ
1547 4825 1648 4900 κοινῷ.

238 4933 294 4998 κε’.
319 4932 353 4996 Ἡ
376 4921 494 5019 ἔνδυμα
518 4929 695 5021 καινότερον
720 4930 739 5002 ἢ
765 4930 1030 5019 πολυτελέστερον
1062 4937 1125 4993 τῶν
1152 4931 1256 4993 ἀλλῶν
1279 4920 1431 5009 ζητοῦσα,
1454 4930 1494 5002 ὡς
1517 4925 1665 5016 πέρπερος
1689 4925 1743 4990 καί

194 5035 452 5121 καλλωπίζεσθαι
476 5039 651 5130 βουλομένη
678 5038 886 5130 έπιτιμάσθω.

233 5381 254 5455 ¹)
274 5381 456 5454 Hucusque
475 5379 541 5439 edd.
560 5377 664 5437 multis
683 5376 811 5436 omissis.
