4022 6072
746 525 911 600 adversus
928 523 1162 602 Manioleoeos.

928 918 986 984 VI.
1044 979 1046 984 .

636 1135 712 1194 Τοῦ
746 1133 871 1196 αὑτοῦ
902 1130 991 1219 περὶ
1024 1135 1220 1221 Προνοίας
1259 1139 1282 1218 ).

729 1239 886 1322 Ejusdem
910 1241 948 1304 de
970 1241 1190 1310 Providentia.

844 1457 899 1523 Ea·
921 1457 1002 1522 libro
1025 1456 1076 1522 11.

233 1667 306 1732 Δέον
330 1664 415 1756 παρὰ
439 1665 494 1755 μὲν
519 1672 598 1732 Θεοῦ
630 1669 668 1732 τὸ
698 1662 774 1733 εἶναι
805 1662 932 1734 latete·
1030 1671 1168 1738 Necesse
1192 1677 1240 1738 est
1263 1697 1282 1740 a
1304 1672 1372 1739 Deo
1388 1675 1528 1759 accipere
1544 1675 1626 1742 unde
1649 1677 1734 1744 exis·

186 1773 259 1864 παρ’
284 1777 395 1838 ἑαυτοῦ
421 1764 454 1838 δὲ
478 1765 528 1839 τὸΙ
543 1773 661 1864 ἀγαθὸν
692 1777 765 1862 πρὸς
790 1775 934 1866 γενέσθαι
986 1784 1063 1859 tere,
1088 1779 1128 1844 ab
1151 1779 1222 1864 ipso
1242 1802 1369 1864 quoque
1392 1781 1534 1865 accipere
1549 1786 1587 1846 ut
1610 1783 1730 1848 borum

188 1873 307 1962 λεῧεῑν,
332 1891 549 1970 συνεργοῦντος
574 1891 628 1946 τοῦ
653 1887 752 1947 Θεοῦ·
787 1884 933 1966 βούλεται
987 1885 1053 1965 liat,
1076 1885 1248 1952 auxiliante
1272 1886 1349 1952 Deo.
1374 1887 1460 1952 Deus
1483 1888 1567 1952 enim
1597 1888 1667 1956 vult
1695 1893 1732 1955 ut

188 1988 248 2081 γὰρ
271 1994 287 2052 ὁ
313 1991 389 2065 Θεὸς
407 1990 460 2054 καὶ
476 1990 546 2080 παρ’
563 1995 676 2055 ἑαυτοῦ
693 1993 747 2056 rba
772 1990 932 2081 ἄνθρωπον
985 1994 1104 2060 habeat
1131 2019 1151 2060 a
1173 2017 1205 2060 se
1229 1995 1325 2060 homo
1341 1994 1462 2080 aliquid
1477 1995 1643 2078 rationale,
1668 2015 1731 2082 quo

189 2099 271 2184 ἔχειν
293 2121 328 2160 τι
351 2097 478 2190 λογικὸν
503 2097 581 2163 ὄντα
604 2099 677 2188 πρὸς
708 2090 832 2177 ἔνδοξον
856 2124 936 2189 παρ·
987 2103 1181 2170 confidenter
1205 2103 1372 2189 glorietur.

101 2235 106 2242 ·
192 2227 310 2295 ρησιαν.

928 2427 1002 2493 Vll.

572 2641 743 2708 Tractatio
765 2642 873 2725 qualis
895 2643 932 2707 iu
954 2643 1058 2709 codice
1079 2641 1243 2710 Juuueusi
1261 2643 1357 2726 jacet.

239 2852 305 2919 Titi
329 2853 509 2921 Bostrensis
532 2877 611 2940 opus
635 2857 776 2923 obscuris
793 2861 894 2923 scatet
909 2857 1149 2941 quaestionibus
1172 2880 1210 2923 ex
1235 2857 1315 2922 mira
1337 2859 1482 2922 veterum
1504 2855 1733 2940 exemplarium

193 2961 417 3029 inconstantia.
442 2962 552 3039 Quoad
575 2963 658 3028 enim
682 2985 790 3030 rerum
815 2969 847 3029 et
863 2969 1127 3048 argumentorum
1143 2965 1266 3045 seriem,
1284 2963 1347 3029 ulia
1363 2966 1412 3028 est
1435 2963 1520 3047 apud
1543 2961 1735 3029 Turrianum

194 3067 402 3153 interpretem
425 3069 571 3151 latinum,
589 3070 651 3136 alie
667 3071 751 3155 apud
768 3071 963 3156 Basuagium
978 3072 1085 3157 graeci
1108 3071 1262 3137 sermonis
1279 3071 1442 3149 editorem,
1466 3070 1530 3136 alia
1552 3070 1637 3154 apud
1662 3069 1739 3136 Gal·

195 3173 338 3240 landium
361 3175 436 3242 libri
457 3199 616 3243 censorem
640 3179 856 3260 novissimum,
873 3200 967 3262 quem
983 3178 1097 3244 leviter
1114 3179 1316 3244 emendatum
1332 3183 1520 3262 receperunt
1536 3177 1739 3262 Patrologiao

197 3288 371 3350 curatores.
386 3283 468 3350 Ecce
484 3288 591 3350 alitem
605 3285 645 3350 ab
662 3286 804 3352 omnium
820 3286 1001 3351 recensione
1018 3290 1088 3352 toto
1105 3286 1193 3353 coelo
1210 3286 1308 3351 distat
1330 3286 1428 3351 codex
1450 3284 1629 3365 Januensis,
1646 3306 1741 3368 quern

198 3391 327 3474 penitus
343 3391 551 3476 introspicere
576 3395 609 3456 et
632 3392 665 3456 in
688 3392 796 3476 aprico
819 3415 950 3477 ponere,
973 3393 1033 3460 hoc
1058 3415 1147 3478 opus,
1171 3394 1224 3460 hic
1246 3393 1338 3459 labor
1353 3395 1461 3458 noster
1476 3399 1534 3472 est,
1553 3392 1739 3476 priusquam

196 3498 365 3563 varietates
388 3498 624 3583 aggrediamur.

153 3689 161 3700 ι
242 3604 306 3670 Vix
322 3607 526 3690 perspicuum
543 3611 591 3672 est
607 3611 716 3672 utrum
732 3607 765 3673 in
780 3613 846 3674 tres
861 3614 1038 3693 quatuorve
1055 3615 1163 3696 partes
1179 3610 1272 3674 Titus
1288 3632 1344 3674 suo
1360 3608 1578 3693 dispescuerit.
1596 3606 1737 3683 Quartus

196 3712 279 3778 liber
301 3712 421 3797 duplici
445 3717 570 3779 tantum
602 3715 694 3800 signo
724 3717 880 3798 innotuit,
904 3717 1044 3800 primum
1074 3739 1113 3782 ex
1135 3716 1317 3800 fragmento
1348 3715 1536 3780 Damasceni
1559 3713 1740 3780 Purollelis

196 3821 317 3887 inserto
341 3822 400 3886 sub
424 3820 574 3888 lemmate
597 3844 637 3888 ex
660 3825 741 3890 libro
764 3824 927 3907 quartae,
951 3847 1032 3908 quae
1054 3823 1180 3889 numeri
1196 3823 1319 3888 notatio
1343 3844 1436 3906 saepe
1460 3821 1493 3886 in
1515 3821 1602 3888 hisce
1626 3820 1740 3886 collec-

197 3928 299 3994 taneis
322 3927 446 3994 lubrica
462 3933 525 4008 est3
544 3936 612 3995 turn
629 3951 668 3995 ex
683 3931 914 4016 hypothesibua
931 3955 1009 4017 quas
1026 3932 1140 4015 aliquis
1155 3931 1333 3996 neotericus
1349 3931 1453 3995 tribus
1468 3929 1559 3996 libris
1576 3928 1739 4014 appendit,

198 4057 234 4101 ac
258 4035 284 4101 si
308 4041 446 4120 quatuor
469 4036 568 4103 libros
591 4059 668 4122 prae
692 4037 791 4104 oculis
814 4038 994 4121 habuisset,
1019 4043 1075 4105 aut
1098 4039 1216 4105 habere
1242 4038 1439 4123 opinaretur.
1463 4036 1545 4103 Sane
1576 4058 1658 4120 queo
1682 4035 1737 4100 ille

197 4145 311 4211 dividit
334 4144 419 4211 inter
441 4146 573 4212 tertium
587 4151 630 4212 et
652 4151 802 4231 quartum
826 4148 957 4227 librum,
974 4152 1164 4233 argumenta
1179 4167 1295 4230 nempe
1311 4167 1350 4211 ex
1375 4150 1480 4211 vetere
1504 4148 1536 4210 et
1559 4164 1642 4209 novo
1666 4140 1743 4206 Tes-

199 4255 342 4318 tamento
366 4257 505 4337 sumpta,
529 4276 566 4318 ea
581 4253 677 4318 simul
692 4253 725 4318 in
741 4253 838 4319 tertio
854 4254 957 4339 qualis
974 4259 1085 4336 exstat,
1102 4254 1281 4339 promiscue
1297 4253 1546 4337 conjunguntur.
1563 4249 1612 4315 De
1627 4253 1743 4334 quarto

200 4357 283 4424 libro
306 4359 379 4425 silet
402 4360 501 4426 codex
523 4361 703 4442 Jannensis,
726 4383 828 4446 neque
851 4361 945 4426 ullibi
967 4361 1121 4426 hactenus
1144 4360 1226 4426 liber
1249 4358 1438 4443 comparuit.

246 4465 308 4534 Sed
330 4467 445 4553 incipit
468 4467 525 4533 fol.
550 4470 569 4533 8
593 4491 623 4533 v.
648 4468 708 4535 col.
733 4471 753 4533 3
777 4468 817 4535 ab
840 4468 951 4534 iisdem
975 4468 1173 4554 argumentis
1195 4472 1333 4552 quatuor
1355 4467 1521 4532 librorum.

244 4576 331 4653 Quae
356 4577 441 4642 edita
464 4581 548 4657 sunt,
566 4599 585 4642 a
608 4577 668 4642 col.
695 4577 779 4641 1069
797 4598 899 4661 aequo
916 4575 994 4660 pede
1011 4577 1187 4660 procedunt
1203 4575 1237 4640 in
1253 4574 1358 4640 codice
1374 4598 1393 4639 a
1408 4573 1464 4638 fol.
1482 4575 1501 4637 9
1519 4572 1558 4637 ad
1578 4571 1616 4635 15
1635 4567 1694 4636 col.
1712 4569 1745 4650 4,

199 4685 305 4769 capita
317 4705 429 4768 nempe
440 4707 510 4765 1·xv,
523 4689 592 4749 tum
605 4684 707 4749 medio
720 4685 825 4769 capite
835 4707 871 4750 xv
882 4684 1252 4769 interponiturnostrum
1263 4682 1481 4766 fragmentum
1493 4703 1502 4744 1
1517 4681 1625 4763 (supra
1635 4701 1666 4763 p.
1679 4678 1745 4757 51).

244 4793 326 4858 Tum
350 4792 406 4857 fol.
433 4793 473 4856 16
498 4792 559 4858 col.
585 4795 600 4857 1
626 4792 775 4857 inversu
807 4794 827 4857 3
859 4791 989 4856 immani
1020 4790 1105 4854 saltu
1135 4788 1302 4855 incidimus
1333 4786 1471 4853 medium
1495 4785 1527 4849 in
1556 4788 1654 4867 caput
1677 4805 1744 4847 rxxr

198 4901 258 4968 ool.
278 4900 374 4981 1116,
391 4899 413 4965 l.
431 4900 468 4964 3:
488 4901 521 4960 Εἰ
540 4896 686 4982 βούλεσθε
704 4896 824 4986 μαθεῖν,
842 4921 923 4984 quae
939 4898 1066 4982 quidem
1084 4897 1136 4962 vix
1152 4917 1225 4961 cum
1239 4893 1440 4978 praecedeuti
1457 4891 1537 4958 serie
1561 4891 1744 4957 cohaerent.

244 5007 301 5074 Sat
324 5007 477 5074 continuo
499 5015 676 5092 sequuntur
705 5009 739 5073 in
762 5007 820 5073 fol.
847 5009 945 5072 16-19
971 5027 1070 5089 usque
1101 5004 1140 5070 ad
1170 5003 1296 5068 initium
1320 5001 1376 5067 fol.
1402 5002 1487 5066 2οο
1518 4997 1621 5064 media
1652 5001 1743 5082 parte

200 5138 268 5201 esp.
294 5137 361 5182 mm
385 5119 512 5182 caetera
535 5117 642 5200 capita
664 5137 753 5198 xxrn,
777 5137 877 5196 xxxin,
902 5137 1001 5195 xxxiv,
1025 5113 1085 5180 col.
1112 5111 1315 5176 1110-1125.

165 5325 166 5330 ἵ
238 5351 260 5424 ¹)
279 5349 326 5407 Ex
345 5349 408 5406 cod.
428 5348 549 5407 coislin.
568 5347 618 5405 fol.
637 5349 700 5404 252.
1040 5345 1062 5417 ²)
1082 5345 1187 5399 Potrol
1204 5355 1282 5399 xvur
1301 5338 1355 5396 col.
1376 5337 1454 5410 1266,
1473 5349 1545 5396 xcvi
1562 5335 1617 5393 col.
1636 5333 1697 5390 533.

345 5478 442 5536 Anna.
460 5493 488 5551 v,
507 5475 559 5533 fol.
577 5475 643 5534 rv*.
