3944 6074
898 902 974 970 VII.

216 1100 341 1172 worn
358 1102 409 1168 uni
426 1107 445 1176 η
465 1102 603 1192 Ὀμήρου
620 1102 741 1177 ποίησις
759 1091 946 1166 'cilicienses
962 1098 1018 1176 τίς
1036 1109 1115 1189 τρεῖς
1135 1089 1215 1174 iiim
1232 1099 1263 1162 ἐν
1280 1101 1377 1184 ἑαυτῇ
1397 1109 1454 1175 τῆς
1471 1109 1649 1176 ποιητικῆς.

455 1210 547 1286 Quot
570 1211 732 1277 Homerus
755 1233 875 1299 quoque
898 1220 960 1276 tres
979 1209 1122 1296 poeticae
1145 1209 1264 1296 speeies
1287 1207 1421 1273 ealciiet.

211 1429 274 1495 Vsa
296 1451 359 1495 non
382 1429 489 1494 eadem
512 1438 633 1515 reposta
655 1437 738 1513 curet,
763 1451 818 1494 nec
834 1427 954 1492 dantur
970 1426 1040 1492 alia
1055 1427 1191 1493 Homeri
1207 1427 1365 1514 exempla,
1389 1426 1457 1492 nisi
1479 1424 1565 1513 quod
1589 1425 1711 1516 triplex

155 1560 285 1625 poeseos
306 1560 408 1625 penus
426 1541 611 1604 secernatur
627 1538 663 1602 in
678 1537 859 1603 Demodoeo
883 1533 976 1623 apucl
990 1537 1165 1620 Pleaeacos,
1183 1537 1218 1600 in
1235 1537 1365 1602 Phemio
1385 1537 1566 1623 Penelopae
1581 1535 1710 1617 musico,

159 1649 196 1712 in
220 1657 346 1712 cantore
374 1647 634 1735 Clytemestram
658 1645 703 1712 ad
727 1647 906 1712 caetitatem
923 1654 1070 1726 movente,
1088 1645 1124 1709 in
1144 1645 1299 1733 Tlampri
1313 1667 1477 1710 musarum
1493 1653 1708 1732 contemptore,

163 1755 307 1821 Notatur
323 1767 482 1846 perpetua
506 1757 704 1842 tropicarum
721 1763 892 1843 poctarum
909 1753 1095 1820 consuetudo
1115 1752 1308 1842 diculpandi
1329 1776 1429 1841 persus
1453 1753 1587 1819 Homeri
1604 1754 1709 1842 plean-

162 1863 320 1932 tasticum.

748 2013 1120 2023 n—-——-—·——-——-———-

208 2193 251 2258 M.
276 2193 332 2260 fol.
359 2195 421 2260 109
452 2217 482 2259 v.
506 2194 565 2260 El.
588 2216 621 2278 p.
646 2195 722 2259 403.
748 2229 788 2240 -
812 2191 834 2256 l.
867 2193 930 2256 36·

162 2299 306 2391 πρώτην)
328 2303 522 2391 πρωτίστην.

208 2411 252 2475 Μ.
277 2410 333 2476 fol.
361 2413 433 2477 110.
450 2447 493 2456 -
516 2409 538 2475 l.
564 2411 603 2475 4l
631 2407 809 2498 ἀποίγηται)
835 2405 910 2470 ἐποί-

163 2539 271 2606 γηται.
289 2516 527 2606 -1.4αλέρω
545 2506 578 2580 δὲ
596 2517 658 2599 ἵνα)
681 2516 765 2605 λέγω
784 2503 824 2578 Ιδὲ
847 2509 908 2578 οἷον

164 2625 222 2691 ἵνα.
239 2663 284 2672 -
301 2625 328 2692 l.
354 2629 396 2692 43
419 2621 576 2690 ποιεῖσθαι
600 2623 667 2711 καὶ)
690 2620 844 2688 ποιεῖσθαι
866 2623 912 2684 λί-

163 2753 259 2817 μνησι
282 2731 345 2797 καί.
363 2769 405 2779 -
422 2733 443 2798 1.
465 2735 507 2798 45
532 2732 627 2820 φαίην
652 2731 688 2795 ἂν
714 2729 768 2818 μὲν
793 2728 909 2818 λέγειν)

163 2837 236 2925 onii
260 2862 300 2926 με
324 2837 426 2930 λέγειν
451 2843 507 2907 sic.
524 2877 568 2888 -
584 2841 605 2906 l.
631 2843 673 2906 47
697 2841 844 2926 είποιμοι)
869 2838 911 2901 εί-

163 2970 262 3034 ποιμι.
282 2948 361 3013 -1,
380 2951 422 3014 50
438 2947 598 3033 noisiaco)
623 2958 776 3015 τοιοῦτον.
795 2985 834 2994 -—
853 2946 911 3013 Ed.

164 3077 196 3140 p.
220 3059 296 3137 404,
320 3057 343 3122 l.
370 3060 385 3122 1
412 3045 449 3118 δι’
476 3055 609 3136 ἀλύπου)
634 3047 674 3119 δι’
700 3055 828 3122 ἀλύπου.

209 3163 253 3228 M.
278 3163 333 3228 tol.
364 3165 426 3230 110
458 3187 487 3230 ν.
513 3201 556 3212 -
579 3166 600 3230 l.
626 3168 645 3229 6
669 3168 743 3226 ὡσσ*
768 3155 911 3251 ἔρξαντα)

166 3267 230 3331 ὅοσΙ
256 3262 378 3358 ἔρξαντ.
401 3308 440 3318 -
465 3271 487 3339 l.
505 3275 524 3337 8
542 3269 711 3360 ὀφθαλμῶν
729 3269 845 3359 ἄμερσε
871 3261 913 3334 δί-

166 3366 232 3460 δον)
257 3375 325 3464 coi.
350 3375 405 3464 μὲν
424 3375 533 3466 ἄμερες
550 3367 662 3444 titios.
681 3415 720 3425 —
740 3378 761 3444 l.
779 3380 798 3444 9
816 3381 912 3442 αὐτοῦ

166 3483 261 3573 pillos
278 3491 318 3561 εἰς
335 3486 465 3572 ἑαείνοῦ)
483 3487 577 3550 αὐτὸν
603 3483 698 3575 μίνθον
723 3489 763 3562 είς
785 3487 912 3552 ἐκεῖνον.

966 2229 1005 2240 -
1031 2193 1054 2258 1.
1082 2195 1119 2259 11
1147 2192 1289 2280 μνήμην)
1313 2192 1451 2281 μνήμης.
1470 2229 1511 2240 -
1527 2192 1550 2258 l.
1570 2195 1609 2259 15
1628 2194 1712 2254 ίίλν-

964 2301 1176 2389 τεμνηστρας)
1201 2303 1496 2388 Κλοταιμνηστρας.

1010 2411 1053 2476 Μ.
1079 2410 1133 2476 fol.
1160 2411 1234 2475 111.
1261 2447 1302 2457 -
1326 2410 1347 2475 l.
1376 2414 1415 2476 18
1439 2408 1632 2498 πέπρακται)
1656 2407 1713 2472 πέ-

964 2539 1097 2605 πρακτο.
1123 2555 1162 2564 -
1188 2518 1210 2582 l.
1235 2521 1278 2583 20
1303 2521 1334 2578 at
1360 2507 1406 2599 δὲ)
1430 2517 1483 2579 καί
1507 2538 1552 2582 τε.
1572 2554 1610 2563 -
1629 2515 1651 2582 1.
1669 2519 1709 2581 21

965 2625 1019 2688 καὶ
1032 2636 1095 2700 τοῖς
1108 2628 1250 2708 πολλοῖς)
1265 2625 1318 2689 καί
1334 2623 1405 2700 τοὺς
1418 2625 1564 2701 πολλοὺς.
1580 2662 1616 2674 -
1633 2626 1655 2690 l.
1670 2629 1711 2690 22

965 2733 1019 2797 καί
1040 2733 1181 2822 λέγεται)
1206 2732 1260 2796 καί
1283 2757 1345 2800 οιιι,
1369 2739 1401 2800 el
1418 2735 1540 2800 abund.
1566 2769 1607 2781 -
1630 2734 1653 2800 l.
1670 2735 1713 2800 24

1011 2951 1054 3016 M.
1079 2951 1135 3016 fot.
1162 2955 1222 3016 111
1248 2975 1278 3016 v.
1305 2987 1345 2998 -
1369 2951 1391 3016 l.
1416 2955 1459 3016 34
1489 2950 1641 3024 ποιήσεως
1675 2947 1712 3011 τὸ

966 3048 1056 3141 siim)
1070 3058 1221 3132 ποιήσεως
1235 3051 1396 3146 ἐξῄρηται·
1412 3055 1644 3146 α’,λλίιὌμηρος
1657 3055 1712 3144 μὲν

966 3177 1078 3230 τοῦτον
1102 3165 1157 3229 τὸν
1189 3165 1320 3254 τρόπον,
1346 3171 1373 3229 οἱ
1398 3157 1430 3230 δὲ
1453 3163 1513 3236 την
1539 3155 1714 3254 τραγῳλίας

966 3273 1108 3354 ποιηταί,
1125 3273 1331 3362 ρανταοτιαοὶ
1352 3272 1444 3360 μόνον
1469 3274 1555 3346 ὄντες
1579 3271 1633 3334 καὶ
1656 3280 1713 3344 τῆς

967 3391 1029 3444 τῶν
1053 3383 1179 3443 πολλῶν
1202 3375 1429 3468 στοχαζόμενοι
1446 3375 1650 3469 ψυχαγωγίας
1675 3383 1716 3442 εἰ·

967 3487 1066 3563 κὸτως
1083 3485 1167 3551 κατα
1182 3497 1277 3550 τοῦτο
1293 3480 1515 3565 πλεονάζουσιν
1540 3495 1597 3561 τῆς
1621 3485 1715 3558 ποιή-

968 3619 1042 3672 σεως
1059 3595 1096 3660 τὸ
1111 3585 1198 3670 siim.
1215 3633 1252 3641 —
1268 3595 1290 3660 l.
1304 3597 1346 3660 38
1362 3594 1520 3683 προνοίας)
1532 3593 1714 3682 παρανοίας.

894 3989 986 4057 VIII.

211 4225 255 4292 11'.
281 4226 319 4289 Τί
343 4229 427 4290 ἐστιν
452 4226 527 4316 ὅπερ
551 4229 567 4289 ὁ
593 4225 764 4317 Σωκράτης
789 4231 819 4292 ἑν
845 4236 890 4309 τῷ
916 4218 1041 4309 δεκάτῳ
1059 4235 1116 4302 τῆς
1140 4227 1307 4301 Πολιτείας
1331 4217 1479 4290 tutotuto
1499 4235 1557 4300 τῆς
1582 4225 1718 4314 Ὀμήρου

168 4343 336 4409 ποιητικῆς
360 4334 414 4398 καὶ
439 4325 490 4398 διαὶ
513 4337 597 4410 τίνας
624 4337 735 4414 αἰτίας,
760 4337 813 4401 καὶ
837 4339 891 4402 ὅτε
916 4338 972 4400 οὐκ
997 4337 1074 4406 ὅλην
1100 4334 1209 4412 αὐτὴν,
1235 4335 1374 4399 ἀλλ’ὅτι
1398 4335 1435 4399 τὸ
1459 4333 1594 4424 ἔσχατον
1620 4335 1717 4407 αὐτῆς

168 4433 396 4529 tecit-neptia
421 4443 525 4530 μόνον.

220 4549 394 4636 Undcfiat,
411 4551 495 4638 quod
509 4549 654 4618 Socrates
669 4552 705 4618 in
721 4553 804 4618 libro
821 4555 854 4617 X
869 4551 1075 4638 Reipublicae
1092 4551 1232 4616 accludit
1247 4551 1382 4617 Homeri
1394 4552 1547 4638 poeticen,
1572 4560 1601 4616 et
1623 4569 1717 4638 qnam

168 4657 207 4722 ob
223 4679 310 4742 rem;
333 4659 411 4724 Non
434 4680 505 4724 oero
530 4667 639 4744 totam,
662 4659 717 4724 secl
739 4659 884 4745 infimam
902 4669 1030 4746 partem
1053 4669 1173 4725 tantum
1189 4658 1318 4724 exulare
1334 4660 1434 4746 jubet.

213 4891 389 4978 Perpensis
412 4893 497 4956 enim
521 4891 703 4958 Socraticae
725 4893 896 4959 tententiae
919 4894 1031 4978 cerlis,
1051 4894 1265 4980 perspicuum
1289 4905 1342 4980 est,
1367 4896 1408 4959 ab
1434 4915 1468 4957 eo
1492 4915 1556 4958 non
1580 4891 1718 4979 qualem·

169 5022 299 5088 cumque
318 5001 442 5086 poesim
459 5001 621 5086 damnari,
638 5002 693 5068 sed
708 5012 831 5066 tantum
848 5003 1069 5087 imitatorium,
1086 5025 1165 5089 qeeae
1182 5011 1226 5068 est
1248 5004 1383 5068 osinima
1401 5025 1484 5088 pars
1508 5013 1536 5068 et
1558 5003 1716 5070 vilissima

169 5109 276 5194 operis
299 5109 496 5177 Homerici?
518 5111 567 5176 ita
583 5133 615 5176 se
631 5111 744 5176 natent
761 5112 865 5197 ipsius
887 5111 1036 5177 Platonis
1062 5133 1168 5196 opera,
1194 5111 1264 5180 licet
1287 5133 1396 5179 eorum
1413 5135 1497 5202 pars
1517 5111 1595 5199 plus
1612 5113 1718 5178 minus

169 5217 287 5304 caipua
311 5216 512 5302 repudietur.

758 5388 970 5396 ..-—--—-—-
991 5389 997 5394 -
1013 5389 1019 5395 .
