4006 6074
317 487 372 552 160
905 475 1054 561 Sensus
1073 479 1289 578 Aeepuetinue

312 659 362 733 jor
380 657 458 714 aceti
477 663 508 714 et
525 653 606 715 iellis
626 675 661 715 ac
684 657 874 732 flagellorum
901 677 1011 732 poene3
1030 664 1062 715 et
1114 659 1195 734 briis,
1206 659 1242 718 de
1255 678 1401 734 generoso
1414 661 1629 735 magnificoque
1649 661 1793 735 despectu
1811 661 1860 722 vel

315 749 419 823 spinos
437 766 553 820 corona,
572 766 662 821 quam
681 749 943 808 consuetudinarie
954 748 1061 805 nativi·
1114 748 1347 808 misericorditem
1366 750 1505 825 crevisse,
1525 750 1574 808 vel
1593 751 1729 824 gloriam.

314 837 386 895 tetis
404 836 523 910 injurie.
546 837 669 895 Nullam
686 837 758 895 mihi
787 837 951 912 quaesieris
978 855 1062 896 reve-

313 925 449 999 rentiam,
468 925 520 983 ubi
538 925 625 984 vides
653 926 689 983 de
714 927 932 984 humiliationis
960 945 1063 1001 oppro·
1417 931 1559 1002 Explicit.

1056 1253 1115 1320 111.

350 1466 556 1538 Intmcpctio.
570 1496 605 1509 -
618 1465 780 1538 Quomodo,
792 1472 829 1522 ut
839 1464 883 1521 cit
896 1464 1058 1538 apostolus,
1149 1463 1356 1536 Interropclio.
1367 1493 1402 1506 -
1415 1465 1514 1531 Quare
1531 1482 1551 1521 e
1569 1464 1652 1522 Mose
1679 1463 1733 1521 filii
1761 1465 1858 1523 isreal

315 1575 334 1609 a
352 1555 463 1612 Omnes
482 1561 555 1614 aunt
581 1554 827 1612 administratorii
853 1554 978 1629 spiritus
995 1576 1012 1610 »
1036 1555 1059 1630 ¹)
1112 1549 1164 1622 qui
1182 1551 1246 1607 uati
1265 1552 1379 1610 suntin
1392 1553 1589 1626 deserto,non
1601 1553 1724 1610 fuerunt
1736 1553 1858 1610 circum·

314 1662 383 1701 cum
410 1644 517 1703 Daniel
542 1643 637 1701 diost:
655 1643 781 1701 «millia
807 1644 935 1701 millium
960 1643 1061 1702 minis·
1113 1640 1175 1714 cisi,
1194 1659 1260 1698 oum
1279 1642 1450 1717 peripsum
1465 1643 1610 1701 Dominus
1624 1643 1705 1701 dicat
1718 1644 1861 1718 quisom·

314 1735 436 1791 trabant
454 1734 489 1808 ei,
514 1744 545 1791 et
566 1733 665 1792 decios
692 1733 801 1792 millies
829 1741 947 1792 centum
965 1733 1059 1791 millia
1111 1728 1157 1785 nis
1176 1731 1275 1786 enims
1294 1748 1370 1804 quae
1387 1747 1446 1789 non
1465 1731 1557 1789 fuerit
1574 1732 1622 1790 die
1647 1733 1774 1808 septimo
1802 1733 1856 1790 cir·

314 1824 496 1881 assistebant
514 1823 623 1898 ei?»⁸)
1112 1819 1284 1893 cometen),
1306 1821 1415 1894 peribit
1433 1821 1469 1878 de
1488 1821 1598 1895 populo
1617 1823 1695 1880 suoi

349 1917 520 1986 Responsio.
535 1939 567 1951 -·
580 1915 647 1972 Non
666 1915 789 1972 dubium
808 1914 879 1987 quin
898 1913 995 1972 suncti
1007 1931 1059 1970 en-
1146 1911 1318 1981 Responsio.
1336 1939 1372 1952 -
1390 1911 1446 1966 Vel
1465 1911 1536 1984 quie
1555 1912 1670 1969 sciebat
1687 1912 1767 1970 idem
1791 1929 1858 1985 pro·

315 2004 376 2077 geli
390 2003 508 2060 divinae
520 2019 638 2078 semper
650 2003 795 2060 assistant
806 2003 968 2076 majestati,
988 2002 1059 2075 quia
1111 1997 1203 2071 pheta
1214 1998 1295 2071 quod
1305 1997 1376 2056 liliis
1388 1997 1550 2057 incredulis
1565 2000 1751 2058 circumcisio
1763 2000 1856 2058 incre·

313 2101 343 2151 et
361 2093 480 2167 quando
497 2091 664 2150 mittuntur.
680 2091 766 2160 Quod
778 2099 879 2149 eutem
891 2109 993 2149 omnes
1006 2091 1056 2148 ad·
1112 2087 1251 2146 dolorum
1278 2095 1396 2162 petrum
1422 2089 1542 2148 minime
1567 2094 1725 2166 proliceret
1749 2093 1788 2150 eo
1805 2111 1858 2152 ve·

310 2179 519 2238 ministratorii
538 2180 685 2254 dicuntur,
705 2179 809 2237 siccet
826 2179 1057 2252 intelligendum
1110 2177 1190 2234 niam
1215 2177 1408 2250 originalium
1435 2185 1638 2253 peccatorum,
1659 2181 1754 2238 veluti
1776 2200 1856 2238 nunc

311 2285 370 2325 non
389 2268 470 2341 quod
489 2286 590 2326 omnes
609 2269 776 2340 mittuntur,
796 2269 850 2326 sed
869 2269 939 2342 quis
951 2268 987 2325 de
999 2285 1058 2324 om·
1110 2268 1286 2341 baptismus,
1306 2269 1354 2326 vel
1377 2275 1497 2344 propter
1521 2269 1655 2344 spiritale
1679 2271 1856 2344 mysterium

311 2357 400 2414 uibus
419 2357 581 2414 mittuntur
609 2357 761 2414 ordinibus
780 2358 818 2416 sd
837 2359 894 2415 Dei
922 2357 1058 2418 volunta·
1111 2356 1191 2431 quod
1208 2357 1251 2414 ibi
1268 2359 1390 2415 latebat.
1410 2359 1486 2416 Nem
1504 2360 1605 2416 Moses
1626 2358 1725 2431 legem
1744 2359 1857 2432 signifi·

313 2451 375 2501 tem
393 2444 583 2518 aperiendum
601 2446 779 2504 bominibus.
1111 2448 1206 2522 cebet,
1226 2455 1256 2506 et
1268 2449 1318 2506 lex
1330 2449 1478 2507 neminem
1490 2449 1702 2524 adperfectum
1721 2450 1855 2507 adduxit.

347 2538 555 2608 Interrogatio.
574 2535 727 2604 Quomodo
746 2555 764 2593 a
782 2536 938 2610 psalmista
958 2537 1060 2594 dicun·
1111 2535 1138 2589 A
1157 2535 1251 2592 Josue
1271 2541 1373 2592 sutem
1386 2536 1551 2594 circumcisi
1564 2535 1702 2594 suntfilii
1717 2536 1812 2594 lsrael
1825 2542 1857 2594 et

313 2629 364 2679 tur
387 2621 487 2679 omnia
511 2623 568 2680 sub
594 2623 719 2696 pedibus
737 2625 851 2682 Obristi
879 2625 1059 2699 subjecw),
1112 2623 1274 2682 introducti
1291 2624 1322 2680 in
1341 2631 1453 2682 terrem
1475 2625 1729 2699 repromissionis,
1748 2623 1819 2696 quia
1837 2643 1856 2682 e

313 2731 381 2769 oum
400 2713 554 2788 spostolus
567 2713 660 2771 dicat:
673 2734 690 2769 a
702 2715 838 2773 Necdum
850 2715 986 2775 videmus
999 2733 1056 2773 om·
1110 2713 1236 2772 Domino
1255 2715 1354 2772 Jbesu
1366 2714 1485 2770 Christo
1498 2713 1584 2786 qu'us
1597 2711 1786 2786 tyrannidem
1804 2709 1825 2766 J
1826 2727 1856 2766 o-

311 2800 362 2858 niss
380 2801 519 2876 subjecte
537 2801 565 2858 ei
577 2822 594 2856 »
606 2801 655 2875 ⁴)?
1110 2823 1164 2865 sue
1183 2807 1287 2879 gessit,
1300 2805 1404 2876 Isreel,
1423 2804 1454 2861 id
1473 2810 1528 2876 est,
1542 2802 1638 2862 suncti
1658 2803 1695 2860 de
1714 2804 1854 2874 Aegypto

346 2892 518 2962 Responsio.
528 2919 563 2936 -
573 2891 681 2949 Omnia
690 2899 761 2950 sunt
771 2893 906 2966 subjecte
915 2893 979 2966 Dei,
989 2911 1057 2952 cum
1109 2897 1166 2954 hoc
1179 2902 1228 2954 est
1240 2895 1276 2955 de
1290 2894 1422 2952 tenebris
1434 2892 1620 2952 infidelitatis
1633 2891 1742 2963 educti,
1753 2896 1784 2947 et
1796 2907 1857 2946 cor·

310 2980 448 3052 Angelus
468 2985 500 3038 et
517 2980 653 3039 homines
671 2981 742 3039 boui
755 2983 782 3040 ei
796 2999 828 3040 se
847 2983 976 3057 subjecti
988 3001 1055 3042 esse
1111 2986 1157 3044 dis
1177 2985 1431 3043 circumcisionem
1450 2989 1481 3040 et
1493 2983 1633 3058 baptismi
1650 2982 1779 3057 gratiam
1796 2997 1851 3037 nec

311 3078 504 3141 cognoscunt.
532 3072 607 3129 llsli
624 3089 695 3130 vero
723 3073 834 3152 Angeli
861 3081 893 3132 et
919 3075 1055 3134 homines
1109 3091 1169 3133 non
1189 3081 1220 3132 et
1237 3079 1393 3132 oeternum
1405 3073 1620 3130 hoereditatem
1632 3071 1773 3144 consequi
1791 3087 1853 3127 me·

311 3160 428 3218 suntsi
447 3161 581 3234 subjecti,
601 3180 670 3219 cum
693 3162 768 3220 nibil
787 3163 868 3222 eliud
891 3165 950 3222 nisi
976 3166 1055 3238 quod
1110 3169 1244 3222 ruerunt

310 3248 354 3306 eis
372 3249 410 3305 eb
429 3248 494 3323 ipso
512 3251 695 3324 permittitur
714 3270 803 3325 agere
832 3253 1054 3328 deprehendun·
1145 3254 1351 3326 lnonoqatio.
1365 3251 1511 3319 -Quare
1529 3251 1613 3308 Deus
1629 3250 1726 3306 fertur
1743 3247 1853 3306 habere

309 3345 367 3414 tur,
380 3341 429 3399 vel
444 3341 543 3398 omnia
556 3343 584 3400 ei
597 3341 733 3415 subjecte
744 3343 891 3413 dicuntur,
908 3345 979 3418 quia
991 3347 1054 3420 ipse
1109 3343 1212 3400 oculos
1231 3345 1262 3399 et
1274 3347 1391 3398 caetera
1404 3339 1545 3414 membra,
1558 3357 1627 3397 cum
1638 3340 1759 3412 legetur
1770 3338 1853 3395 Deus

310 3445 400 3502 super
428 3432 535 3504 omnis,
555 3438 586 3489 et
604 3433 641 3489 ab
660 3432 725 3506 ipso
752 3434 859 3491 omnia.
887 3435 927 3492 Et
954 3443 1055 3494 tamen
1110 3448 1177 3488 osse
1195 3429 1275 3503 ignis
1294 3427 1493 3486 consumens?

310 3521 437 3578 necdum
465 3523 494 3580 ei
522 3523 657 3596 subjecta
680 3529 752 3582 sunt
779 3525 885 3600 omnia,
913 3527 1057 3586 videlicet
1144 3523 1314 3593 Respomio.
1327 3549 1362 3562 —
1373 3519 1492 3576 Dicitur
1505 3520 1586 3576 Deus
1605 3517 1683 3590 ignis
1702 3535 1779 3591 esse,
1797 3534 1850 3575 neo

310 3627 362 3682 per
380 3611 479 3667 fidem.
1109 3620 1208 3670 temen
1226 3611 1306 3685 ignis
1326 3615 1380 3667 est.
1400 3609 1456 3667 Vel
1475 3610 1545 3682 quic
1561 3609 1730 3681 rubiginem
1748 3625 1851 3682 pecca·

344 3701 551 3775 Iutmopclio.
564 3731 599 3747 ·-
611 3702 710 3771 Qusre
728 3704 811 3762 Deus
829 3723 889 3764 uon
910 3708 1053 3781 Angelos,
1108 3709 1208 3760 torum
1226 3699 1381 3772 consumit,
1400 3699 1451 3757 vel
1469 3699 1540 3773 quis
1557 3700 1589 3756 in
1607 3717 1663 3756 eus
1674 3699 1752 3756 latet
1768 3699 1850 3756 Deus

310 3786 364 3844 sed
383 3805 484 3846 semen
501 3789 640 3848 Abrubee
659 3793 807 3851 nascendo
833 3797 1053 3870 apprehendit?
1107 3798 1224 3864 natura,
1244 3790 1421 3864 sicutignis,
1434 3808 1532 3865 neque
1549 3791 1679 3862 aliquem
1697 3796 1794 3857 nocet,
1813 3789 1852 3846 si-

344 3879 515 3949 Respmceio.
528 3878 647 3936 -Ideo
666 3880 737 3952 quie
754 3899 813 3938 non
832 3883 984 3943 diabolum
1001 3885 1054 3960 qui
1109 3888 1160 3938 cut
1178 3899 1231 3938 uec
1249 3880 1337 3953 ignis,
1356 3880 1499 3954 quamdiu
1516 3879 1549 3936 iu
1567 3897 1624 3937 sue
1641 3879 1718 3936 latet
1734 3885 1850 3936 nature.

310 3971 357 4022 est
382 3966 518 4038 Angelus
543 3967 701 4041 malignus,
730 3971 784 4028 sed
811 3972 961 4031 bominem
989 3978 1055 4032 eret
1108 3972 1217 4029 Oculos
1236 3977 1337 4028 eutem
1350 3970 1459 4028 dicitur
1470 3970 1580 4028 bobere
1598 3969 1717 4044 quiade
1735 3985 1767 4026 se
1786 3969 1850 4028 solo

310 4054 531 4130 redempturus.
1107 4061 1199 4120 videt
1722 4081 1726 4088 ·

345 4295 367 4368 ¹)
385 4291 477 4352 Hebr.
496 4310 515 4367 r,
536 4295 579 4351 14.
1142 4296 1167 4368 ⁴)
1185 4293 1277 4350 Hebr.
1296 4308 1328 4364 11,
1347 4293 1373 4349 8.

343 4381 370 4543 :3
387 4381 576 4544 ξέηιγσέἢνὲ,
597 4381 639 4438 10.
1143 4383 1167 4459 ⁵)
1185 4382 1279 4440 Exod.
1298 4398 1351 4454 111,
1369 4383 1414 4439 48.
