4022 6072
270 459 322 518 146
680 449 782 528 Vetas
798 422 966 548 interpres
989 451 1157 530 Theodori
1176 453 1408 550 Mopsuesteni

267 630 411 693 veterum
434 625 590 692 librorum
621 627 758 693 maxime
789 627 1077 699 ecclesiastieorum
1108 635 1223 716 edidit,
1247 633 1324 718 quin
1348 639 1382 699 et
1404 633 1515 718 plures
1545 633 1701 719 promisit.
1726 631 1811 710 Quos

267 734 334 800 fere
357 755 466 800 omnes
488 733 627 801 nondum
644 738 737 800 notos
755 735 966 803 bibliothecas
983 739 1125 824 gallicas,
1142 741 1276 822 italicas,
1293 740 1443 825 belgicas,
1460 740 1665 821 britannicas,
1690 742 1812 827 saepis·

267 843 345 908 sime
368 842 575 928 perquisitas,
599 842 704 908 denuo
728 846 761 908 et
784 842 1032 929 diligentissime
1055 852 1285 933 perscrutatus,
1309 847 1441 926 invenit,
1467 846 1663 933 collectaque
1686 869 1811 914 summa

266 972 365 1036 opera
387 949 561 1034 criticaque
584 953 653 1015 arte
676 949 762 1015 haud
776 953 956 1035 spernenda
975 954 1143 1039 disposuit,
1160 955 1349 1036 emendavit,
1366 954 1551 1020 illustravit.
1574 953 1688 1039 Itaque
1711 977 1810 1040 quum

266 1057 316 1123 his
339 1057 487 1123 omnibus
509 1061 577 1123 tam
602 1057 682 1122 bene
705 1059 824 1124 curatis
841 1059 969 1128 laudem
985 1063 1103 1128 ordinis
1119 1064 1179 1144 sui,
1196 1063 1288 1129 libris
1305 1067 1338 1128 et
1359 1062 1510 1129 confectis
1534 1068 1567 1128 et
1590 1063 1721 1129 detectis
1743 1064 1812 1130 cla·

265 1165 392 1245 rissimi,
416 1165 465 1231 sui
488 1165 588 1250 ipsius
610 1165 734 1231 meritis
756 1167 874 1232 mirum
897 1173 1053 1252 quantum
1076 1172 1283 1256 promoverit,
1300 1171 1360 1237 hoc
1383 1175 1490 1237 temen
1511 1171 1630 1254 optime
1654 1171 1692 1236 de
1716 1171 1810 1237 theo·

266 1272 351 1358 logis
373 1274 508 1339 meritus
530 1278 589 1353 est,
612 1273 698 1357 quod
714 1275 877 1340 veterrimi
893 1276 1057 1360 cujusdem
1074 1279 1213 1345 auctoris
1229 1278 1474 1345 commentarios
1492 1277 1530 1343 de
1553 1276 1645 1343 Pauli
1669 1278 1808 1362 apostoli

266 1378 410 1466 epistolis
432 1379 608 1446 minoribus
631 1378 754 1464 publici
773 1381 855 1465 juris
879 1381 966 1450 feeit.

316 1487 428 1568 ,Sunt
450 1488 533 1554 enim
557 1487 631 1553 talis
652 1487 847 1574 interpretis,
871 1493 908 1554 ut
932 1491 1054 1577 ingenii
1077 1493 1221 1574 acritate,
1245 1493 1435 1574 subtilitate,
1451 1491 1612 1578 elegantia
1634 1491 1720 1558 inter
1742 1493 1809 1578 pri·

266 1618 390 1663 morum
402 1595 542 1681 quinque
558 1593 718 1662 Ecclesiae
734 1596 935 1664 saeculorum
950 1599 1035 1666 viros
1048 1599 1101 1666 vir
1113 1601 1254 1668 invenias
1265 1623 1387 1687 parem.
1400 1599 1502 1679 Quem
1513 1599 1608 1668 facile
1624 1621 1808 1686 cognosces,

265 1725 330 1770 non
345 1707 437 1770 sueto
450 1702 581 1768 tramite
605 1701 658 1768 sed
677 1723 775 1769 novas
787 1705 961 1772 sententias
977 1712 1011 1773 et
1026 1707 1178 1794 dogmata
1189 1709 1350 1775 interdum
1364 1708 1582 1777 ecclesiasticis
1597 1730 1662 1774 non
1676 1730 1806 1794 prorsus

265 1815 476 1877 consentanea
498 1809 600 1889 ferre3
624 1809 728 1876 virum
753 1832 830 1894 vero
853 1834 921 1879 esse
944 1815 1178 1899 gravissimum,
1203 1817 1346 1902 nihilque
1368 1817 1530 1903 antiquius
1553 1817 1687 1898 hebere,
1710 1839 1808 1902 quam

264 1921 302 1983 ut
324 1917 364 1984 ad
386 1939 491 1983 mores
514 1939 589 1982 vere
611 1917 800 1985 christianos
815 1919 973 1987 lectorum
989 1925 1111 1991 animos
1127 1925 1258 2004 incitot;
1275 1926 1378 1992 multa
1400 1932 1567 2012 praeterea
1589 1927 1702 2006 inesse,
1725 1947 1808 2010 qnae

264 2026 333 2110 ejus
354 2025 388 2090 in
411 2024 508 2090 rebus
531 2025 663 2110 agendis
686 2026 762 2108 vim,
779 2027 953 2111 solertiam,
971 2033 1215 2117 temperantiam
1241 2034 1421 2101 ostendunt.
1441 2033 1555 2120 Neque
1578 2033 1806 2120 negligendum

264 2137 313 2200 est
336 2133 375 2199 de
398 2132 493 2199 rebus
515 2133 565 2199 sui
587 2135 740 2218 temporis
764 2157 835 2201 eum
859 2159 1088 2224 nonnunquam
1104 2137 1184 2205 talia
1198 2139 1362 2220 disserere,
1378 2161 1460 2224 quae
1484 2138 1616 2205 clariore
1639 2137 1710 2204 luce
1732 2159 1809 2226 por·

264 2243 351 2305 recte
373 2238 451 2304 viris
473 2239 628 2305 historiae
651 2241 801 2307 studiosis
817 2241 884 2308 vias
899 2245 1048 2328 aperiunt
1062 2266 1169 2312 noves.
1188 2245 1253 2313 Suo
1268 2246 1370 2332 igitur
1383 2247 1457 2332 jure
1481 2247 1585 2313 editor
1607 2245 1808 2312 doctissimus

264 2345 440 2426 constituit,
456 2349 621 2412 auctorem
637 2349 763 2414 nonnisi
778 2349 862 2415 inter
877 2373 1017 2418 summos
1032 2351 1192 2420 Ecclesiae
1208 2355 1293 2421 viros
1308 2355 1527 2440 quaerendum
1542 2375 1619 2420 esse.
1641 2353 1685 2418 Et
1707 2375 1807 2438 quum

267 2475 348 2538 opus
371 2453 471 2519 latine
493 2455 710 2540 conscriptum
733 2456 871 2540 quadam
894 2458 1088 2526 obscuritate
1103 2464 1136 2526 et
1151 2461 1387 2548 singularitate,
1404 2467 1474 2528 tum
1490 2463 1523 2528 in
1542 2461 1648 2527 verbis
1671 2460 1806 2546 singulis

265 2565 335 2627 tum
358 2563 391 2628 in
415 2583 526 2628 eorum
548 2585 629 2628 neru
646 2567 680 2629 et
695 2563 819 2630 dicendi
834 2567 943 2651 generi
960 2567 1063 2633 simile
1079 2591 1147 2634 esse
1162 2569 1301 2651 ridetur,
1317 2570 1401 2654 quod
1416 2569 1450 2634 in
1464 2568 1581 2634 Hilarii
1598 2567 1805 2634 Pictaviensis

263 2669 355 2736 libris
377 2674 411 2736 et
434 2675 580 2737 occurret
604 2675 637 2736 et
667 2671 824 2754 offendat,
849 2674 953 2739 editor
975 2695 1039 2740 non
1062 2674 1239 2758 dubitavit,
1264 2677 1365 2742 eidem
1388 2676 1456 2743 viro
1479 2675 1631 2762 theologo
1654 2676 1807 2758 tribuere,

266 2777 384 2844 veteris
407 2777 542 2863 gallicae
565 2778 716 2845 ecclesiae
733 2785 807 2864 post
822 2779 990 2847 Irenaeum
1005 2782 1099 2849 facile
1115 2783 1300 2850 clarissimo.
1317 2783 1591 2850 confirmaverunt
1614 2783 1806 2849 sententiam

263 2887 325 2952 riri
347 2885 531 2966 doctissimi,
555 2885 610 2971 qni
634 2890 709 2971 post
733 2908 807 2952 eum
831 2887 869 2954 de
894 2887 1068 2975 Spicilegio
1093 2890 1286 2959 Salsamensi
1309 2890 1516 2970 disseruere,
1535 2888 1570 2973 ¹).

310 2993 430 3060 Verum
446 2994 529 3060 enim
544 3014 620 3060 vero
635 3014 696 3080 ego
712 3017 751 3060 ne
766 2994 863 3061 fando
873 2995 1000 3080 quidem
1013 2999 1130 3082 audivi,
1143 3004 1290 3084 quartam
1302 3021 1369 3065 esse
1382 2997 1626 3084 Spicilegiorum
1638 2997 1754 3084 legem,
1768 3004 1806 3065 ut

262 3124 345 3170 novo
368 3099 468 3186 operi,
491 3106 596 3168 certae
618 3101 743 3183 aetatis,
766 3103 927 3187 quantivis
949 3105 1045 3188 pretii
1067 3107 1203 3192 praefigi
1226 3109 1373 3191 oporteat
1395 3127 1511 3171 nomen
1535 3105 1674 3170 auctoris
1697 3110 1805 3171 tntum

264 3210 508 3296 probatumque.
521 3207 652 3286 Quodsi
667 3209 700 3275 id
712 3209 915 3276 membranae
927 3213 1159 3299 praescriptum
1174 3218 1231 3295 est,
1243 3213 1368 3299 quoties
1379 3213 1502 3279 librarii
1514 3211 1623 3278 fucum
1637 3211 1807 3279 fecerunt?

264 3319 337 3386 Sive
360 3323 467 3385 autem
483 3317 695 3403 archetypum
710 3319 753 3383 sit
769 3318 893 3385 auctori
909 3327 1138 3405 nuncupatum,
1154 3323 1220 3388 sive
1237 3319 1504 3406 anepigraphum,
1519 3319 1603 3386 sicut
1619 3319 1713 3385 codex
1730 3317 1807 3384 Am·

263 3427 433 3507 bianensis,
457 3447 582 3510 semper
604 3427 862 3493 nomenclaturae
885 3429 1029 3513 subrepit
1044 3429 1113 3495 elea
1129 3430 1241 3508 multa,
1258 3451 1315 3496 nec
1338 3429 1398 3493 nisi
1422 3427 1581 3513 probabili
1605 3428 1805 3512 conjecturae

263 3535 353 3601 locus
368 3539 524 3618 superest.
541 3533 711 3618 Opinantis
726 3558 824 3616 more,
841 3558 905 3601 non
921 3538 1101 3616 asserentis,
1118 3537 1152 3599 οὐ
1169 3533 1253 3598 κατὰ
1268 3535 1436 3622 ἀπόφασιν,
1452 3532 1535 3598 ἀλλὰ
1556 3531 1640 3598 κατὰ
1659 3529 1804 3597 ὑπόθεσιν

264 3643 302 3708 de
318 3640 443 3708 Hilario
457 3640 621 3725 loquebar.
637 3641 705 3708 Alii
720 3642 840 3708 dudum
856 3643 1020 3710 excierunt
1036 3643 1196 3710 Hilarium
1213 3643 1444 3710 Arelatensem.
1458 3643 1529 3709 Nec
1544 3643 1649 3709 solum
1666 3642 1806 3708 Isidorus

263 3747 473 3833 Hispalensis,
490 3749 545 3814 sed
555 3748 617 3834 ipsi
634 3747 748 3816 Graeci
763 3751 980 3835 provocabant
996 3751 1036 3817 ad
1054 3749 1205 3818 Paulines
1221 3749 1426 3817 Pictaviensis
1442 3750 1697 3816 commentarios.
1716 3747 1804 3815 Adde

263 3855 347 3942 quod
362 3861 438 3922 tunc
454 3856 608 3940 temporis
622 3856 709 3922 inter
724 3857 874 3924 eeclesiae
890 3858 1035 3926 doctores
1050 3880 1150 3924 novus
1165 3857 1220 3924 ille
1236 3857 1446 3942 assurgebet;
1462 3861 1500 3923 ut
1518 3857 1666 3923 aureolae
1683 3855 1806 3941 aliquid

261 3964 441 4044 adderetur,
464 3964 602 4048 urgebat
624 3963 767 4032 decessor
789 3988 884 4051 quem
907 3967 1016 4032 dixere
1040 3964 1200 4032 Hilarium
1224 3965 1409 4032 secundum.

305 4067 434 4136 Interea
448 4071 571 4155 primus
587 4093 637 4136 me
653 4074 777 4139 monuit
793 4074 909 4140 diserte
925 4073 1057 4140 eximius
1072 4073 1122 4139 vir
1136 4073 1243 4154 hehir,
1256 4073 1307 4140 cui
1322 4072 1363 4139 ad
1375 4094 1504 4139 menum
1515 4075 1606 4139 erant
1622 4070 1804 4137 rarissimae

260 4179 401 4246 Crameri
423 4178 606 4246 Oroniensis
630 4178 769 4246 Catenae
791 4181 961 4265 exquibus
977 4181 1229 4260 resconficItur3
1247 4203 1320 4248 mox
1336 4179 1473 4266 publice,
1491 4186 1528 4247 nt
1546 4201 1653 4264 supra,
1673 4177 1705 4244 J.
1722 4177 1805 4244 Lud.

260 4287 374 4354 Jacobi
385 4281 423 4368 ³).
438 4285 521 4352 Tum
536 4286 632 4354 incidi
647 4287 680 4351 in
696 4309 813 4353 novum
828 4289 966 4356 codicem
983 4286 1233 4369 (landavensem,
1250 4287 1399 4354 aucteriis
1416 4291 1449 4352 et
1464 4285 1674 4353 varietatibus
1691 4281 1805 4369 opple·

260 4401 342 4478 tum,
358 4417 421 4480 quo
436 4394 574 4476 favente,
598 4399 774 4462 statueram
796 4400 903 4463 totum
925 4417 1005 4482 opus
1028 4418 1047 4462 a
1069 4395 1175 4482 capite
1198 4395 1416 4480 redintegrare
1440 4398 1473 4460 et
1496 4397 1645 4477 excerpta
1664 4389 1802 4470 Rabani,

260 4503 441 4586 Lanfranci,
465 4502 600 4570 eliorum
623 4525 661 4569 ex
684 4504 844 4571 codicibus
866 4525 1052 4590 repurgare.
1075 4502 1184 4570 Mores
1205 4503 1349 4570 innexuit
1375 4523 1472 4586 quem
1498 4500 1620 4568 frustra
1646 4497 1803 4586 quaesivi,

261 4612 506 4679 commentarius
529 4612 562 4678 in
585 4612 753 4698 epistolam
776 4612 816 4679 ad
837 4611 1011 4693 Hebraeos,
1034 4633 1093 4678 nec
1115 4611 1250 4678 fortasse
1273 4612 1306 4677 in
1330 4615 1446 4677 nature
1468 4631 1575 4676 rerum
1591 4605 1803 4694 quaerendus.

260 4720 392 4787 Interim
416 4721 541 4787 detecto
564 4721 661 4786 tertio
683 4721 788 4788 codiee
811 4719 1038 4801 Arundelieno,
1063 4741 1161 4786 novus
1184 4718 1366 4786 intercessit
1381 4717 1483 4784 editor
1498 4713 1636 4802 Anglue,
1658 4714 1700 4782 cl.
1718 4736 1747 4780 v.
1764 4711 1803 4778 B.

300 5097 320 5172 ¹)
335 5097 537 5172 recoquens
560 5094 793 5168 Qrcnrtalrcrrift
806 5097 884 5154 1853.
896 5123 933 5140 ι·-
944 5097 1004 5154 La·
1058 5099 1131 5154 eunt
1142 5091 1316 5166 Anglornm,
1331 5091 1492 5164 Gallorum,
1505 5089 1690 5149 Batavorum
1702 5092 1758 5147 etc.

258 5187 398 5245 ttcrtacte
416 5187 578 5261 attrahens!
599 5206 658 5246 von
681 5187 721 5243 Ι)Γ
739 5187 914 5245 Rudelbach
939 5187 1002 5244 und
1093 5181 1697 5255 ²)Deutscdeaettectriftfilrctriatlictee
1706 5180 1803 5236 Ltdca

258 5275 299 5332 Dr
312 5275 441 5334 Gnerike
455 5277 533 5334 1855.
546 5278 692 5336 sexcenta
704 5275 735 5333 id
748 5294 844 5349 genus
857 5273 1003 5349 suffragia
1058 5275 1122 5331 aad
1140 5270 1532 5344 atriatltcbcwcc‘sseascteft,
1551 5270 1630 5326 1854.
