4022 6072
283 605 336 664 150

866 583 1016 664 Sanctus
1035 586 1251 680 depastione
1356 653 1357 658 ,

280 775 404 828 renatus
416 766 508 825 inerit
526 783 564 824 ex
575 783 654 838 equa
672 769 704 822 et
715 761 829 836 Spiritu
844 764 955 831 sancto,
968 776 1028 816 non
1080 758 1200 816 dontius
1225 759 1356 816 asseruit
1374 759 1413 817 ed
1431 761 1582 818 Romanos
1609 760 1724 818 dicens:
1744 780 1761 816 c
1778 761 1826 818 An

280 863 382 934 potest
398 855 522 914 introire
539 855 571 912 in
588 872 716 928 regnum
733 851 869 926 Dei¹)»‚
889 848 1027 922 quidest
1078 850 1223 922 ignoretis
1249 851 1320 925 quie
1345 850 1524 925 quicumque
1550 851 1693 926 baptizeti
1722 869 1826 910 summ

282 950 361 1022 quod
379 965 457 1021 eque
475 965 542 1004 cum
563 946 675 1020 Spiritu
693 945 820 1020 ponitur,
840 949 872 1002 et
889 951 1028 1000 creatura
1079 941 1111 998 in
1138 942 1271 1015 Christo,
1299 944 1331 1000 in
1359 948 1453 1000 morte
1481 943 1576 1017 ipsius
1602 943 1744 1018 baptizati
1772 961 1826 1001 su·

282 1057 351 1096 cum
369 1044 502 1095 creatore
520 1035 607 1110 quusi
625 1039 791 1108 exaequata
809 1033 958 1094 societur?
1079 1036 1200 1109 mus?⁴)
1218 1035 1392 1110 Consepulti
1404 1036 1483 1092 euim
1502 1053 1607 1094 sumus
1620 1053 1689 1093 oum
1706 1035 1760 1092 illo
1773 1053 1825 1109 per

318 1131 489 1202 Responsio.
518 1159 553 1170 -
580 1125 708 1183 Plenum
735 1125 819 1196 fidei,
847 1127 1027 1199 plenumque
1080 1127 1461 1200 baptismumiumortem:
1474 1132 1510 1183 ut
1527 1128 1674 1200 quomodo
1687 1129 1826 1188 Christus

283 1218 405 1294 pietatis
423 1223 471 1275 est
489 1215 631 1274 salutaris
649 1213 791 1287 baptismi
815 1214 865 1272 vel
883 1211 1028 1269 rationem
1082 1217 1246 1275 resurrexit
1264 1236 1282 1272 a
1301 1217 1435 1288 mortuis,
1454 1217 1498 1274 its
1516 1223 1546 1274 nt
1571 1234 1626 1274 nos
1644 1217 1674 1274 in
1693 1220 1827 1277 novitate

283 1326 380 1382 nosse,
400 1310 450 1366 vel
467 1325 598 1364 oensem.
1081 1306 1162 1366 vitae
1180 1309 1376 1366 ambulemus.
1389 1327 1406 1362 a
1425 1310 1466 1364 Ει
1490 1326 1558 1366 oum
1577 1308 1704 1366 dixisset
1726 1328 1827 1368 couse-

318 1399 483 1475 Apostolus
509 1398 548 1453 ed
568 1397 718 1453 Romenm
744 1393 829 1452 dicit:
858 1412 876 1447 s
894 1392 927 1451 si
950 1391 1028 1448 euim
1083 1399 1166 1472 palti¹
1190 1400 1347 1472 magnifiee
1374 1399 1500 1473 adjecit:
1519 1419 1536 1454 ι
1556 1399 1593 1470 Si,
1620 1399 1726 1473 inquit,
1753 1418 1828 1458 nom.

283 1489 394 1551 mortui
417 1505 522 1547 eumue
547 1505 616 1546 oum
634 1486 759 1556 Christo,
786 1484 934 1542 oredimus
958 1482 1030 1556 quive
1082 1491 1210 1564 plantati
1222 1491 1294 1548 fecti
1311 1509 1416 1548 sumus
1430 1489 1616 1548 similitudini
1628 1490 1734 1548 mortis
1752 1491 1827 1564 ejus,

284 1583 375 1642 simul
393 1581 483 1640 eiiam
502 1579 640 1638 vivemus
659 1594 726 1634 oum
743 1576 879 1650 i1102)».
897 1574 963 1631 Ηοο
982 1578 1029 1630 esi
1084 1585 1115 1637 οι
1131 1580 1356 1639 resurrectionis
1375 1581 1486 1638 erimus
1498 1601 1536 1637 »,

283 1673 392 1744 dicere,
407 1671 548 1731 commori
561 1677 592 1728 et
610 1667 786 1740 consepeliri
798 1685 853 1725 nos
865 1685 934 1724 cum
947 1665 1029 1724 chri·
1119 1670 1202 1728 Sicut
1214 1689 1286 1744 orgo
1305 1671 1451 1728 Dominus
1463 1676 1566 1728 noster
1584 1672 1676 1730 Jesus
1690 1672 1827 1732 Christus

282 1771 331 1824 sto
342 1780 467 1822 necesse
485 1768 542 1834 est,
556 1767 592 1819 ut
609 1777 679 1818 cum
693 1759 746 1815 illo
763 1774 921 1831 resurgere
935 1755 1029 1830 possi·
1084 1762 1179 1821 tribus
1199 1764 1304 1822 diebus
1323 1771 1354 1823 et
1370 1766 1466 1824 tribus
1484 1767 1622 1824 noctibus
1635 1768 1828 1840 corporaliter

282 1874 350 1914 mus
362 1861 393 1912 et
404 1854 516 1912 vivere.
529 1851 588 1909 Sed
600 1849 812 1923 requirendum
823 1853 870 1904 est
882 1844 1029 1919 quomodo
1083 1859 1140 1916 gub
1159 1860 1316 1933 „pulohro
1340 1865 1438 1917 tm„
1457 1859 1595 1917 conditus
1617 1859 1713 1918 fuis„
1732 1861 1829 1918 mibi.

282 1948 340 2006 hoc
352 1945 433 2019 quod
445 1947 484 2003 ad
493 1943 650 2003 defunctos
663 1940 803 2016 pertinet,
812 1940 845 1996 in
857 1938 1030 1998 viventibus
1083 1960 1141 2024 tm,
1155 1954 1199 2011 its
1211 1959 1242 2010 st
1253 1953 1342 2010 homo
1360 1970 1413 2026 por
1424 1951 1614 2026 baptismum,
1632 1953 1688 2010 sub
1701 1958 1829 2026 cognato

282 2038 379 2113 possit
396 2035 522 2112 impleri.
1083 2051 1181 2103 terrac
1201 2045 1356 2112 elemento,
1375 2043 1454 2100 trina
1472 2043 1538 2101 vice
1561 2044 1720 2116 depressus
1738 2044 1830 2115 operi·

320 2132 467 2192 Dominus
490 2137 594 2188 nostor
615 2129 708 2186 Jews
726 2125 866 2184 Ohriflilw
887 2121 1031 2180 b0110fi⁰i⁰¹
1084 2143 1149 2194 tur:
1169 2154 1203 2192 ee
1221 2135 1273 2206 sio,
1291 2135 1393 2192 vitalis
1411 2134 1577 2191 imitatione
1595 2134 1738 2208 mysterii,
1758 2134 1830 2191 dum

285 2222 372 2282 nobis
391 2241 448 2281 sua
465 2239 519 2294 pro
531 2225 634 2277 noatm
653 2219 750 2275 salute
762 2213 980 2282 commendere,
1000 2217 1032 2269 et
1086 2226 1276 2298 flemfflgim,
1296 2223 1457 2298 „penem
1482 2225 1554 2282 dum
1572 2224 1717 2295 mim,
1737 2225 1830 2283 moi.

287 2313 415 2372 sollicite
423 2308 682 2370 sensibusnostris
690 2303 863 2365 memorium
872 2320 945 2361 suae
955 2320 1031 2360 mor·
1085 2321 1177 2374 tam,

287 2403 329 2462 tis
347 2409 379 2460 et
391 2401 562 2475 sepulturae
574 2405 607 2455 et
618 2395 847 2454 resurrectionis
859 2393 1031 2466 insculpens
1120 2407 1296 2463 1220111200
1315 2403 1386 2476 quid
1404 2421 1490 2476 aqua,
1510 2403 1581 2476 quid
1602 2403 1730 2476 spiritus
1748 2422 1831 2461 mo.

287 2492 449 2552 iniiffssbffiss
457 2488 598 2565 baptismi
607 2487 734 2546 minist
745 2491 883 2558 mummi
892 2501 945 2559 1³⁰r
955 2501 1031 2558 (11180
1086 2506 1136 2557 tus
1155 2503 1296 2572 operetur
1307 2496 1438 2555 adverte.
1457 2497 1545 2568 Aqua
1557 2497 1642 2553 velut
1653 2483 1829 2553 morientem

289 2584 519 2660 ΙΞῙῙΙἈἈὟΘΠῙΘΒῧθ
536 2582 650 2656 l)rium
668 2579 793 2653 ⁴³15&ssss
805 2579 872 2650 5¹¹0,
893 2596 1034 2636 mmmm*
1087 2592 1207 2648 deducit
1225 2591 1257 2648 in
1275 2591 1431 2647 tumulum.
1451 2589 1579 2662 Spiritus
1604 2593 1727 2646 senctus
1746 2588 1831 2644 velut

287 2677 334 2735 ilfi
352 2683 383 2735 Gi
400 2677 480 2733 inm
491 2691 608 2733 mmm
625 2672 777 2746 &veiim
790 2669 964 2743 ⁰0¹¹⁵⁰P¹1¹iiv
983 2668 1033 2727 ἅθ’
1085 2687 1293 2753 resurgentem
1305 2679 1443 2751 perducit
1454 2679 1493 2736 ad
1505 2679 1630 2736 coelum.
1648 2677 1743 2744 Quem
1759 2693 1831 2733 vere

287 2768 386 2839 mersi,
408 2782 635 2839 resurgeremus
654 2763 718 2822 vii*
743 2768 915 2835 emergenir
934 2761 1032 2818 Grimi·
1086 2789 1140 2846 per
1152 2769 1252 2826 omnia
1263 2770 1361 2826 Deum
1375 2787 1412 2826 ex
1424 2769 1499 2840 ipsis
1511 2785 1642 2840 agnosco
1654 2765 1831 2832 virtutibue;

287 2858 385 2917 nibus.
404 2856 485 2926 Quid
502 2854 568 2928 egit
588 2853 718 2912 artifex?
736 2852 969 2911 Mireriwrditlo
990 2851 1033 2907 in·
1087 2859 1199 2932 absque
1212 2857 1301 2916 dubio
1314 2857 1377 2931 ipse
1395 2857 1469 2914 fecit
1479 2856 1608 2930 primum
1620 2854 1770 2912 hominem
1782 2853 1833 2910 eb-

289 2953 414 3007 ventum
433 2951 482 3004 eet
492 2944 602 3003 tumuli
614 2961 718 3018 genus,
732 2961 790 3016 quo
807 2943 897 3000 sciret
911 2947 1034 3015 peccate
1086 2967 1161 3024 sque
1179 2955 1320 3024 peccem
1344 2947 1506 3021 quinimmo
1531 2947 1640 3003 liberet
1665 2949 1830 3017 epoocato.

289 3037 416 3112 sepelire
435 3042 466 3094 et
487 3040 673 3108 peccatorem
690 3033 820 3091 nesciret
840 3032 974 3090 obruere.
993 3033 1034 3088 Et
1087 3043 1182 3109 Qum
1207 3039 1287 3098 enim
1304 3038 1390 3096 vides
1414 3044 1540 3096 natum
1562 3037 1664 3094 debite
1688 3036 1831 3104 nolente,

289 3125 488 3187 dormiente
507 3124 626 3182 homine
647 3121 818 3192 insontem,
843 3127 986 3193 tunquam
1003 3121 1034 3176 5¹¹
1087 3139 1238 3191 auctorem
1266 3143 1412 3202 cognosce
1431 3134 1564 3187 naturae.
1590 3128 1638 3186 Ad
1655 3127 1751 3202 ipsius
1772 3143 1833 3182 me·

289 3219 481 3292 ⁸01³&th
502 3213 685 3284 dfflffll'ssm·
706 3231 777 3270 ΝΜ
794 3211 944 3287 1²01i³¹ift³t
953 3211 978 3283 8)
996 3209 1035 3265 *d
1085 3223 1229 3296 jestetem
1253 3220 1389 3288 intellige
1415 3219 1572 3294 pertinere,
1600 3225 1664 3276 tum
1689 3218 1721 3274 in
1746 3233 1833 3274 evan·

288 3315 409 3383 portum
419 3313 450 3364 et
457 3307 522 3364 sole
531 3309 708 3378 peterentur
716 3303 826 3360 delicta
835 3301 1034 3374 naufragium.
1088 3310 1168 3383 gello
1186 3311 1278 3383 legisz
1296 3331 1313 3365 e
1326 3313 1419 3368 Nemo
1444 3315 1544 3382 potest
1563 3309 1673 3367 donare
1697 3312 1830 3382 peccate,

289 3398 330 3454 Et
339 3401 495 3471 propterea
503 3412 581 3467 eque
589 3402 620 3451 ot
627 3393 755 3468 Spiritus
765 3392 917 3452 socientur
927 3391 1034 3462 censis,
1088 3398 1146 3456 nisi
1159 3400 1242 3456 solus
1254 3400 1338 3456 Dens
1346 3399 1370 3472 ⁵)
1382 3419 1417 3453 ι.
1430 3399 1542 3455 Beatus
1555 3398 1663 3454 Petrus
1676 3415 1745 3454 cum
1757 3397 1834 3452 Aue·

289 3489 344 3546 sed
356 3486 509 3545 beneficiis
521 3492 706 3560 separantur.
723 3484 897 3560 Requiritur
914 3503 985 3556 ergo
1002 3483 1035 3540 iu
1088 3490 1168 3548 uiam
1192 3491 1256 3547 voti
1275 3507 1360 3546 reum
1383 3489 1415 3546 in
1433 3489 1647 3561 Apostolorum
1666 3488 1762 3560 gestis
1788 3505 1835 3544 ss·

289 3575 479 3650 bsptismatis
503 3575 699 3634 sacramentis
711 3593 790 3648 equa
801 3579 922 3649 propter
940 3573 1037 3644 sepul·
1089 3579 1219 3651 orilegae
1237 3577 1501 3654 praevaricationis
1523 3582 1672 3650 argueret,
1692 3575 1834 3650 Spiritum

289 3671 401 3734 turam:
419 3664 548 3738 Spiritus
561 3669 684 3722 sanetus
696 3669 818 3738 proptor
829 3663 924 3720 vitem
942 3667 1036 3722 eeter-

289 3773 367 3812 uam
381 3755 515 3812 Remove
528 3752 672 3811 creatoris
690 3770 806 3825 nomeu,
818 3758 849 3810 et
866 3769 927 3809 non
944 3753 1037 3810 hebet

290 3849 428 3903 creature
445 3846 525 3918 quod
549 3850 691 3918 praestet.
710 3845 793 3902 Haeo
812 3843 1036 3901 similitudinem

291 3933 396 3990 mortis
420 3932 569 4006 imitetur;
587 3932 639 3990 ille
657 3932 817 3991 veritetem
843 3931 950 3990 salutis
970 3949 1037 3989 exe·

292 4023 401 4096 quitur.

328 4114 410 4173 vm.
424 4117 621 4188 [conopaeo
635 4145 667 4157 -
680 4114 817 4173 Dilucide
835 4121 970 4173 reserata
988 4121 1038 4172 est

292 4203 325 4262 in
337 4203 478 4278 baptismi
489 4203 605 4261 ratione
618 4203 806 4276 profunditas
819 4220 970 4262 sensuum.
983 4204 1039 4262 Re-

295 4300 416 4353 statut
440 4295 679 4352 testimoniorum
702 4299 847 4366 sequatur
867 4293 1038 4352 auctoritas

294 4386 340 4444 Ed
358 4385 426 4442 ideo
448 4384 501 4443 ubi
519 4384 618 4458 gretie
639 4383 782 4458 baptismi
800 4383 897 4454 morti,
922 4385 972 4441 vel
991 4402 1038 4442 se·

294 4476 442 4550 pulturae,
454 4475 504 4532 vel
517 4472 727 4536 resurrectioni
739 4473 910 4530 Dominicse
923 4490 1040 4546 compe·

294 4571 385 4635 retur,
399 4565 566 4623 coutirmsri
577 4565 634 4622 hoc
648 4581 759 4636 quaeso
778 4561 867 4620 etiam
881 4561 1039 4619 canonicae

294 4653 430 4712 lectionis
448 4653 585 4713 oraculis.

330 4744 502 4814 Responsio.
513 4773 549 4786 -
562 4740 755 4814 Adiutorium
768 4743 815 4797 est
830 4737 1040 4812 disputationis

295 4834 367 4893 ordo
385 4838 418 4891 et
441 4831 601 4907 prudentia
619 4829 811 4890 sciscitantis.
837 4827 927 4886 Morti
946 4834 976 4885 ct
995 4845 1041 4884 se·

295 4923 434 4994 pulturae
451 4938 487 4978 eo
503 4919 714 4978 resurrectioni
731 4918 905 4976 Dominicae
924 4917 1040 4974 assimi-

295 5011 358 5068 lare
370 5009 552 5084 beptismum
564 5008 668 5066 multis
681 5006 801 5081 quidem
813 5006 895 5080 locis,
914 5006 968 5063 sed
980 5006 1041 5064 evi-

336 5230 358 5305 ¹)
376 5233 424 5290 Jo.
443 5249 487 5304 111,
507 5234 532 5288 5.

335 5321 358 5390 ²)
376 5321 462 5378 Rom.
482 5337 521 5390 vr,
540 5323 567 5379 8.

335 5409 358 5486 ³)
378 5410 423 5470 Id.
441 5411 505 5468 cod.
524 5414 768 5486 properaretur.

1090 3673 1228 3725 sunctum
1252 3668 1349 3724 Deum
1376 3684 1443 3724 osse
1467 3671 1599 3724 testatus
1624 3671 1685 3732 est,
1714 3665 1834 3721 diceus:

1090 3776 1107 3811 ι
1120 3757 1194 3824 Quis
1217 3757 1361 3832 compulit
1379 3763 1410 3816 te
1427 3755 1548 3813 mentiri
1566 3755 1689 3830 Spiritui
1708 3753 1836 3812 sancto?

1090 3849 1155 3906 Nou
1175 3867 1207 3905 es
1226 3848 1370 3906 mentitus
1388 3847 1564 3918 hominibus,
1586 3847 1640 3905 sed
1658 3845 1796 3918 Deo⁶)›.

1125 3939 1180 3996 IX.
1192 3941 1390 4012 Iutenopetio
1405 3942 1466 3997 eice
1479 3939 1690 4011 erumpente
1702 3939 1832 4009 objectio.

1090 4061 1127 4074 -
1144 4031 1209 4088 Non
1229 4029 1331 4086 stetim
1347 4046 1384 4085 ex
1402 4028 1460 4085 hoo
1472 4028 1598 4102 Spiritus
1617 4035 1740 4086 sanctus
1751 4028 1835 4084 Deus

1092 4137 1160 4177 esse
1177 4120 1343 4177 credendus
1362 4129 1418 4190 est,
1437 4119 1509 4191 quia
1527 4119 1579 4191 qui
1598 4137 1666 4176 eum
1684 4117 1835 4190 fefellerit,

1091 4212 1156 4269 Deo
1179 4209 1287 4268 dicitur
1305 4229 1371 4269 esse
1396 4210 1548 4267 mentitus.
1567 4209 1645 4266 Nam
1670 4209 1764 4283 siquis
1785 4209 1837 4265 ho·

1091 4300 1164 4358 mini
1181 4300 1351 4369 mentietur,
1370 4300 1401 4356 in
1419 4300 1517 4357 Deum
1534 4316 1655 4372 peccare
1675 4298 1837 4373 deprehen·

1093 4390 1181 4460 ditur,
1201 4389 1349 4462 siquidem
1367 4407 1436 4446 eum
1448 4389 1500 4462 qui
1518 4388 1632 4445 veritas
1654 4393 1709 4460 est,
1728 4388 1837 4462 specia-

1092 4477 1163 4535 liter
1174 4478 1298 4536 offendit
1310 4479 1337 4535 is
1349 4477 1400 4550 qui
1412 4483 1619 4550 transgressor
1630 4481 1678 4534 est
1691 4474 1837 4532 veritatis

1128 4570 1297 4640 Responsio.
1317 4595 1353 4610 -
1370 4567 1562 4638 Consequens
1586 4570 1713 4622 nonest
1734 4569 1768 4622 ut
1787 4561 1839 4635 qui

1093 4655 1273 4714 oblationem
1291 4657 1355 4713 Deo
1374 4661 1506 4725 voverat,
1525 4652 1599 4710 etin
1619 4657 1783 4710 creatorem
1795 4651 1839 4707 in·

1094 4746 1222 4803 devotus
1246 4743 1395 4812 extiterat,
1417 4743 1476 4800 iste
1500 4741 1601 4798 nescio
1626 4739 1674 4798 cui
1698 4739 1841 4810 (ministe-

1093 4833 1139 4890 ria
1151 4830 1232 4889 aliud
1252 4831 1402 4904 esserunt)
1418 4835 1572 4887 creaturae
1591 4827 1839 4901 transgressionis

1094 4921 1210 4979 debitor
1234 4926 1397 4994 appeteret
1417 4919 1533 4976 dicente
1559 4918 1710 4990 apostolo:
1729 4937 1746 4971 ι
1765 4915 1839 4985 Quis

1095 5009 1237 5084 compulit
1255 5017 1286 5067 te
1305 5009 1423 5068 mentiri
1442 5009 1564 5082 Spiritui
1584 5013 1688 5066 sancto
1702 5025 1741 5079 »ς
1760 5024 1840 5063 cum·

1131 5240 1155 5310 ⁴)
1174 5239 1260 5295 Rom.
1279 5255 1319 5305 vr,
1339 5237 1364 5308 3,
1383 5237 1409 5293 4„

1133 5329 1155 5400 ⁵)
1174 5325 1265 5382 Marc.
1286 5343 1319 5394 11,
1340 5327 1366 5382 7.

1132 5417 1155 5494 ο)
1173 5417 1240 5471 Act.
1260 5430 1287 5476 v.
1306 5416 1333 5470 4.
