4022 6072
283 513 318 570 ss
902 503 1001 580 Titos
1018 504 1214 584 Bostrensis

281 676 320 741 τθ
343 677 483 742 ποικίλον
509 688 572 742 τῶν
589 676 766 768 χρωμάτων
782 677 836 741 καί
859 687 921 741 τῶν
946 669 1030 743 ἐθισ-

282 785 390 874 μάτων
422 787 476 850 eet
507 786 659 876 πομάτων
690 787 728 852 τὸ
760 779 922 875 θιάρορον,
949 788 1027 877 άπερ

282 887 499 986 άναλαμύάνει
522 919 559 987 γε
576 895 754 984 θαυμασίως
771 906 840 970 ταῖς
865 893 1026 968 αἰσθήσεσι

280 1011 342 1068 τῶν
365 1006 628 1095 προσφερομένων.

1082 702 1223 767 gnopere
1245 683 1351 766 decet,
1374 685 1435 750 iste
1458 686 1672 772 reprehendit.
1705 687 1825 776 Perget

1081 791 1178 856 etism
1201 795 1233 857 et
1247 792 1408 877 improbet
1423 795 1611 860 varietatem
1626 797 1768 862 colorum
1790 803 1824 864 et

1079 899 1296 966 diversitatem
1318 901 1462 968 ciborum
1485 908 1518 969 et
1540 905 1716 988 potionum,
1741 929 1823 991 quse

1080 1007 1270 1074 mirabiliter
1292 1031 1402 1075 sensus
1419 1015 1565 1078 recreent
1580 1034 1690 1078 eorum
1706 1014 1820 1097 quibus

1078 1114 1280 1182 adhibentur.
1730 1112 1733 1117 ¹

848 1653 903 1718 Ἐκ
927 1663 981 1718 τοῦ
1005 1653 1075 1743 περὶ
1100 1655 1255 1743 Προνοίας.

323 1870 367 1932 Ob
391 1867 539 1959 προσήκει
553 1866 577 1955 ¹)
601 1874 676 1956 ἡμῖν
693 1867 828 1934 ἑκάστου
851 1878 912 1934 τῶν
936 1893 1021 1958 γινο-

278 1975 375 2063 μένων
399 1974 483 2065 παρά
508 1980 585 2041 Θεοῦ
602 1975 662 2046 τὴν
686 1967 843 2054 ἀπόδειξιν
867 1979 1020 2053 ἀπαιτεῖν,

276 2084 342 2149 ἐπεὶ
372 2085 579 2173 χαλεπωτέρα
610 2085 732 2174 γίνεται
764 2093 821 2160 τῆς
849 2087 1018 2174 άγνοίαςή

275 2191 406 2264 τοιαύτη
432 2202 553 2283 γνῶσις·
577 2197 616 2268 ὡς
641 2185 692 2257 διά
717 2193 837 2258 τούτοιν
862 2185 1021 2260 δυσωπου-

277 2299 369 2389 μένου
400 2309 456 2364 τοῦ
480 2309 550 2376 νοῦ,
576 2301 625 2364 ὅτι
656 2298 824 2388 μανθάνοι·
850 2299 953 2377 άλλως
987 2293 1020 2367 dt

275 2400 347 2474 οὐδὲ
370 2400 620 2496 καταθεξομένου
643 2409 717 2498 πρὸς
749 2400 871 2474 θιιιαίαν
904 2415 1020 2476 οἰκονο-

277 2519 351 2604 μίαν
376 2507 462 2580 otto
485 2510 526 2580 ὧν
552 2508 661 2581 θιοίκει
684 2521 699 2580 ὁ
723 2517 811 2592 Θεύς·
837 2518 961 2600 βέλτιον
986 2509 1019 2583 δὲ

276 2629 295 2698 ἡ
321 2625 396 2714 πρὸς
413 2626 492 2690 Θεθν
509 2627 612 2700 πίστις
628 2649 664 2690 τε
680 2625 734 2690 καὶ
750 2616 897 2702 θιάθεσις.
915 2631 950 2689 Ei
966 2627 1020 2691 καί

276 2721 352 2820 δίχα
376 2742 430 2796 τοῦ
454 2731 589 2822 καθορᾶν
612 2733 667 2797 τὸν
693 2742 762 2797 νοῦν
791 2741 853 2796 τῶν
878 2756 1019 2822 πραττο-

276 2839 386 2930 μένων,
397 2837 522 2928 θαρσοίη
536 2851 576 2926 τῇ
589 2851 643 2904 τοῦ
657 2830 845 2916 διοικοῦντος
859 2839 1018 2930 ὀρθότητι·

274 2949 341 3013 ἐπεί
364 2972 414 3014 τοι
437 2948 474 3014 τὸ
500 2939 540 3012 δι’
557 2940 742 3026 ἀποδείξεων
758 2959 923 3039 πανταχοῦ
944 2975 1019 3042 προ-

273 3049 458 3134 ύιθάζεσθαι
475 3059 604 3122 άπιστίιι
621 3067 721 3146 σαρῆς
739 3060 859 3144 μᾶλλον
876 3057 895 3130 ἢ
913 3062 1016 3135 πίστις

274 3163 310 3230 ἂν
331 3166 375 3236 εἴη
395 3163 518 3230 αὐτίκα
537 3155 607 3228 οὐδὲ
623 3167 729 3252 ριθιους
746 3167 889 3254 γνησίους
906 3167 1021 3230 πολλοί

273 3263 529 3360 περιεργάζονται
545 3280 590 3352 τῷ
615 3263 813 3354 άνεξετάστῳ
831 3279 889 3347 τῆς
914 3295 1021 3337 συνου-

273 3379 339 3451 σίας
361 3379 397 3440 τὸ
415 3377 542 3466 γνήσιον
560 3376 717 3466 νέμοντες,
734 3383 773 3452 ὡς
792 3367 900 3466 ῥαθίως
918 3377 963 3443 ἐπ’
984 3382 1020 3442 ά-

273 3487 383 3566 πιστίᾳ
405 3475 658 3572 θιαύαλλόμενοι,
675 3488 701 3548 εἰ
718 3475 879 3572 μηδέποτε
894 3486 932 3549 τὸ
950 3483 965 3549 θ
992 3511 1021 3576 ρ-

274 3601 336 3655 σεῐν
349 3589 471 3665 τούτοις
485 3589 565 3678 μετά
578 3611 615 3678 γε
628 3589 687 3660 τὴν
700 3601 809 3678 πεῖραν
820 3591 1018 3680 παρέχοιντο.

272 3697 363 3761 Οὕτω
388 3687 425 3766 δὴ
452 3696 505 3760 καὶ
529 3699 544 3758 d
569 3696 646 3772 oet<
671 3696 812 3785 poitiers
831 3699 1018 3786 βουλόμενος

272 3807 356 3890 ἡμᾶς
381 3792 555 3866 διακεῖσθαι
577 3804 651 3892 πρὸς
675 3804 769 3867 αὐτὸν
792 3805 935 3894 γνησίως,
960 3807 1019 3893 οὐχ

273 3909 398 3974 ἅπασαν
415 3919 472 3985 τῆς
488 3913 599 3975 ἑαυτοῦ
616 3913 762 4000 Προνοίας
780 3905 941 3998 σαφηνίζει
958 3911 1017 3976 τὴν

272 4019 436 4106 ἐνέργειαν·
451 4015 538 4082 ἔθελε
550 4016 610 4108 γάρ
626 4023 711 4106 ἡμᾶς
729 4022 849 4106 μᾶλλον
862 4017 1016 4082 πιστεύειν

271 4125 290 4198 ἥ
313 4127 455 4191 άπιστεῖν
473 4129 569 4209 αὐτῷ,
586 4131 620 4191 ού
635 4125 698 4214 μὴν
716 4117 779 4190 οὐθ’
797 4126 921 4192 ἅπασαν
940 4130 1017 4192 άπο·

271 4235 409 4325 κρύπτει,
423 4233 506 4300 ἀλλὰ
523 4227 561 4300 δι’
579 4236 666 4301 ἐνίων
683 4227 924 4327 ύποθειγμάτων
941 4234 1015 4325 ὑπὲρ

271 4336 346 4408 είθει
370 4345 484 4433 τρόπον
507 4331 580 4408 τινα
604 4346 658 4408 τὀν
682 4344 833 4433 opsequ
858 4353 937 4408 νοῦν.

1119 1871 1215 1938 Haud
1227 1871 1318 1938 nobis
1329 1870 1417 1937 decet
1429 1871 1629 1956 singulorum
1641 1893 1722 1956 quoe
1734 1872 1819 1937 fiunt

1074 1979 1816 2064 demonstrationemDeoposcere3siquidem

1076 2087 1255 2172 hujusmodi
1267 2086 1408 2170 cognitio
1421 2085 1587 2166 difficilior,
1601 2087 1752 2172 pejorque
1769 2093 1818 2152 est

1075 2217 1170 2279 quum
1193 2194 1386 2279 ignorantia,
1402 2197 1439 2259 ut
1458 2194 1569 2259 exinde
1585 2195 1684 2260 menti
1707 2194 1818 2278 displi-

1075 2309 1145 2370 ceat
1167 2303 1252 2387 quod
1268 2302 1420 2368 didicerit.
1437 2300 1591 2387 Alioquin
1609 2302 1689 2367 nihil
1709 2291 1818 2366 eorum

1074 2429 1154 2492 quse
1178 2408 1265 2474 Deus
1288 2408 1447 2494 gubernet
1474 2408 1515 2474 ad
1542 2409 1663 2493 justum
1687 2429 1818 2474 oecono-

1074 2519 1170 2583 miam
1183 2516 1329 2584 referret.
1346 2517 1460 2583 Melior
1474 2521 1583 2583 sutem
1599 2517 1695 2582 estin
1712 2515 1816 2582 Deum

1074 2624 1150 2689 fides
1174 2629 1206 2690 et
1222 2623 1422 2690 obedientie:
1439 2626 1472 2689 et
1486 2623 1630 2709 quemvis
1647 2644 1736 2688 meus
1755 2644 1818 2687 uon

1073 2730 1244 2815 perspiciet
1266 2752 1348 2815 quse
1370 2730 1464 2812 fiunt,
1488 2729 1625 2796 confidet
1647 2734 1733 2796 recto
1757 2750 1819 2814 gu·

1073 2837 1231 2919 bermuti,
1247 2837 1501 2922 quandoquidem
1513 2836 1545 2902 in
1558 2837 1705 2903 omnibus
1722 2836 1816 2902 rebus

1073 2943 1186 3009 adduci
1208 2945 1404 3030 argumentis
1420 2949 1453 3009 et
1470 2943 1720 3028 probationibus,
1742 2965 1816 3009 mox

1072 3052 1180 3135 potius
1195 3053 1256 3118 erit
1268 3052 1400 3136 perfidio
1416 3073 1513 3135 quem
1528 3051 1731 3118 fides.1mmo
1748 3050 1816 3137 ple-

1075 3159 1165 3243 rique
1188 3160 1221 3225 in
1245 3160 1399 3245 genuinos
1423 3161 1541 3226 amicos
1564 3183 1627 3226 nou
1650 3160 1817 3244 inquirunt

1074 3267 1207 3347 curiose,
1231 3266 1408 3352 legitimum
1429 3268 1601 3334 amicitiam
1617 3267 1687 3351 ipso
1709 3271 1817 3332 amoto

1073 3374 1277 3459 inquisitione
1294 3375 1476 3454 reddentes3
1490 3373 1583 3440 focile
1599 3378 1705 3438 eutem
1719 3374 1752 3437 in
1764 3394 1817 3439 sc·

1074 3483 1268 3548 cusationem
1285 3482 1482 3548 infidelitatis
1498 3482 1675 3561 incurrunt,
1692 3481 1718 3546 si
1735 3503 1817 3547 nun·

1072 3612 1169 3674 quem
1193 3591 1335 3674 periculo
1350 3591 1450 3674 probe
1467 3589 1552 3656 fecto
1569 3589 1739 3654 confident.
1764 3589 1817 3655 Sic

1073 3697 1171 3762 etiam
1195 3697 1291 3778 Deus,
1315 3721 1388 3764 cum
1411 3697 1547 3763 maxime
1578 3696 1656 3762 velit
1679 3701 1716 3762 ut
1739 3717 1817 3782 erge

1072 3803 1177 3888 ipsum
1199 3804 1320 3870 sincere
1343 3809 1478 3885 stemus,
1501 3826 1565 3869 non
1589 3825 1713 3870 omnem
1737 3803 1816 3869 Pro·

1071 3911 1228 3977 videntiue
1243 3933 1319 3978 suae
1335 3911 1399 3977 vim
1413 3911 1573 3989 ἀορίστοις
1590 3911 1660 3976 uult
1679 3912 1763 3978 enim
1779 3915 1816 3976 ut

1072 4020 1101 4085 ei
1117 4020 1282 4086 credemus
1295 4020 1397 4105 magis
1408 4041 1504 4105 quem
1517 4021 1555 4086 de
1571 4041 1609 4085 eo
1621 4019 1815 4097 diffidemus;

1071 4146 1173 4211 neque
1190 4148 1305 4208 rursus
1328 4147 1453 4192 omnem
1469 4125 1670 4193 efficientiam
1685 4148 1743 4191 nos
1766 4149 1816 4194 cc·

1069 4233 1129 4314 lat,
1145 4233 1198 4299 sod
1214 4233 1403 4317 quibusdum
1415 4233 1569 4318 exemplis
1584 4233 1815 4317 quodammodo

1071 4347 1211 4410 mentem
1234 4347 1376 4409 nostrum
1399 4365 1525 4408 sursum
1547 4342 1710 4408 informet.
1807 4353 1810 4360 '

308 4682 330 4757 ¹)
348 4681 418 4740 cod.
437 4680 557 4742 Ooislin.
582 4683 632 4739 iol.
654 4684 716 4740 214.
740 4682 783 4740 Cf.
808 4684 919 4740 Potrol.
938 4697 1016 4740 xvm
1036 4681 1090 4740 col.
1111 4681 1182 4738 1180
1199 4682 1235 4738 D.
