4022 6072
915 493 1063 568 Sanctus
1081 494 1237 571 Basilius

902 881 1103 949 Panaenus
1119 833 1174 949 ιν
1192 880 1227 967 Ι).

340 1116 370 1157 v.
398 1095 426 1175 7,
451 1095 482 1159 8.
507 1093 561 1168 Τίς
585 1083 675 1170 δείξει
698 1099 773 1183 ήμῒν
798 1093 839 1159 τά
857 1093 1013 1184 ἀγαθά;...
1032 1087 1174 1171 Ἔδωκας
1192 1096 1380 1186 εύφροσύνην
1398 1103 1439 1174 είς
1457 1098 1515 1172 τήν
1533 1092 1664 1189 καρδίαν
1689 1126 1759 1191 μου,
1777 1103 1838 1168 ἀπὸ

297 1208 415 1288 καρποῦ
440 1200 526 1264 σίτου
551 1199 606 1263 καί
628 1202 709 1264 οἴνου
733 1201 786 1264 καί
810 1203 915 1266 ἐλαίου
940 1204 1042 1267 αύτῶν
1066 1201 1341 1286 έπληθύνθησαν.,

344 1308 423 1389 Queie
439 1309 687 1376 osculamus
704 1311 784 1378 loeta
794 1313 841 1377 t...
859 1311 991 1378 Dedisti
1005 1312 1162 1379 laetitiam
1179 1315 1213 1379 ia
1229 1315 1321 1381 eorda
1336 1336 1413 1397 ιιιεο,
1430 1319 1574 1402 atruatu
1587 1321 1753 1402 frueueuti³
1770 1322 1840 1386 ιυίιί

296 1423 325 1482 et
349 1417 410 1483 alei
433 1438 541 1483 aarum
562 1417 686 1500 impleti
708 1425 794 1485 auat.

342 1632 395 1701 iiia
423 1622 457 1694 δέ
480 1629 534 1694 καὶ
557 1635 633 1718 ήμῒν
660 1636 679 1705 ή
712 1627 796 1721 ψυχὴ
829 1631 953 1720 πλήρης
977 1644 1042 1699 τῶν

294 1747 516 1825 πνευματικῶν
541 1737 685 1829 ἀγαθῶν,
710 1742 787 1823 σίτῳ
817 1739 965 1830 βρίθουσα
988 1743 1042 1807 καὶ

294 1848 365 1929 οἴνῳ
390 1846 444 1910 καί
468 1848 580 1930 taeta!
604 1857 649 1930 τῷ
674 1848 740 1936 μὲν,
763 1854 803 1923 ὡς
830 1850 916 1938 λόγῳ
940 1875 1041 1939 πρακ-

295 1965 385 2030 τικῆς
401 1953 542 2046 γνώσεως
559 1948 780 2044 στηριζομένη·
795 1965 840 2039 τῷ
858 1946 901 2039 δὲ,
914 1963 954 2033 ὡς
971 1956 1040 2041 θείῳ

294 2060 380 2144 πόθῳ
396 2062 451 2124 καί
467 2064 666 2145 ἀνανεωτικῷ
683 2073 741 2137 τῆς
759 2069 831 2128 κατ’
845 2065 948 2152 ἔφεσιν
966 2067 1040 2155 πρὸς

294 2170 374 2232 Θεύν
400 2173 548 2258 ἐρωτικῆς
565 2163 653 2246 ἕξεως
671 2172 905 2260 εύφραινομένη·
926 2182 972 2255 τῷ
996 2165 1040 2256 δέ,

294 2282 334 2351 ὡς
358 2277 431 2358 λείῳ
456 2277 509 2339 καί
533 2281 643 2365 ὁμαλῷ
668 2278 721 2342 καὶ
753 2269 878 2369 διαυγεῖ
900 2279 953 2343 καὶ
978 2303 1041 2368 φω·

295 2393 436 2465 τιστικῷ,
462 2385 516 2446 καί
537 2387 655 2460 παντὸς
672 2377 807 2474 γεώδους
823 2385 972 2476 ἐλευθέρῳ
996 2412 1042 2451 κι-

294 2494 446 2580 νήματος,
463 2503 520 2566 τῆς
540 2491 688 2568 ἀπαθείας
701 2494 807 2582 τρύπῳ
824 2519 859 2559 τε
876 2495 931 2558 καί
945 2495 1040 2585 λόγῳ,

294 2599 331 2664 τὸ
355 2598 519 2687 πρόσωπον
546 2599 750 2688 ίλαρυνομένη
777 2611 840 2664 τῶν
866 2613 993 2692 αρετῶν.

1142 1638 1279 1705 Utinam
1301 1638 1479 1722 impleatur
1495 1640 1604 1708 anima
1621 1646 1732 1707 nostra
1747 1641 1841 1708 bonis

1096 1741 1522 1831 spiritualib1m‚frumento
1547 1749 1683 1829 satiata,
1708 1749 1783 1815 vino
1808 1753 1841 1814 et

1096 1854 1186 1920 oleo!
1210 1855 1386 1936 frumento,
1404 1877 1468 1939 qno
1484 1856 1704 1923 velutiverbo
1722 1857 1840 1922 confir·

1095 1965 1203 2027 metur
1226 1961 1334 2026 anima
1363 1961 1557 2028 inscientia
1581 1963 1726 2042 εθὶοοοος
1750 1964 1838 2041 vino,

1096 2089 1160 2150 quo
1177 2072 1345 2152 tamquam
1362 2068 1473 2134 divino
1498 2070 1657 2136 desiderio
1681 2075 1839 2136 renovata

1094 2175 1291 2241 laetificetur
1302 2176 1401 2241 alacri
1413 2177 1539 2261 impetu
1553 2178 1586 2242 in
1599 2177 1706 2243 Deum
1719 2177 1841 2244 haben·

1096 2285 1188 2360 dum;
1206 2288 1239 2350 et
1256 2283 1338 2362 oleo,
1355 2286 1448 2369 quasi
1464 2287 1618 2352 unctione
1634 2286 1720 2352 laevi
1736 2293 1769 2352 et
1786 2311 1840 2352 ae·

1095 2393 1228 2478 quabili‚
1245 2393 1352 2458 lueida
1376 2394 1570 2474 etiamtum,
1588 2417 1671 2479 quae
1692 2396 1733 2460 ab
1751 2395 1839 2460 omni

1094 2506 1224 2566 terreno
1249 2505 1341 2566 motu
1365 2500 1408 2566 sil
1429 2500 1594 2581 immunis,
1611 2503 1708 2568 modo
1733 2508 1767 2568 et
1789 2525 1841 2567 ra-

1095 2608 1183 2674 tione
1208 2607 1393 2693 passionem
1417 2614 1601 2691 amovente,
1625 2611 1710 2676 unde
1741 2609 1840 2675 facies

1094 2713 1136 2779 sit
1159 2713 1335 2780 virtutibus
1359 2714 1551 2782 exhilarata.

938 3035 1136 3103 PSALMUS
1160 3036 1202 3104 V.

338 3275 369 3319 v.
393 3253 460 3317 2-4.
485 3248 533 3316 'ra
556 3249 685 3342 ῥήματά
709 3274 768 3340 μου
793 3251 947 3332 ἑνωτίσαι,
965 3249 1065 3341 Κύριε,
1156 3251 1199 3316 To
1222 3250 1305 3341 apat
1326 3251 1490 3338 είσακούσῃ
1516 3261 1573 3328 τῆς
1598 3261 1700 3342 φωνῆς
1725 3275 1794 3342 μου.

421 3361 523 3430 Varla
545 3383 615 3428 mea
637 3362 772 3428 alitibus
789 3362 928 3442 percipe,
951 3361 1099 3444 Domine,
1125 3361 1292 3429 ...Meua
1313 3363 1465 3428 exaudies
1486 3381 1588 3429 vocem
1611 3383 1721 3429 uteam.

338 3570 483 3660 Διαφέρει
507 3564 541 3638 δέ
557 3572 594 3638 τδ
612 3573 734 3639 ἀκούειν
758 3584 814 3640 τοῦ
831 3565 1041 3652 ένωτίζεσθαι,

294 3679 343 3743 ὅτι
361 3679 398 3743 τδ
416 3676 470 3769 μέν
487 3679 610 3745 ἀκούειν
628 3670 762 3757 διανοίας
779 3683 874 3758 ἐστιν,
891 3687 930 3756 ὡς
948 3672 1043 3752 δηλοῖ

294 3789 309 3848 ὁ
334 3785 453 3875 Κύριος·
477 3778 620 3876 διεγείρω
644 3793 685 3864 εἰς
713 3789 750 3853 τὸ
783 3797 917 3864 συνετῶς
941 3812 1042 3852 κατα-

293 3893 393 3960 κούειν
415 3905 471 3960 τοῦ
496 3897 698 3984 βουλήματος
722 3906 785 3961 τῶν
808 3897 998 3987 λεγομένων·
1024 3901 1039 3961 ύ

293 4004 374 4092 ἔχων
399 3996 467 4068 ὦτα
493 4003 624 4088 ἀκούειν,
647 4004 795 4070 ἀκουέτω.
820 3999 1040 4083 Ἐνωτίζεσθαι

294 4104 329 4178 δέ
352 4117 421 4178 ἐστι
442 4112 481 4177 τὸ
498 4108 587 4200 ψιλὸν
606 4113 660 4178 τὀν
678 4109 758 4202 ἦχον
777 4113 951 4179 ἐντίθεσθαι
975 4124 1040 4190 τοῖς

295 4212 363 4286 ὦσι.

339 4329 433 4415 Τάχα
458 4316 490 4390 δὲ
513 4327 631 4416 πρωίαν
656 4327 790 4393 ἐνταῦθα
811 4324 958 4418 ὀνομάζει
981 4328 1041 4401 τήν

294 4435 356 4498 ἀπὸ
380 4444 435 4497 τοῦ
453 4434 567 4499 σκύτου
584 4445 639 4499 τοῦ
664 4440 698 4501 ἐκ
715 4447 773 4511 τῆς
790 4438 944 4528 ἀγνωσίας
962 4443 1040 4502 Θεοῦ

294 4550 363 4616 ταῖς
381 4535 494 4628 ψυχαῖς
518 4541 718 4631 ἐγγινομένου
735 4533 895 4608 ἐπάνοδον·
914 4544 969 4619 ἕως
986 4543 1041 4632 μέν

294 4647 355 4738 γάρ
379 4640 433 4724 νύξ
456 4648 525 4738 περὶ
548 4648 608 4720 τήν
626 4648 730 4739 ψυχήν
755 4655 845 4739 ήμῶν
869 4650 923 4714 καί
947 4651 1042 4740 μήπω

294 4757 484 4840 ἑποινατείλῃ
500 4761 515 4819 ὁ
529 4757 627 4838 ήλιος,
642 4758 697 4821 ούκ
711 4759 795 4822 ἔστιν
809 4756 1042 4830 ἐποικουσθῆνοιι

295 4862 356 4926 ἀπὸ
369 4868 457 4926 Θεοῦ·
472 4853 567 4927 ἔστιδ’
585 4863 621 4928 ἀν
639 4855 673 4928 δὲ
686 4862 939 4949 ἀποκαθαρθεῖσα
956 4860 1039 4954 ψυχή

294 4979 353 5046 τῆς
376 4970 448 5060 περὶ
471 4975 550 5035 Θεοῦ
575 4972 718 5061 ἀγνοίας,
746 4971 894 5062 ἀνενέγκαι
923 4963 1041 5048 δεήσεις

332 5306 354 5382 ¹)
372 5306 419 5365 Ex
437 5307 500 5366 σού,
518 5307 615 5367 Pelet.
635 5310 697 5384 257,
717 5309 753 5368 de
771 5325 830 5385 quo
848 5309 919 5369 vide
937 5327 963 5383 p.
984 5310 1008 5365 3.

1140 3578 1257 3644 Differt
1276 3578 1337 3644 hoe
1358 3578 1474 3645 audire
1489 3578 1530 3643 ab
1546 3575 1602 3642 illo
1618 3578 1754 3644 auribus
1763 3598 1841 3661 per·

1096 3686 1219 3766 cepere:
1242 3683 1328 3750 Nam
1351 3685 1467 3752 audire
1489 3687 1613 3767 spectat
1636 3684 1675 3749 ad
1698 3683 1842 3750 intellec·

1096 3795 1176 3871 tum,
1201 3791 1283 3857 sieut
1307 3789 1444 3874 explieat
1460 3789 1636 3856 Dominus:
1663 3788 1840 3874 'Aperiam

1095 3903 1133 3964 nt
1148 3921 1221 3964 eum
1237 3898 1403 3964 intellectu
1427 3900 1576 3965 audiatur
1596 3898 1743 3965 voluntas
1765 3919 1837 3964 ver-

1096 4005 1211 4070 borum
1233 4027 1387 4070 meorum.
1404 4004 1465 4082 Qui
1481 4005 1579 4072 habet
1599 4025 1690 4071 aures
1706 4004 1838 4070 andien-

1094 4110 1136 4192 di,
1149 4110 1258 4177 audiat
1272 4109 1297 4192 ²)
1310 4161 1337 4191 ,.
1361 4110 1508 4178 Auribus
1525 4132 1599 4176 uero
1609 4111 1773 4194 percipere
1789 4115 1839 4176 est

1095 4239 1209 4286 nonum
1224 4218 1399 4302 simplicem
1415 4218 1546 4284 auribus
1562 4219 1709 4285 inserere.

1143 4330 1156 4359 ⁸
1174 4325 1270 4392 Mane
1288 4377 1300 4406 ς
1324 4330 1431 4392 autem
1452 4326 1504 4392 hic
1520 4325 1657 4392 fortasse
1672 4330 1766 4393 noant
1789 4349 1839 4394 τε·

1096 4433 1200 4501 ditum
1221 4435 1399 4501 animarum
1429 4458 1449 4500 a
1477 4439 1571 4501 noete
1593 4434 1626 4500 in
1649 4457 1713 4519 qua
1735 4435 1838 4501 Deam

1095 4543 1256 4628 ignorant.
1281 4541 1389 4627 Usque
1412 4543 1487 4608 dum
1511 4543 1596 4608 euim
1616 4565 1677 4608 nox
1700 4543 1839 4608 unimam

1096 4656 1237 4718 nostram
1260 4651 1392 4731 invadit,
1417 4654 1449 4715 et
1473 4651 1614 4717 nondum
1637 4651 1685 4717 eol
1708 4671 1839 4716 exorans

1096 4765 1155 4840 est,
1178 4781 1243 4824 non
1265 4758 1424 4843 contingit
1447 4782 1466 4824 a
1489 4759 1559 4824 Deo
1579 4759 1727 4824 exaudiri.
1749 4757 1840 4824 Post·

1096 4889 1193 4951 quam
1216 4870 1323 4933 autem
1351 4868 1457 4932 anima
1488 4870 1662 4952 repurgata
1685 4867 1725 4932 ab
1748 4866 1840 4951 igno·

1096 4974 1202 5040 nantia
1214 4972 1284 5055 Dei,
1297 4974 1458 5040 orationes
1472 4973 1606 5058 profert,
1624 4975 1657 5038 in
1673 4973 1840 5058 splendore

1129 5309 1152 5383 Ξ)
1170 5307 1256 5366 Meta.
1276 5322 1341 5382 x111,
1361 5308 1404 5378 35,
1424 5310 1469 5368 43.
