3940 6072
302 513 357 574 28⁰
935 508 981 581 ad
1010 506 1219 602 Asclepium.

301 676 514 769 καλεσάμενος
539 679 593 744 τόν
617 679 725 764 ήλιον,
750 677 803 745 καί
828 669 948 758 δεηθεὶς
972 669 1077 746 δοῦναι
1101 684 1186 764 αὐτῷ
1210 679 1318 770 χάριν,
1344 681 1432 746 ἔσται
1463 679 1741 772 προσφιλέστατος
1774 687 1885 744 πᾶσιν

302 787 471 879 ἀνθρώποις
496 793 526 854 ἐν
552 791 652 876 ἐκείνῃ
679 800 719 874 τῇ
746 789 856 880 ημέρα.
883 784 1076 869 Σκευάζεται
1100 781 1133 856 δὲ
1157 791 1211 854 καί
1233 795 1268 856 ἑκ
1292 800 1350 866 τῆς
1374 784 1459 882 ῥίζης
1484 791 1652 856 κατάποτα
1677 791 1768 880 πρὸς
1800 813 1886 874 καρ-

303 889 440 982 διακούς,
463 896 517 962 καί
541 897 762 986 στομαχικούς,
780 901 861 974 ὅσοις
878 903 893 961 ό
912 899 1071 987 στόμαχος
1088 897 1278 976 κεκάκωται,
1296 898 1338 985 μὴ
1358 899 1556 987 προσιέμενος
1572 898 1628 974 τάς
1652 897 1805 987 τροφάς,
1828 899 1885 959 καί

302 1007 353 1074 ὲπί
376 1017 438 1072 τῶν
462 1000 768 1096 προσλαμβανόντων
783 1007 847 1095 μὲν,
863 1007 1086 1072 άπεπτούντων
1101 998 1143 1070 δέ·
1160 1047 1203 1054 -
1220 1006 1338 1096 στάχυς
1354 1011 1384 1072 λ.
1401 1009 1432 1080 η’
1446 1006 1480 1092 ¹),
1498 1006 1606 1096 κρόκον
1623 1012 1653 1074 λ.
1670 1010 1711 1090 β’,
1731 1008 1882 1094 με’λιτσς

302 1127 450 1182 ποντικοῦ
466 1121 496 1180 λ.
517 1117 566 1200 ιβ’,
584 1118 691 1205 σχίνου
716 1115 824 1193 ἄνθους
847 1120 876 1179 λ.
903 1119 935 1194 ς’,
959 1126 1017 1192 τῆς
1043 1109 1126 1206 ῥίζης
1151 1126 1207 1190 τῆς
1234 1116 1368 1200 βοτάνης
1392 1120 1420 1178 λ.
1446 1107 1482 1192 δ’,
1506 1115 1627 1192 λεάνας,
1645 1108 1883 1203 ἀναλάμβανε

305 1225 420 1312 μέλιτα
443 1229 482 1300 ὡς
506 1225 742 1310 παλαιώτατον,
766 1226 820 1289 καί
843 1227 923 1290 ποίει
947 1226 1130 1313 τροχίσκους
1155 1223 1290 1314 ἄγοντας
1314 1225 1376 1288 ἄνω
1408 1227 1437 1288 λ.
1464 1225 1502 1306 β’,
1525 1223 1578 1286 καί
1601 1214 1705 1298 διδούς
1724 1225 1795 1288 ἕνα
1824 1223 1882 1286 ἕνα

303 1343 370 1410 τοϊς
395 1331 450 1422 μέν
475 1324 653 1421 καρδιακοῖς
679 1325 715 1398 δι’
742 1326 866 1417 ὕδατος,
890 1345 955 1409 τοῖς
980 1325 1012 1398 δέ
1037 1342 1240 1420 στομαχικοῒς
1266 1323 1305 1396 δι’
1331 1335 1411 1396 οἴνου
1435 1333 1616 1396 καλλίστου.

349 1443 392 1509 ΙΙ.
418 1442 567 1525 (Σελήνη)
593 1441 710 1525 βοτάνη
730 1444 958 1534 άγλαόμαντος.
974 1442 1060 1513 Αύτη
1076 1443 1106 1505 ἐν
1120 1449 1165 1524 τῷ
1179 1451 1236 1516 τῆς
1253 1440 1399 1530 Ἀραβίας
1412 1441 1462 1506 ἐπὶ
1478 1443 1514 1506 τό
1530 1447 1678 1506 πλεῖστον
1705 1449 1882 1530 γεννᾶται

305 1551 448 1636 κλίματι,
472 1550 526 1614 καί
549 1549 665 1639 πάσχει
688 1552 726 1616 τό
750 1553 856 1640 ὅμοιον
873 1561 913 1636 τῇ
933 1551 1061 1636 σελήνη·
1085 1543 1294 1638 αὐξανομένης
1312 1548 1382 1640 γάρ,
1399 1543 1527 1626 αὔξεται
1544 1551 1597 1613 καί
1615 1550 1718 1620 αὕτη·
1749 1547 1882 1636 ληγού-

306 1680 361 1733 σης
375 1648 419 1732 δέ,
437 1668 590 1745 μειοῦται.
607 1658 704 1723 ’Ἐστι
721 1651 753 1724 δὲ
769 1661 843 1750 πρός
860 1665 1007 1724 πλεῖστον
1027 1659 1207 1746 εὔχρηστος,
1224 1657 1385 1747 ληγούσης
1406 1659 1532 1742 [σελήνη
1540 1663 1561 1744 ς)
1575 1660 1610 1742 9)·
1629 1667 1674 1740 τῷ
1693 1657 1763 1748 γάρ
1780 1660 1879 1745 χυλῷ

306 1766 403 1840 αὐτῆς
428 1763 479 1828 ἐάν
504 1764 585 1852 μετά
610 1757 729 1854 ῥοδίνου
754 1767 942 1856 συγχρίσης,
966 1760 1184 1854 τριταίζοντας
1209 1765 1262 1830 καὶ
1285 1761 1548 1856 τεταρταΐζοντας
1577 1759 1786 1843 ἀπαλλάξεις
1820 1773 1879 1828 τοῦ

305 1871 431 1946 πάθους.
458 1871 530 1936 Ἐάν
556 1864 589 1937 δέ
613 1897 660 1949 τις
684 1875 742 1938 ύπό
768 1866 928 1962 δαιμονίου
952 1873 1112 1962 κράτηται
1136 1863 1330 1950 οίουδήποτε,
1355 1875 1408 1938 καί
1431 1874 1645 1962 ύπσθυμιάσης
1674 1873 1740 1942 τήν
1773 1865 1879 1964 ῥίζαν,

307 1973 452 2070 φεύξεται
475 1981 512 2046 τό
537 1971 696 2068 δαιμόνιον
721 1992 924 2072 παραχρῆμα.
951 1980 1023 2044 ’βάν
1049 1974 1082 2046 δέ
1106 2007 1168 2045 τινι
1191 1992 1253 2046 τῶν
1277 1985 1559 2074 προγεγραμμένων
1583 1986 1617 2048 ἐκ
1641 1992 1703 2058 τῆς
1730 1975 1879 2058 αὐξανο-

306 2090 447 2178 νομένης,
473 2088 609 2169 βοτάνης
625 2088 776 2180 περιάρης
794 2089 812 2161 ή
831 2088 1055 2178 όποθυμιάσης,
1073 2090 1110 2154 τό
1127 2089 1224 2166 πάθος
1241 2085 1419 2168 ἐπαύξεται.
1438 2090 1509 2154 Ἐάν
1532 2081 1635 2156 δὲκαὶ
1651 2095 1683 2154 ἐν
1703 2089 1878 2174 θαλάσση,

307 2207 457 2287 χειμῶνος
479 2199 734 2286 [χαλεπαίνοντος
746 2199 794 2285 3)),
810 2199 867 2271 τήν
886 2195 970 2291 ῥίζαν
988 2198 1213 2288 ύποθυμιάσης,
1231 2201 1285 2264 τόν
1302 2210 1442 2289 χειμῶνα
1458 2199 1595 2276 παύσεις.
1613 2193 1827 2277 Σκευάζεται
1846 2191 1879 2262 δὲ

307 2307 361 2371 καί
379 2309 414 2372 ἐκ
430 2317 492 2370 τῶν
510 2301 598 2397 ῥιζῶν
616 2309 810 2398 ἀμφοτέροιν,
828 2319 886 2384 τῆς
903 2331 939 2372 τε
957 2301 1166 2396 αὐξανομένης
1184 2309 1237 2372 καί
1254 2309 1450 2398 μειουμένης,
1466 2309 1665 2397 ἔμπλαστρος
1684 2317 1749 2382 τῆς
1772 2313 1877 2380 αὐτῆς
1949 2291 1950 2318 ³

309 2405 467 2504 δυνάμεως
491 2415 544 2479 καί
569 2415 707 2503 βαθμῶν,
732 2415 871 2506 καθάπερ
888 2416 938 2480 ἐπί
954 2426 1012 2491 τῆς
1029 2405 1258 2504 κληματίτιδος
1284 2417 1512 2504 άριστολοχίας,
1537 2413 1632 2486 καὶὴ
1660 2414 1719 2502 μὲν
1748 2419 1791 2479 ἐκ
1817 2425 1875 2486 tf&

310 2527 495 2614 μειουμένης
513 2518 598 2614 ῥίζης
622 2535 707 2589 ποιεῖ
720 2524 794 2614 πρός
812 2549 847 2590 τε
870 2516 1054 2615 χοιράδαςί)
1079 2522 1132 2587 καί
1156 2511 1334 2612 παρωτίδας
1358 2523 1410 2586 καί
1433 2521 1596 2587 πάντατά
1621 2523 1875 2612 ἐπιγεννήματα

310 2633 363 2696 καί
387 2631 667 2723 ύπερσαρκώματα·
691 2638 710 2706 η
738 2624 826 2698 δὲέκ
843 2645 899 2708 τῆς
917 2625 1137 2720 αὐξανομένης,
1161 2631 1235 2718 πρός
1260 2628 1319 2700 τήν
1343 2639 1406 2694 τῶν
1430 2630 1600 2694 λειπόντων
1626 2630 1873 2718 ἀναπλήρωσιν

310 2739 458 2830 ὑπάρχων
483 2732 517 2805 δέ
541 2740 675 2816 συνετός,
694 2731 810 2826 δυνήσῃ
831 2751 908 2806 νοεῖν
926 2747 977 2822 (ῶς
1001 2739 1085 2829 παρά
1101 2741 1126 2824 ⁵)
1143 2737 1198 2813 τάς
1216 2729 1363 2826 διαφοράς
1379 2747 1436 2811 τῆς
1461 2737 1611 2826 χρήσεως)
1629 2743 1692 2799 πᾶν
1719 2737 1762 2799 τό
1791 2737 1876 2827 γινό·

310 2872 400 2937 μενον
417 2852 447 2914 ἑν
466 2846 636 2938 ἀνθρώποις
651 2847 748 2923 πάθος
766 2851 943 2936 σωματικὸν
962 2841 1013 2914 διά
1029 2845 1149 2922 ταύτης
1162 2844 1186 2934 ⁶)
1202 2857 1260 2920 τῆς
1278 2848 1431 2936 ἐνεργείας
1448 2837 1600 2920 αόξασθαι
1616 2844 1669 2906 καὶ
1688 2843 1872 2931 μειοῦσθαι.
1949 2863 1950 2950 γ

354 2959 413 3025 ΙΙΙ.
438 2957 550 3047 Κρόνος
568 2958 601 3042 7),
627 2956 744 3040 βοτάνη
771 2949 1013 3046 Ἀσρόδηλοςρή
1037 2954 1155 3040 βοτάνη
1184 2949 1317 3032 ἀείζωον·
1343 2956 1422 3026 αὕτη
1450 2955 1528 3041 μόνη
1557 2945 1608 3017 διά
1631 2949 1783 3039 ύβήσεως
1810 2977 1872 3040 χυ-

310 3060 445 3150 λίζεται,
469 3064 529 3138 τὴν
555 3057 696 3143 διάταξιν
720 3075 776 3130 τοῦ
800 3069 955 3156 χυλισμοῶ
979 3066 1137 3154 περίεργον
1162 3054 1371 3128 έπιδεικνῦναί
1392 3086 1448 3126 σοι·
1474 3053 1521 3126 δεῖ
1548 3060 1607 3151 γάρ
1631 3061 1711 3126 αότό
1738 3063 1872 3148 μελέτας
1949 3133 1950 3150 γ

309 3174 411 3263 πάχος
435 3175 526 3263 ἔχειν·
550 3184 632 3238 ποιεῖ
655 3164 688 3238 δὲ
704 3179 723 3245 η
743 3165 870 3262 δύναμις
886 3175 960 3262 πρός
976 3164 1146 3261 ποδάγρας.
1165 3163 1239 3244 Είδη
1260 3163 1293 3236 δε
1316 3161 1476 3260 ποδάγρας
1500 3169 1559 3236 εἰσί
1583 3161 1646 3246 δύο,
1671 3167 1793 3256 θερμόν
1820 3169 1871 3231 καί

310 3280 439 3372 ψυχρόν·
463 3281 651 3370 γινώσκεται
675 3272 709 3346 δὲ
732 3281 769 3346 τό
794 3278 910 3372 ψυχρόν
935 3284 966 3346 έν
991 3290 1035 3362 τῷ
1052 3290 1120 3354 ταῖς
1144 3289 1364 3370 προσαγωγαῖς
1389 3288 1451 3341 τῶν
1476 3277 1605 3365 θερμῶν,
1628 3277 1665 3340 τό
1690 3268 1726 3341 δέ
1752 3275 1868 3365 θερμόν

312 3390 503 3456 τούναντίον.
515 3387 617 3455 Ὅταν
635 3383 686 3454 σύν
704 3389 762 3462 τὴν
782 3381 929 3480 διαφοράν
946 3398 1001 3454 τοῦ
1018 3388 1134 3463 πάθους
1149 3379 1269 3475 ῥείδῃς),
1288 3388 1360 3479 πρός
1386 3387 1440 3476 μὲν
1465 3388 1502 3452 τό
1527 3385 1679 3476 θερμ.“ον...,
1707 3385 1795 3474 μετά
1820 3389 1870 3474 ῥο-

312 3489 397 3564 δίνου
422 3497 611 3588 μεμιγμένον
635 3506 680 3580 τῷ
705 3502 804 3587 χυλῷ,
829 3507 906 3588 χρῶ,
930 3496 1122 3586 κατάχρυσον
1148 3497 1218 3572 τούς
1246 3487 1361 3572 πόδας·
1385 3497 1459 3586 πρός
1491 3489 1524 3560 δέ
1553 3497 1591 3559 τό
1620 3491 1756 3582 ψυχρόν,
1786 3493 1868 3582 μετά

313 3605 408 3695 μόρου
433 3615 586 3696 συριακοῦ.
613 3604 686 3670 Ἐάν
711 3598 744 3670 δὲ
768 3602 786 3691 ᾖ
812 3605 883 3670 λιάν
900 3603 1023 3694 χαλεπὴ
1044 3596 1186 3680 διάθεσις,
1203 3605 1276 3695 πρός
1295 3604 1349 3693 μὲν
1367 3603 1426 3674 τήν
1451 3603 1564 3669 τούτου
1589 3601 1707 3691 ψυχροῦ
1733 3593 1866 3688 δύναμιν
1949 3637 1950 3682 γ

312 3711 524 3806 πρόσμισγε”)
549 3713 696 3803 κάστορα·
719 3714 793 3803 πρός
819 3705 852 3778 δέ
876 3712 997 3803 θερμόν,
1021 3714 1075 3778 τόν
1100 3715 1196 3803 χυλὸν
1222 3725 1279 3789 τῆς
1304 3715 1494 3803 αρτεμισίας.
1949 3689 1950 3698 ¹

357 3824 414 3891 IV.
440 3821 539 3908 (Ζεύς)
566 3822 683 3906 βοτάνη
710 3821 912 3912 εύπατώριον.
937 3821 1063 3898 Ταύτης
1084 3826 1099 3884 ό
1125 3823 1178 3912 μὲν
1203 3823 1298 3910 χυλός
1322 3832 1404 3886 ποιεῖ
1425 3819 1668 3912 λειθαργυρικοῖς
1692 3817 1866 3882 κατάποτα

315 3924 551 4019 σκευαζόμενος,
577 3929 713 4019 στάχυος
737 3933 767 3997 λ.
793 3931 831 4012 β’,
856 3932 964 4005 κασίας
990 3929 1132 4022 σύριγγος
1148 3934 1179 3998 λ,
1197 3921 1235 4012 δ’,
1254 3930 1450 4006 ὀπσπάνακος
1465 3933 1494 3993 λ.
1514 3931 1554 4014 β’,
1576 3921 1751 3993 λιθιστικοῦ
1775 3933 1805 3990 λ.
1823 3929 1865 3996 t‘*

315 4038 480 4128 μελανθίου
497 4043 528 4105 λ.
547 4029 583 4102 δ’.
601 4046 677 4102 Λεϊα
693 4037 837 4112 ποιήσας,
864 4029 1068 4125 ἀναλάμβανε
1093 4046 1138 4120 τῷ
1161 4041 1259 4126 χυλῷ,
1276 4037 1330 4100 καί
1346 4037 1428 4101 ποίει
1451 4034 1621 4100 κατάποτα
1644 4034 1765 4124 ἄγοντα
1789 4035 1864 4118 ἡμί-

313 4138 464 4237 δραχμον,
482 4146 536 4212 καί
552 4137 638 4211 δίδου
657 4144 737 4230 μετά
753 4135 867 4220 ὕδατος
891 4144 1003 4209 κύαθον
1030 4147 1069 4210 α’·
1094 4146 1148 4209 καὶ
1173 4144 1255 4235 μετά
1281 4136 1399 4235 ῥοδίνου
1424 4135 1458 4209 δέ
1482 4142 1675 4234 μιγνύμενος,
1700 4142 1754 4204 καί
1779 4144 1863 4202 ἀλει-

313 4256 443 4348 φόμενος
467 4256 598 4344 ῶρειλει.
629 4247 822 4330 Σκευάζεται
846 4245 880 4318 δὲ
904 4245 955 4318 διά
979 4262 1037 4328 τῆς
1063 4245 1147 4342 ῥ’ζης
1171 4253 1335 4341 τροχίσκος
1359 4252 1433 4340 πρός
1458 4241 1646 4339 διαρρσῖκούς
1670 4249 1724 4312 καί
1753 4237 1862 4310 δυσεν-

313 4362 452 4454 τερικούς
467 4360 502 4449 ⁹),
528 4363 581 4426 καί
603 4372 706 4428 πᾶσαν
730 4359 894 4434 κοιλιεκήν
917 4353 1050 4426 διάθεσιν
1068 4360 1174 4436 οὕτως·
1193 4359 1315 4452 μύρτων
1332 4365 1452 4424 λευκῶν
1477 4363 1545 4450 όγγ.
1563 4358 1614 4442 ιβ’,
1641 4361 1692 4449 ῥοῦ
1717 4368 1861 4445 συριακσῡ

314 4477 383 4566 όγγ.
401 4463 461 4551 κδ’,
481 4463 582 4537 οίδίων
607 4474 677 4562 ῥοᾶς
701 4474 770 4561 όγγ.
796 4461 855 4549 κδ’,
881 4464 966 4560 ῥίζης
991 4479 1048 4544 τῆς
1074 4468 1209 4554 βοτάνης
1234 4472 1303 4559 όγγ,
1327 4458 1386 4544 κδ’,
1412 4478 1514 4532 ταῦτα
1536 4471 1606 4531 λεῖα
1622 4466 1767 4542 ποιήσας,
1792 4468 1862 4528 tw.-

352 4725 372 4792 Ι)
392 4721 466 4791 Quis
492 4719 618 4790 curabit,
645 4720 671 4776 si
694 4720 881 4793 promiscuae
907 4723 990 4791 λίτραν
1014 4720 1064 4779 vel
1152 4719 1176 4791 ⁴)
1196 4717 1268 4774 God.
1287 4719 1416 4789 χοιρώοας.

315 4813 416 4886 etp-stat
433 4811 562 4868 fortusse
580 4809 628 4865 hio
648 4814 679 4866 ot
697 4807 770 4865 ulibi
782 4809 987 4882 usurpantur?
1005 4809 1063 4865 Sed
1153 4810 1175 4880 ὁ)
1194 4807 1264 4863 Cod.
1284 4810 1322 4859 ὅτι
1341 4810 1417 4878 παρά.

315 4901 416 4959 nescio
442 4919 479 4956 un
505 4903 586 4956 rectu
610 4899 799 4971 intelligutur
825 4899 903 4973 diple
929 4887 966 4982 L
987 4915 1062 4972 quae
1151 4899 1174 4970 6)
1195 4897 1237 4952 Ιό.
1257 4897 1316 4954 huo
1335 4895 1440 4952 inserit
1458 4893 1572 4951 frustra
1591 4894 1715 4947 δύνασθαι

316 4998 488 5049 constanter
506 5008 559 5064 pro
578 4997 594 5042 λ
612 4989 741 5063 ponitur.
1152 4988 1175 5058 ⁷)
1194 4989 1316 5043 Lacuna
1334 4987 1365 5042 in
1384 4986 1446 5043 uod.

352 5082 375 5154 2)
395 5079 465 5139 Ood.
483 5085 590 5154 λεγοῶσα
608 5083 651 5150 τῷ.
1152 5081 1174 5152 8)
1194 5077 1264 5136 Cod.
1284 5081 1416 5150 πρόσμιγε.
1436 5077 1507 5134 Mox
1526 5081 1567 5130 τοῦ
1586 5081 1672 5145 χυλεύ,
1687 5082 1719 5133 et
1731 5085 1859 5136 constan·

354 5171 377 5244 ³)
395 5170 431 5228 Id
450 5169 499 5226 vel
518 5168 590 5242 quid
615 5168 712 5225 simile
732 5169 795 5224 cod.
815 5186 872 5226 om.
894 5169 970 5225 Εοοε
996 5185 1063 5224 cum
1117 5177 1164 5226 ter
1184 5173 1340 5240 ἀρτιμησίας,

318 5260 382 5316 oleo
401 5259 434 5315 in
451 5259 563 5315 fluctus
583 5256 938 5327 τιμωρησαίμεθα
957 5257 1063 5314 modus
1151 5261 1175 5334 9)
1193 5259 1236 5318 Ιᾶ.
1256 5260 1463 5331 ουσσινταριαιύς.

317 5347 481 5423 imperandi
491 5346 722 5423 tempestatibus
732 5345 952 5418 affismegisto
964 5345 1063 5404 datur?
