3978 6070
752 535 807 610 De
824 559 940 628 campo
957 533 1141 608 οοίίυίοιιίε.
1670 540 1725 600 ιοε

182 703 323 801 δαίμοσιν
348 715 474 788 ύλικοῖς,
499 711 695 801 ὑπέστρωται
719 718 765 792 τῷ
782 709 893 801 ἄγοντι
910 699 1044 798 δαίμονι,
1061 717 1124 772 τῶν
1140 716 1298 797 κοσμικῶν
1313 696 1464 798 περιόδων
1488 717 1547 784 τῆς
1571 707 1724 784 ποιήσεως

182 813 365 911 ἐξήρτηται,
389 829 541 886 ποιουσῶν
565 819 670 885 ἄλλων
694 817 778 884 ἀλλά
802 823 844 895 εἰς
868 818 978 892 αὑτήν.
1513 807 1515 812 ’

449 1047 494 1110 -ζ-
517 1034 578 1100 Καί
603 1025 641 1100 δι’
666 1027 820 1121 ίκείνουέ)
837 1023 1048 1117 διεξελθόντα,
1065 1023 1172 1106 ἐπειδὴ
1191 1032 1244 1099 καί
1259 1038 1288 1099 οί
1306 1031 1398 1099 ἄλλοι
1419 1044 1465 1108 ÷

450 1157 495 1220 ÷
518 1134 657 1224 διῆλθον,
674 1139 859 1232 πορεύεσθαι
876 1140 963 1226 καί’)
986 1141 1130 1218 ἅπαντας
1146 1146 1187 1218 είς
1203 1142 1241 1208 τό
1257 1153 1316 1217 τῆς
1339 1141 1399 1215 λή-
1420 1155 1466 1217 ÷

452 1264 497 1327 ÷
520 1248 576 1326 θης
593 1241 701 1315 πεδίον
729 1241 793 1334 [διά
816 1249 976 1338 καύματός
1000 1274 1038 1316 τε
1061 1250 1116 1316 καί
1136 1252 1263 1342 πνίγους
1288 1241 1396 1316 δεινοῦ·
1420 1263 1466 1325 -ζ-

450 1371 496 1435 -ζ-
519 1359 573 1423 καί
601 1355 661 1450 γάρ
690 1351 768 1424 εἶναι
799 1359 877 1424 αὐτό
906 1358 993 1424 κενόν
1023 1349 1154 1450 δένδρων
1178 1357 1230 1448 τε]
1259 1356 1313 1423 καί
1341 1359 1400 1424 ὅσα
1422 1370 1467 1433 -ξ-

451 1465 732 1560 ÷fflm÷

231 1684 328 1748 Δίεισι
352 1681 407 1770 μὲν
431 1686 447 1746 ό
472 1673 592 1772 δαίμων
616 1673 668 1749 διά
682 1693 737 1749 τοῦ
755 1682 862 1774 θρόνου
879 1693 938 1760 τῆς
954 1681 1124 1775 ’Λνάγκης,
1141 1684 1200 1774 οόχ
1215 1689 1256 1762 ὡς
1279 1683 1378 1750 τόπον
1402 1682 1560 1750 ἐκ.τόπου
1584 1680 1734 1774 μεθιστά-

187 1813 287 1880 μενος,
311 1781 381 1857 οόδέ
404 1796 446 1866 ὡς
468 1783 606 1879 ἀμείόων
630 1790 690 1864 τήν
713 1786 815 1877 τάξιν,
839 1790 909 1858 ἀλλ’
934 1797 974 1870 ὡς
998 1792 1057 1867 τήν
1082 1791 1236 1884 ἐνέργειαν
1256 1782 1298 1858 δι’
1314 1789 1351 1871 ἧς
1375 1791 1529 1896 ἀγειτήν
1553 1787 1668 1883 ψυχὴν,
1692 1796 1734 1868 είς

129 1924 159 1963 ιι
186 1899 224 1966 τό
248 1899 340 1975 τέλος
363 1909 419 1965 τοῦ
442 1900 560 1976 παντός

187 2118 211 2182 f.
228 2119 309 2184 189:
325 2117 481 2203 [ἐκτείνων
490 2114 516 2200 ³)
530 2116 589 2189 τήν
604 2115 720 2183 ἀνωθεν
736 2128 905 2183 κατιοῦσαν
920 2117 992 2204 ἀπὀ]
1005 2127 1069 2183 τῶν
1086 2119 1187 2208 ἄκρων
1205 2127 1260 2183 τοῦ
1277 2118 1335 2184 ὑπό
1354 2117 1509 2205 [σελήνην.
1522 2116 1615 2209 ’Λγει
1630 2119 1734 2184 τοίνυν

190 2223 337 2313 ταότην,]
363 2225 463 2315 μένων
487 2227 581 2302 αὐτὸς
604 2225 689 2292 κατά
712 2224 772 2299 τήν
796 2217 891 2292 αὺτοῦ
915 2220 1005 2305 τάξιν
1023 2219 1073 2292 διά
1092 2227 1197 2303 πάσης
1220 2236 1279 2303 της
1302 2217 1535 2317 ὑποδεξαμένης
1558 2220 1651 2309 ζωῆς,
1676 2225 1735 2299 τήν

188 2342 246 2410 τῆς
270 2332 429 2425 Ἀνάγκης
453 2325 543 2424 ἕδραν
568 2333 683 2402 ἀνωθεν
700 2317 755 2411 ἕως
771 2346 835 2400 τῶν
859 2337 1062 2401 τελευταίων.
1087 2337 1179 2402 Οὕτω
1204 2333 1294 2426 μέν4)
1319 2329 1423 2401 οὖν“εί
1438 2336 1477 2401 τό
1499 2326 1662 2414 διεξελθεῖν
1687 2335 1738 2402 ἐπί

188 2452 244 2507 τοῦ
268 2433 413 2534 δαίμονος
437 2442 571 2529 ἀκοόσις,
594 2456 661 2522 τοῖς
685 2435 719 2512 δέ
735 2447 891 2535 ἑλομένοις
908 2445 1153 2536 ἀκολουθότερον
1170 2445 1221 2511 ἐπί
1237 2454 1295 2522 τῆς
1312 2440 1415 2534 ψυχῆς
1437 2454 1493 2510 τοῦ
1519 2443 1617 2534 Ἠρὸς,
1640 2453 1736 2510 τοῦτο

132 2566 162 2605 ¹⁸
189 2573 225 2615 τε
249 2550 303 2615 καί
325 2549 367 2616 τά
392 2551 549 2618 ἀκόλουθα
572 2551 677 2638 τούτῳ
701 2564 792 2620 νοεῖν·
816 2553 927 2645 ἐπάγει
950 2553 1011 2645 γάρ
1035 2556 1085 2620 ὅτι
1102 2557 1280 2644 ἀφικνεῖται
1296 2557 1338 2629 είς
1354 2554 1393 2619 το
1409 2545 1514 2618 πεδίον
1537 2563 1596 2631 τῆς
1617 2551 1736 2639 Λήθης,

189 2657 206 2722 ὃ
230 2649 269 2732 δή
287 2658 339 2725 ἐπί
355 2670 411 2725 τοῦ
428 2652 575 2751 δαίμονος
591 2661 713 2728 ἀκοόειν
730 2662 859 2728 ἀτοπον·
877 2661 947 2728 ἀλλ’
965 2665 1065 2728 ἔοικεν
1081 2666 1098 2727 ό
1114 2661 1235 2728 τοότων
1253 2662 1386 2756 ἄγγελος
1403 2652 1476 2753 περί
1487 2667 1600 2729 ἑαυτοῦ
1622 2661 1738 2754 λέγειν,

188 2766 243 2831 καί
265 2768 340 2859 πρός
363 2769 401 2834 τὸ
425 2762 458 2847 ἐξ
482 2773 581 2861 ἀρχῆς
605 2762 790 2837 ἀποδιδόναι
813 2771 868 2836 καί
891 2781 998 2837 τοῦτο·
1020 2771 1208 2862 προείρηται
1223 2769 1295 2863 γάρ,
1312 2771 1363 2835 ότι
1386 2770 1444 2860 ἐφη
1475 2761 1549 2836 ἰδεῖν
1573 2767 1660 2846 τοιάς
1684 2769 1739 2834 καί

188 2873 276 2952 τοιάς
300 2876 441 2968 αἱρέσεις·
464 2881 521 2968 ἔρη
548 2874 600 2944 οὖν
625 2860 826 2959 διεξελθόντα
849 2879 962 2946 ἐαυτόν
987 2871 1039 2946 διά
1062 2891 1118 2946 τοῦ
1142 2879 1250 2971 θρόνου
1274 2891 1333 2956 τῆς
1358 2878 1528 2970 Ἀνάγκης·
1552 2869 1659 2950 ἐπειδή
1684 2877 1739 2942 καί

189 2989 218 3049 οί
241 2983 334 3050 ἄλλοι
359 2976 504 3070 διῆλθον,
528 2989 625 3066 οὕτως
656 2968 852 3078 ἀφικνεῖσθαι
874 2989 996 3067 πάντας
1021 2989 1124 3066 είς-τὸ
1148 2997 1206 3065 τῆς
1234 2985 1339 3064 Λήθης
1362 2977 1470 3053 πεδίον
1500 2977 1551 3052 διά
1579 2983 1740 3074 καόματος

133 3122 162 3161 οι
190 3090 244 3158 καί
266 3093 404 3186 πνίγους·
428 3095 483 3161 καί
505 3096 565 3187 γάρ
583 3091 660 3164 είναί
677 3121 771 3188 ρησιν
787 3098 865 3163 αότθ
883 3088 1015 3188 δένδρων
1031 3098 1132 3180 κενόν,
1156 3096 1209 3176 καί
1226 3099 1284 3162 όσα
1304 3105 1346 3187 γη
1372 3092 1477 3184 ρόει“)
1499 3094 1637 3163 πάντων.
1662 3094 1742 3160 ’Ότι

191 3199 246 3290 μέν
271 3195 323 3266 σόν
347 3200 510 3268 ἀντίθετόν
533 3208 619 3270 ἐστιν
641 3208 717 3297 προς
741 3208 779 3272 τὸ
803 3218 861 3283 της
886 3205 1033 3284 ἀληθείας
1056 3198 1162 3273 πεδίον
1186 3216 1232 3290 τῷ
1256 3215 1315 3282 τῆς
1338 3201 1444 3280 Λήθης
1470 3193 1567 3286 πεδίῳ
1580 3199 1606 3286 ⁰)
1631 3193 1740 3286 δῆλον,

189 3310 273 3398 είπερ
296 3320 392 3374 τοῦτο
416 3309 472 3398 μὲν
496 3310 637 3403 ἄκαρπον
654 3313 708 3378 καί
724 3313 837 3404 ἄγονον
854 3299 908 3378 καί
924 3314 1099 3404 αὐχμηρόν,
1116 3317 1214 3378 ἐκεῖνο
1232 3304 1265 3378 δὲ
1281 3307 1362 3394 ζωης
1386 3316 1515 3402 πλῆρες,
1539 3311 1652 3401 τροφὸν
1676 3321 1739 3376 τῶν

189 3410 307 3505 ψυχῶν,
331 3425 394 3481 τῶν
418 3427 528 3508 νοερῶν
552 3429 679 3510 καρπῶν
703 3422 977 3512 ἀπυπληρωτικδν,
995 3426 1035 3497 ὡς
1052 3425 1083 3486 ἐν
1100 3411 1228 3511 Φαίδρῳ
1252 3418 1491 3510 μεμαθήκαμεν·
1514 3423 1540 3485 εί
1563 3413 1616 3484 οὖν
1640 3421 1740 3484 ἐκεῖνο
1854 3479 1855 3482 ,

190 3523 228 3587 τὸ
251 3514 357 3589 πεδίον
382 3528 412 3590 ἐν
437 3537 501 3602 τοῖς
526 3527 724 3618 ἀκροτάτοις,
746 3540 842 3595 τοῦτο
866 3527 903 3594 ἀν
927 3531 973 3602 είη
998 3528 1125 3605 πάντως
1147 3531 1178 3594 ἐν
1202 3539 1268 3604 τοῖς
1293 3527 1448 3618 ἐσχάτοις,
1474 3518 1619 3600 δηλοότω
1635 3527 1740 3592 τοίνυν

137 3657 164 3696 ²⁵
191 3637 232 3709 ὡς
256 3637 272 3697 ὁ
295 3632 411 3721 λειμὼν
436 3637 451 3696 ὁ
475 3627 555 3722 τῇδε
578 3636 634 3702 τόν
659 3636 802 3728 αίθέριον,
826 3639 909 3703 οὕτω
932 3637 971 3703 το
993 3627 1099 3703 πεδίον
1122 3637 1178 3701 τον
1202 3636 1302 3727 ἀέριον
1324 3635 1420 3700 τόπον
1443 3641 1499 3700 τὸν
1521 3632 1637 3723 παχὺν,
1661 3637 1692 3700 ἐν
1717 3627 1741 3718 ᾧ

75 3801 78 3806 .
191 3741 246 3806 καί
268 3744 384 3832 ἐρημία
407 3733 539 3834 δένδρων
563 3743 648 3811 ἐστίν
672 3741 761 3810 σκιάν
784 3757 884 3812 ποιεῖν
902 3736 1092 3834 δυναμένων,
1113 3743 1168 3809 καί
1191 3743 1311 3834 αὐχμός
1336 3735 1388 3807 διά
1410 3739 1467 3818 τάς
1491 3733 1656 3818 διπλόσεις
1678 3749 1742 3806 τῶν

192 3851 338 3929 ἀκτίνων,
362 3849 416 3916 καί
440 3852 544 3929 ἄλλως
559 3864 614 3919 τοῦ
635 3856 758 3944 αὐχμοῦ
781 3851 842 3926 τήν
866 3853 978 3946 ἄγονον
1002 3853 1082 3926 ὕλην
1106 3853 1327 3943 σημαίνοντος,
1342 3849 1381 3923 ἣν
1406 3847 1460 3913 καί
1483 3846 1525 3914 τά
1548 3848 1644 3940 λόγια
1666 3871 1743 3940 προ-

193 3958 372 4051 σαγορεύειν
397 3959 502 4026 είωθεν
527 3963 634 4052 αόχμη

194 4177 218 4243 f.
237 4177 299 4244 189
314 4199 364 4243 κε
384 4173 450 4268 [ράν
467 4176 487 4246 ή
504 4173 564 4246 τὴν
578 4175 601 4260 ⁷)
619 4173 673 4241 καί
688 4175 728 4241 το
743 4176 852 4267 πνίγος
868 4175 1060 4266 παρίστησιν
1077 4178 1225 4264 ἐναργῶς.
1250 4174 1301 4249 Ὧς
1325 4171 1385 4263 ἀρα
1403 4173 1465 4255 ὅσῳ
1484 4169 1679 4258 βαθόνουαιν]
1703 4176 1744 4247 τίς

140 4301 167 4340 ¹⁰
193 4283 232 4349 τὸ
255 4282 344 4348 κάτω
368 4289 400 4348 αί
423 4280 547 4374 ψυ[χαί,
570 4283 713 4368 τοσοίιτῳ
731 4285 865 4374 μᾶλλον]
884 4287 1112 4350 ἀποστενοῦται
1128 4292 1216 4348 πᾶσα
1232 4283 1372 4355 αότῶνή
1398 4275 1477 4365 ζωή,
1493 4279 1548 4344 καί
1571 4284 1613 4355 είς
1637 4277 1743 4344 στένον

195 4382 308 4478 κομιδή
335 4391 522 4482 συνάγεται,
547 4389 690 4484 καθάπερ
714 4397 755 4469 εἰς
778 4392 816 4457 τὸ
847 4391 977 4468 ἄναντες
1004 4389 1177 4482 χωροῦσαις
1207 4389 1340 4482 ὑπάρχει
1369 4394 1509 4455 πλατεῖα
1539 4397 1602 4452 τῶν
1627 4383 1742 4452 ἀνωθεν

196 4495 321 4588 ἀγαθῶν
345 4486 499 4588 ὑποδοχή,
524 4488 571 4563 διὸ
588 4497 643 4564 καί
658 4497 701 4565 τά
715 4498 811 4591 λόγια
825 4499 1080 4591 παρακελεύεται
1095 4497 1267 4564 πλατόνειν
1283 4502 1360 4589 ἡμῖν
1375 4493 1401 4582 ⁸)
1425 4486 1477 4560 διά
1499 4505 1558 4571 τῆς
1583 4491 1744 4560 ἀπολότου

196 4596 277 4683 ζωῆς
300 4602 439 4690 ἐαυτοὺς,
465 4604 549 4671 ἀλλά
573 4605 616 4696 μή
647 4609 852 4686 ἀπυστενοῦν,
876 4609 1012 4700 πνιγμον
1036 4610 1148 4699 ἔρωτος
1173 4605 1308 4683 ἀληθοῦς
1331 4603 1569 4695 ἐφελκομένους,
1592 4599 1665 4667 ἀντί
1686 4611 1746 4676 τῆς

198 4716 240 4788 είς
262 4711 305 4778 τά
329 4715 388 4779 ὅλα
412 4713 603 4791 ἀνατάσεως·
627 4715 694 4782 ἐπεί
716 4715 771 4782 καί
794 4722 823 4782 σί
837 4716 1019 4809 πνιγόμενοι
1035 4717 1093 4794 τάς
1109 4707 1247 4791 είσόδους
1263 4716 1496 4789 ἀποστενοῦσιν,
1521 4701 1560 4774 δι’
1584 4703 1627 4775 ὧν
1651 4707 1746 4799 μετέ-

142 4833 170 4873 ³⁵
196 4842 295 4910 χομεν
319 4832 375 4887 τοῦ
398 4834 548 4912 κοσμικοῦ
572 4823 767 4912 πνεόματος·
790 4827 853 4910 όσῳ
877 4817 903 4890 δ’
928 4821 981 4892 οὖν
1006 4831 1048 4903 είς
1072 4826 1127 4892 τόν
1150 4821 1328 4914 παχότερυν
1353 4821 1429 4912 ἀέρα
1458 4819 1608 4908 κάτιμεν,
1632 4819 1669 4883 ἐκ
1690 4826 1746 4882 τοῦ
1782 4855 1785 4864 ι

235 5106 258 5180 ¹)
276 5105 414 5181 Reipubl.
433 5125 462 5174 x,
482 5126 510 5180 p.
528 5107 590 5164 318.
609 5107 646 5163 Η.
666 5107 687 5163 ί.
708 5107 767 5164 125.
1034 5113 1057 5184 Β)
1075 5111 1113 5168 H.
1134 5111 1228 5184 ρόιται.
1306 5173 1308 5176 ¹

235 5198 259 5273 ¹)
277 5196 351 5254 Edd.
371 5215 428 5254 om.
447 5200 499 5252 καί.
1035 5201 1059 5274 ⁸)
1077 5200 1115 5257 Η.
1135 5205 1163 5254 τό
1182 5220 1204 5252 τ.
1222 5206 1248 5251 λ.
1269 5199 1358 5252 πεδίον.

234 5285 258 5357 ⁸)
277 5285 317 5342 Μ.
336 5303 394 5344 om.
412 5303 508 5358 usque
528 5286 566 5343 nd
584 5291 628 5349 τῆς
647 5287 743 5350 ὕποδιὶ.
1035 5291 1059 5364 ⁷)
1077 5289 1115 5345 Η.
1135 5289 1278 5359 αόχμηράν,
1297 5292 1341 5340 καί
1360 5286 1409 5357 μήν
1428 5285 1478 5338 καί.

233 5377 257 5450 4,)
276 5375 315 5433 Μ.
336 5379 389 5432 ιίιτι
409 5377 463 5448 μίν.
706 5451 708 5456 ,
1034 5379 1057 5447 ⁸)
1076 5378 1114 5432 Η.
1134 5375 1154 5432 f.
1175 5377 1234 5432 126.
1254 5375 1324 5431 Mox
1342 5375 1379 5430 Η.
1400 5392 1455 5431 om.
1475 5377 1579 5450 ἀληθοῦς
1614 5419 1617 5424 -
