3940 6072
835 515 1034 590 Hermetiea

161 683 305 783 λάμβανε
329 693 399 775 οἴνῳ
425 689 669 781 αὐοτηρστάτῳ·
694 689 746 756 καί
770 691 851 756 ποίει
875 690 1057 781 τροχίσκσυς
1082 687 1216 780 ἄγοντας
1242 691 1352 756 άναστ.
1378 689 1406 754 σι’
1421 686 1457 776 ¹),
1481 689 1534 754 777
1565 699 1630 768 τοῖς
1656 689 1710 780 μὲν

161 803 345 892 πυρέσσουσι
370 791 455 866 θίθον
480 802 532 866 ἕνα
557 803 722 892 τρσχίσκσν
747 799 800 862 σὺν
824 789 932 880 ὕθατι,
959 809 1024 875 τοῖς
1049 789 1082 862 θὲ
1113 803 1247 862 τσὺναντ
1252 801 1294 863 ίσν
1316 798 1367 863 σὺν
1393 801 1473 883 σίνῳ.
1502 798 1572 864 Ἵστ
1574 824 1662 872 ηοι
1659 797 1711 891 γάρ

163 913 200 976 τὸ
217 922 274 987 τῆς
292 913 410 985 κοιλίας
429 909 590 1000 ρεάγματα
607 911 796 998 παραυτίκα,
812 907 911 970 Πλέσν
930 898 962 971 θὲ
979 919 1033 972 τοῦ
1050 907 1151 982 ἐν’σςτ
1132 911 1300 997 τροχίσκοι
1318 908 1415 996 μἠι
1385 899 1433 974 δι’θ
1422 919 1481 984 07,
1498 912 1535 975 ἐτ
1526 910 1564 974 ,εί
1589 913 1713 996 μέλλεις

162 1013 268 1097 ζητεῖν
292 1024 387 1082 πάλιν
411 1030 475 1094 πῶς
500 1019 534 1083 άν
559 1018 929 1107 χαλάοηςτήνκοιλίαν.
957 1009 1115 1092 Σκευάζετ
1119 1007 1199 1080 αιθὲ
1224 1008 1275 1080 θεά
1299 1027 1357 1090 τῆς
1382 1013 1466 1108 ῥίζης
1487 1019 1540 1082 καί
1564 1018 1713 1108 κολλίυρια

163 1127 236 1216 προς
260 1126 453 1215 λευκώματα
486 1127 538 1189 καί
561 1126 717 1216 πτέρυγας
749 1127 803 1188 καί
834 1124 943 1213 ιὐνίιχια
975 1126 1028 1188 καί
1059 1123 1101 1188 τά
1131 1125 1253 1200 τούτοις
1282 1128 1488 1214 παραπλήσια
1518 1127 1573 1190 τον
1598 1127 1712 1215 τρόπον

163 1243 292 1298 τοῦτον·
317 1233 405 1298 λίθου
438 1237 606 1323 αἱματίτου
639 1239 707 1326 ὁγγ,
732 1237 774 1309 η’,
800 1225 934 1323 καθμίας
966 1239 1157 1323 κεκαυμένης
1182 1238 1251 1326 ιὐγγ.
1278 1227 1314 1310 θ’,
1340 1228 1491 1324 μσλίθθου
1520 1238 1713 1326 κεκαυμένου

164 1342 216 1405 καί
239 1342 461 1432 πεπλυμμένου
486 1347 557 1434 ’σγγ.
582 1343 621 1435 γ’,
647 1345 759 1431 κρίκου
783 1347 851 1433 ὁγγ.
869 1345 908 1428 κ’,
925 1356 983 1419 τῆς
1008 1339 1092 1436 ῥίζης
1118 1345 1309 1434 κεκαυμένης
1334 1347 1387 1411 καί
1403 1349 1569 1436 σεοεμένης
1587 1352 1655 1440 ὸγγ.
1675 1340 1712 1431 θ’,

164 1449 299 1540 σμίρνης
317 1455 384 1540 σγγ.
404 1442 439 1514 θ’.
459 1447 596 1530 Σκεύαζε
613 1462 716 1516 ταῦτα
734 1453 804 1536 σίνῳ
822 1455 976 1542 αὐστηρῷ,
1001 1455 1055 1518 καί
1077 1465 1153 1542 χρῶ·
1177 1455 1392 1545 ἑπιχριίμενον
1418 1448 1460 1541 θὲ,
1487 1463 1565 1548 αἱρεῖ
1587 1457 1712 1524 ὑπώπια

164 1581 217 1622 και
240 1583 301 1622 ται
325 1551 499 1625 πελιθνον
493 1563 546 1626 καί
571 1561 628 1638 τάς
651 1563 821 1651 λειχήνας,
836 1585 889 1626 και
912 1587 968 1638 τα
994 1563 1143 1650 μελαίνας
1168 1561 1260 1638 οιίλάς
1285 1561 1435 1654 καθαιρεῖ.

209 1671 250 1737 V.
274 1671 403 1762 (Ἄρης)
430 1672 547 1756 βοτάνη
573 1662 771 1748 πευκεθανσς.
796 1672 958 1748 ’ίαίιτης“
947 1693 963 1736 0
987 1673 1114 1760 χυλος’
1107 1682 1305 1763 ενεργεῖτρσ
1309 1674 1387 1748 ςτά
1410 1683 1472 1738 τῶν
1503 1668 1713 1750 ίσθάλωνθη-

168 1780 235 1867 ρίων
261 1770 424 1871 θήγματ,
394 1806 412 1843 α
449 1805 522 1846 σκευ
506 1775 620 1868 υαζὸιι-
609 1806 672 1855 εςνσ
698 1780 812 1856 770703
826 1779 927 1863 ²),7'0
931 1782 1051 1870 ντίρ.
1017 1805 1089 1846 υτον
1120 1791 1253 1846 τοῦτον·
1249 1782 1394 1870 μυέλου
1426 1784 1583 1872 ἐλάφου
1574 1811 1642 1877 σγγ.
1669 1787 1711 1876 μ’,

166 1883 416 1978 σαμ.βιἰχσυ’γ
356 1913 427 1978 σγγ.
453 1881 503 1971 77¹,
528 1889 681 1979 κυτέρεως
706 1893 843 1980 ὸγγ..,ρ
825 1883 1051 1978 ’χαλβάνης
1042 1915 1110 2023 σγγ.
1127 1881 1239 1980 κδ’,ῥη
1221 1890 1381 1967 ητίνηςθε
1350 1884 1551 1982 θερεθινθίνης
1575 1897 1644 2020 ὸγγ.
1670 1900 1713 2025 μ’,

165 1996 270 2059 ἐλαίου
294 2002 470 2062 ταλαισυίι
455 2023 523 2089 σγγ.
550 1999 602 2072 ιη’,
627 2002 688 2087 χυλ
682 2007 725 2061 συ
749 2008 807 2072 τῆς
833 1998 1003 2082 βοτάνης
995 1994 1117 2088 σγγ.ξ’·
1133 2009 1237 2063 ταυτα
1259 2003 1362 2064 λεα
1352 1998 1612 2089 τοιήοας,ἕ·’)ῃ’
1597 2026 1652 2078 εως
1676 2001 1712 2068 ἂν

165 2096 286 2168 λαβῶσι
299 2108 405 2234 γλοιοῦ
421 2105 533 2194 τάχος.
552 2113 653 2170 Τοῦτο
669 2110 684 2168 ὁ
700 2102 960 2238 προαλειβιίμρνσς
978 2110 1033 2170 οὐκ
1050 2106 1226 2196 ἀχθήσεται
1243 2108 1301 2171 ὑπὸ
1320 2099 1454 2172 ίσίυάλσυ·
1474 2108 1530 2172 Διά
1547 2120 1601 2174 τοῦ
1620 2113 1713 2176 αὐτοῦ

165 2217 263 2302 χυλοῦ
288 2204 322 2277 θί
345 2215 465 2304 γίνεται
489 2213 543 2278 καί
566 2214 747 2298 κατάπστα,
770 2216 844 2303 πρὸς
862 2239 970 2304 μεντοι
985 2240 1056 2291 του
1074 2207 1282 2346 θειληγμένσυς
1305 2215 1364 2280 ὑτὸ
1388 2241 1471 2292 τινος
1495 2227 1557 2281 τῶν
1583 2209 1712 2283 ίσθόλων

165 2325 221 2410 ὲρτ
212 2329 315 2388 ε.το”ιν,
341 2314 534 2398 Σκευάζεται
557 2323 722 2410 τροχίσκος
746 2323 801 2386 τ’σν
826 2347 940 2411 τρσισν
958 2334 1079 2388 τουτον
1097 2347 1229 2410 αυῳιιου
1247 2347 1316 2414 σγγ
1342 2312 1366 2384 θ’
1371 2315 1489 2400 ,ξύλου
1514 2323 1713 2414 κινναμώμου

166 2433 273 2521 ίιγγ.ρ
262 2431 294 2506 ,’,
319 2454 454 2519 σμυρνης
479 2454 547 2520 γσγ.
574 2432 601 2494 κ’
605 2421 894 2520 ,καρθάμουστρ
852 2432 1080 2522 .ερμα“ογγ.’,ς
1106 2407 1232 2518 μέλιτος
1255 2441 1364 2520 πικροῦ
1388 2434 1457 2522 ὁγγ.
1482 2433 1521 2514 κ’,
1546 2441 1603 2508 τῆς
1629 2426 1713 2522 ρίζης

165 2547 223 2612 τῆς
243 2537 378 2622 βοτάνης
396 2541 464 2628 ’σγγ.
483 2539 520 2602 κ’.
535 2545 645 2602 Ταῦτα
662 2539 753 2623 [λεῖα]
769 2539 911 2616 ποιήσοις,
930 2531 1133 2628 ἀναλάμβανε
1146 2539 1216 2620 σίνῳ
1230 2535 1512 2626 τεθαλασσωμένῳ,
1525 2537 1578 2602 καί
1591 2538 1713 2616 πλάσας

165 2649 350 2736 τροχίσκσυς
368 2647 501 2737 άγοντας
520 2652 628 2712 σίναοτ.
645 2647 683 2723 α’,
698 2639 784 2712 θίθσυ
801 2659 866 2723 τοῖς
885 2649 939 2735 μὲν
958 2646 1120 2735 ἀτυρέτσις
1137 2645 1190 2710 σὺν
1209 2648 1278 2729 σ’ίνῳ
1295 2645 1563 2735 τεθαλασσωμένῳ
1581 2646 1712 2722 κυάθους

165 2755 206 2841 γ’,
231 2763 295 2828 τοῖς
321 2742 354 2818 δὲ
370 2753 553 2842 τυρίοσσυσι
568 2753 593 2836 3)
610 2751 663 2816 σὺν
679 2744 780 2816 ὕθατι.
800 2748 991 2832 Σκευάζετσιι
1008 2745 1041 2821 θὲ
1065 2754 1118 2819 καί
1141 2755 1341 2844 ἕμτλαοτρσς
1365 2755 1440 2844 τρίς
1463 2779 1501 2820 τε
1524 2755 1643 2832 ταύτας
1660 2755 1714 2820 καί

165 2851 295 2925 777707'
257 2885 316 2988 τας
340 2859 450 2950 νεύρων
475 2861 797 2950 καίπαρακσλλήσεις
814 2864 988 2952 τριημίρων
1007 2862 1179 2952 ῥευμάτων,
1197 2860 1329 2991 Ιεχσάσης
1355 2864 1575 2950 [παρασκευῆς]
1604 2864 1712 2940 οὕτως·

165 2970 261 3058 κάρον
286 2993 358 3058 γ.γ
382 2969 422 3044 η’,
448 2971 695 3097 σαρκοκίλλρυ
686 2994 793 3059 σγγ.ι
782 3021 815 3049 ,,
797 2972 967 3060 ’ρητίνης
993 2963 1049 3061 ξήρ
1053 2996 1087 3046 7,
1112 2972 1246 3062 ογγ.μ’,
1263 2963 1435 3034 λισάνου’
1417 2995 1540 3102 ριρρενσς
1564 2974 1670 3061 ὸγγ.ι
1661 2973 1714 3055 ιβ

167 3079 298 3151 στέατος
311 3077 510 3208 ταάρσυίυγγ.
524 3070 582 3162 κθ,
596 3076 746 3166 κάστσρςσ
700 3103 830 3170 ρσγγ.
823 3080 956 3164 ,η’,τῆς
975 3074 1133 3170 ῥίζηςτής
1152 3078 1227 3163 βστ’
1197 3082 1434 3170 .ανηςογγ..,
1391 3079 1712 3166 τ’ίλαίουκαινσῦί)

166 3189 234 3277 ὸγγ.
261 3181 471 3274 μἠρ,τάξιί
453 3198 560 3262 ατσῖς
584 3191 686 3276 ὑγῒςρσ
712 3189 786 3252 άνα)
772 3181 1032 3275 λαμβάνωνω
966 3198 1043 3277 χρῶ,

214 3295 271 3360 VI.
296 3283 496 3382 (Ἀφρσθίτη)
523 3294 639 3377 βοτάνη
665 3294 841 3371 πανάκεισς.
866 3297 953 3380 Αὕτη
979 3301 997 3368 ή
1026 3294 1143 3379 βοτάνη
1169 3295 1299 3386 λέγεται
1322 3294 1406 3384 παρά
1430 3305 1522 3360 τινῶν
1546 3296 1713 3385 πλοκαμίς,

166 3405 217 3464 ὑπ’
242 3402 326 3464 ἐνίων
352 3392 385 3465 δὲ
409 3402 615 3491 καλλιερικόν.
640 3403 799 3479 Ταὑτηςὸ
820 3403 914 3492 χυλὸς
938 3403 1088 3478 πλείστας
1113 3403 1177 3491 ἔχει
1202 3394 1358 3490 δυνάμεις,
1382 3407 1438 3467 οὐκ
1462 3401 1613 3480 ἐλάττους
1635 3394 1710 3475 θὲή

167 3501 246 3597 ῥίζα.
271 3509 331 3570 Τίιν
356 3509 459 3570 τοίνυν
483 3511 580 3598 χυλὸν
605 3514 631 3574 εί
655 3508 736 3597 μετά
760 3501 879 3600 βοθίνσυ
904 3511 1008 3574 ἐλαίου
1032 3511 1124 3600 χρίσῃ
1146 3509 1206 3581 τήν
1223 3507 1293 3598 ὄψιν
1317 3537 1375 3589 τις,
1400 3503 1497 3588 ήθέως
1523 3510 1713 3601 θεωρήσεται

166 3615 225 3676 ὑπὸ
249 3613 375 3677 πάντων
407 3623 469 3677 τῶν
503 3613 687 3703 ἀνθρώπων,
713 3615 853 3704 μάλιστα
877 3609 911 3682 θὲ
934 3616 983 3681 ὑπ’
1009 3619 1147 3694 ἐκείνων,
1172 3617 1220 3694 οθς
1246 3618 1281 3682 ἂν
1306 3621 1385 3683 εἴποι
1409 3612 1441 3696 ἐξ
1465 3619 1635 3708 ὀνόματος,
1660 3621 1713 3684 ὅτε

166 3724 297 3812 χρίεται.
322 3721 394 3786 Ἰίάν
417 3714 450 3787 δὲ
474 3723 526 3787 σὺν
552 3733 650 3814 μικρῷ
675 3715 776 3814 νάρθῳ
812 3724 868 3794 τήν
893 3724 995 3812 κόμην
1021 3721 1130 3812 άλείψῃ
1157 3749 1213 3801 τις,
1238 3724 1295 3801 τάς
1320 3728 1430 3814 τρίχας
1461 3727 1531 3789 λίαν
1565 3727 1712 3815 μίλαινας

165 3831 302 3914 ποιησε,ι
328 3822 530 3918 θιαυενσίοας
555 3839 596 3908 είς
620 3831 703 3896 πάντ
707 3857 741 3908 ας
766 3831 836 3909 τοὺς
853 3827 924 3911 ἑξςῆ
939 3834 1066 3923 χρόνους
1089 3833 1365 3922 άλευκώτσυςί)
1360 3837 1479 3900 μᾶλλον
1505 3833 1559 3924 μὲν
1584 3829 1635 3899 οὖν
1659 3836 1713 3900 καί

166 3931 358 4029 καλλίρθιξ’
312 3961 433 4004 εττσιι
451 3965 626 4005 κατατ
604 3917 896 4005 υκνσιτιν’και
841 3964 968 4019 συ,ησιν
986 3967 1082 4006 των
1067 3951 1191 4074 τιρχιῒρν.
1207 3945 1285 4032 Πρὸς
1254 3933 1336 4008 077‘7
1322 3942 1447 4033 γετά
1463 3951 1525 4008 τῶν
1544 3942 1711 4033 ὀφθαλμῶν

164 4005 356 4136 λευκώρίατά
380 4073 414 4112 τε
438 4049 492 4112 καί
515 4051 636 4140 ίίγπρα
616 4059 689 4120 πήοι
694 4073 739 4114 σοι
756 4049 938 4137 μελαινα
929 4052 1033 4140 σ’μσιον
1059 4042 1115 4116 θε
1109 4075 1163 4115 777
1187 4051 1257 4127 τοὺς
1281 4051 1486 4143 γλαυκσφθάλ
1446 4077 1573 4140 σιςμου
1600 4056 1714 4141 μελαν·

168 4153 355 4286 σφθάλμςου
382 4149 540 4232 Σκευάζετ
543 4181 574 4220 αι
598 4157 705 4232 οὕτως·
729 4157 900 4243 άκακίαςθ)
926 4162 1074 4250 μελαίνης
1091 4162 1218 4290 βγγβ,
1244 4159 1361 4247 μύσεως
1384 4151 1513 4292 σ’γγ.’,θ
1533 4159 1714 4250 χαλκάνθσυ

166 4285 278 4352 σγγ.α
281 4261 444 4351 ’,χάλκου
469 4264 662 4351 κεκαυμένου
686 4267 757 4394 βγγ.
780 4267 808 4328 α’
812 4289 956 4356 ,κροκοι
981 4272 1051 4360 ’σγγ.
1076 4269 1115 4336 κ’.
1140 4275 1249 4333 ίαῦτα
1272 4271 1343 4333 λεῖα
1367 4269 1510 4343 ποιησας,
1537 4269 1635 4353 βάλλε
1659 4271 1713 4334 τ’σν

165 4370 262 4456 χυλὸν
287 4379 344 4444 τῆς
371 4369 548 4454 βστανη,,
533 4393 587 4446 εω
604 4395 640 4436 αν
657 4395 815 4460 γενηται
811 4395 846 4434 7
834 4372 935 4450 ίςλιτο
958 4374 1069 4465 πάχος,
1094 4377 1148 4441 καί
1171 4387 1247 4467 χρῶ.
1213 4371 1459 4455 ωΣκευάζεται
1483 4368 1516 4443 δὲ
1539 4381 1636 4453 αὐτῆς
1661 4377 1715 4442 καί

165 4479 339 4565 τροχίσκσς,
365 4477 397 4540 ’ὂν
422 4476 474 4540 ἐάν
499 4501 545 4553 τις
569 4481 684 4566 προπίῃ
710 4481 769 4542 ὑπὸ
794 4471 989 4567 δηλητηρίου
1013 4482 1188 4571 φαρμάκου,
1213 4483 1266 4546 καί
1291 4489 1318 4546 εἰ
1341 4482 1450 4571 φθάσει
1473 4484 1561 4569 πίων,
1586 4487 1620 4548 οὐ
1638 4486 1715 4568 βλα-

167 4576 299 4658 βήσεται
323 4590 374 4648 ὑπ’
400 4589 505 4650 αὐτοῦ·
530 4586 613 4650 ἀλλά
638 4585 719 4676 μετά
743 4587 780 4650 τὸ
805 4587 1074 4677 φαρμακευθῆναι,
1100 4589 1152 4654 ἐάν
1176 4615 1223 4666 τις
1247 4590 1354 4666 εὐθέως
1380 4593 1434 4678 τίη
1460 4592 1515 4655 τὸν
1537 4595 1714 4682 τροχίσκον,

166 4694 434 4782 ἀπαλλαγήσεται
459 4703 516 4769 της
540 4685 719 4767 τοῢθηλτη
721 4697 808 4783 ηρίου
827 4688 959 4780 βλάβης.
980 4695 1070 4761 Ἔστι
1095 4689 1128 4762 δὲ
1144 4700 1402 4771 ήσκευασίατσῦ
1427 4701 1595 4790 τροχίοκου
1620 4701 1712 4774 αὕτη·

165 4799 339 4889 σμ·ἰρνηςσ
344 4824 397 4891 γ.γ
421 4803 459 4879 κ’,
485 4803 622 4878 άλάης’
607 4827 679 4894 σγγ
704 4803 733 4867 κ’
736 4803 944 4894 ,στέρματςσ
970 4805 1211 4896 κορίουὸγγΛ
1203 4807 1297 4891 ι’β,κ
1278 4805 1486 4898 κρόκουόγγ.
1511 4810 1552 4885 η’,
1579 4808 1714 4898 στάχυος

201 5082 223 5156 ¹)
242 5083 278 5140 In
296 5101 389 5156 marg.
410 5089 527 5157 σταθμὸν,
547 5104 635 5158 quem
649 5093 684 5144 tu
697 5088 786 5144 velim
805 5107 913 5162 expen-
1003 5092 1026 5164 ³)
1045 5093 1089 5148 Id.
1110 5093 1232 5164 τυρίιυοι.

164 5171 226 5244 das,
246 5174 321 5230 alias
340 5174 452 5247 legitur
466 5181 514 5228 ἄνω
528 5177 578 5233 vel
591 5181 678 5251 ἂνάγρ.
697 5181 781 5232 αναοτ.
802 5178 847 5235 Cf.
865 5198 915 5236 su·
1002 5181 1025 5253 ⁴)
1045 5181 1114 5237 cod.
1134 5189 1229 5244 κοινοῖς.

164 5279 218 5334 pra
236 5268 329 5336 άγοντα
348 5268 515 5336 ίιμίδραχμον.
1002 5273 1025 5344 ⁵)
1043 5272 1087 5328 Id.
1108 5277 1280 5334 άλιυκαάτσυς.

201 5354 223 5426 ²)
243 5353 312 5411 cod.
332 5357 509 5424 σκευαζόμενιν
530 5360 631 5409 άιοτον.
1002 5363 1024 5433 6)
1044 5361 1114 5420 Cod.
1135 5365 1236 5416 ἀκακία.
1256 5363 1352 5420 Panto
1371 5370 1440 5437 post
1458 5366 1556 5436 μίσεος.

306 5479 401 5536 Αυεῐ..
420 5499 447 5552 ν,
467 5481 527 5537 18*.
