3978 6070
588 515 682 592 Ordo
700 522 901 594 ῶοοικοιικω
915 524 1035 615 poenis
1046 525 1333 619 praepositorum.
1697 543 1734 598 49

185 683 278 750 αὐτὸν
303 685 450 777 ῥιφέντων
477 679 634 779 περίοδος,
658 689 815 786 καὶτίνας
839 696 867 757 οί
891 695 1027 760 ἐνιαυτοί
1053 707 1116 761 τῶν
1141 682 1380 789 Ιεκύιίλλομένων
1411 707 1452 778 είς
1476 700 1547 780 τοὺς
1570 703 1733 796 ποταμούς

185 795 238 860 καί
261 801 302 871 είς
325 795 381 860 τδν
405 796 576 887 Τάρταρον.
601 799 662 862 Καὶ
685 798 745 890 γάρ
769 811 863 867 τοῦτο
880 805 945 868 ἐκεῖ
968 795 1167 896 διήρθρωται,
1193 809 1247 872 καί
1271 800 1358 875 ούδέν
1385 801 1433 875 δεῖ
1453 807 1496 874 τά
1520 809 1602 875 αύτά
1625 812 1679 876 καί
1702 817 1733 878 έν

184 902 306 979 τούτοις
324 906 530 989 κατατείνειν,
552 905 636 978 πλὴν
654 909 703 972 ὅτι
719 908 773 972 καί
788 913 804 973 ὁ
822 900 975 1000 Ἀρδιαῖος
993 912 1121 978 αύτόθεν
1139 919 1180 990 εἰς
1196 916 1251 981 τὸν
1273 915 1435 1008 Τάρταρον
1453 915 1590 995 ὠθεῖται,
1609 919 1662 983 καί
1679 922 1734 984 οὐκ

184 1003 294 1088 ἔξεισιν
318 1010 443 1096 έκεῑθεν,
467 1013 522 1090 ἕως
544 1023 647 1079 πᾶσαν
665 1017 807 1104 ἐκπλήσῃ
827 1016 886 1089 τήν
904 1019 1106 1108 ὀφειλομένην
1125 1025 1210 1105 αύτῷ
1226 1023 1347 1107 ποινήν,
1368 1021 1500 1114 εἰρήσθω
1524 1026 1577 1088 καί
1600 1034 1662 1090 νῦν·
1686 1027 1735 1091 ἔτι

143 1146 156 1186 ι
185 1119 222 1184 τέ
245 1110 396 1184 ούδέποτε
419 1113 589 1198 ὲκύαίνειν,
614 1122 668 1196 καί
698 1123 736 1189 τδ
761 1124 803 1214 μή
830 1123 968 1190 ἀνελθεῖν
994 1131 1034 1202 εἰς
1065 1127 1120 1192 τὸν
1151 1139 1206 1193 τοῦ
1231 1130 1360 1218 στομίου
1391 1131 1507 1214 τόπον,
1532 1131 1669 1215 ταυτύν,
1693 1139 1733 1210 ώς

185 1226 281 1316 μόνης
305 1220 390 1305 ἀξιον
414 1238 471 1304 τῆς
496 1233 526 1294 έν
550 1239 597 1314 τῷ
620 1229 746 1321 ἐσχάτῳ
769 1236 969 1324 κολαστηρίῳ
993 1225 1156 1325 διατριύής
1181 1236 1234 1302 καί
1257 1247 1320 1302 τῶν
1336 1240 1410 1326 ,ἐκεῖ
1431 1249 1597 1329 τιμωριῶν·
1623 1239 1692 1304 ἀλλ’
1718 1245 1734 1305 ὁ

184 1333 240 1423 μέν
264 1325 418 1426 Ἀρδιαῖος
442 1336 589 1426 χαιρέτω,
613 1340 667 1403 καί
690 1341 772 1417 ὅπως
796 1340 909 1418 ἀληθές
931 1342 969 1406 τὸ
999 1339 1043 1430 μή
1067 1337 1153 1421 ἥξειν
1177 1343 1271 1409 αὑτὸν
1297 1349 1338 1421 εἰς
1362 1346 1417 1410 τὸν
1442 1345 1516 1437 ὑπὲρ
1540 1357 1601 1436 γῆν
1624 1348 1733 1431 τόπον,

184 1432 375 1514 δεδηλώσθω
399 1431 450 1507 διά
473 1442 604 1521 τούτων,
622 1446 681 1509 ὅσα
697 1434 731 1510 δὲ
745 1449 793 1536 ἐφ’
810 1440 880 1525 ἑξῆς
897 1445 1020 1525 τούτοις
1035 1449 1240 1540 προστίθησιν
1265 1456 1281 1516 ὁ
1305 1452 1515 1544 ἐρωτώμενος,
1541 1451 1582 1531 εἷς
1606 1452 1648 1520 ών
1671 1466 1734 1522 τῶν

183 1546 324 1615 κάτωθεν
349 1541 603 1636 ἀναθεύηκότων,
628 1551 819 1644 ἀκούσωμεν·
842 1545 890 1620 ίδο

129 1793 156 1830 ιι
184 1766 207 1832 f.
227 1768 290 1834 124
307 1791 348 1849 ν.,
367 1767 480 1836 similis
496 1770 630 1837 lacuna:
656 1769 738 1842 ...ἣ
756 1769 810 1858 μὲν
834 1781 890 1836 τοῦ
915 1771 1107 1860 στομίου...
1133 1775 1205 1837 ἀλλ’
1231 1771 1279 1849 οὓς
1296 1772 1368 1850 τοὺς
1386 1772 1443 1864 μέν
1459 1779 1494 1840 ἐκ
1510 1798 1652 1866 τυρα...
1677 1781 1736 1867 ώρ-

185 1873 352 1964 μημένους,
368 1874 439 1952 τούς
454 1867 487 1942 δέ
499 1871 531 1955 ἐξ
548 1867 632 1942 ίδίων
642 1928 649 1941 .
659 1928 683 1942 ..
701 1880 815 1943 ἀνίατα
830 1869 864 1944 δέ
879 1879 962 1969 ὅμως
978 1881 1286 1969 πλημμελήσαντας,
1304 1883 1438 1960 ἐκείνους
1452 1883 1507 1972 μὲν
1521 1874 1735 1952 ἀναύήσεσθαι

185 1981 227 2070 μὴ
254 1972 451 2072 δυναμένους·
475 1988 516 2059 εἰς
540 1984 578 2048 τδ
601 1983 661 2075 γάρ
685 1984 814 2074 στόμιον
838 1990 989 2075 ἐμυκᾶτο,
1013 1994 1077 2051 τῶν
1101 1986 1252 2053 τοιούτων
1269 1989 1353 2066 τινὸς
1373 1991 1601 2080 ἐπιχειροῦντος
1626 1980 1736 2056 ἀποδι·

184 2078 329 2177 δράσκειν
352 2087 394 2154 τά
417 2091 481 2154 ἐκεῖ
505 2081 722 2182 δικαιωτήρια,
740 2096 774 2158 ού
799 2084 851 2158 διά
875 2093 1086 2182 μεταμέλειαν
1111 2088 1152 2159 ὧν
1177 2088 1322 2186 ἔπραξαν,
1348 2095 1432 2162 ἀλλά
1456 2089 1509 2163 διά
1533 2096 1590 2175 τάς
1613 2102 1649 2164 ἐκ
1671 2110 1734 2164 τῶν

184 2197 343 2262 κολάσεων
368 2188 558 2288 ἀλγηδόνας,
583 2189 715 2277 οὐδὲὼς
739 2205 858 2266 ἑαυτῶν
876 2201 1084 2293 κατηγόρους,
1101 2204 1167 2267 ἀλλ’
1190 2208 1229 2278 ὡς
1250 2195 1390 2294 φυγάδας
1415 2207 1476 2270 ἀπο
1500 2215 1563 2271 τῶν
1587 2209 1734 2273 ποιναίων

130 2330 156 2367 ιε
185 2296 349 2394 δαιμόνων.
374 2307 418 2370 Τὸ
442 2307 497 2396 μέν
522 2299 561 2379 δὴ
587 2307 720 2397 μύκημα
743 2320 798 2374 τοῦ
823 2311 953 2398 στομίου
977 2319 1080 2376 πᾶσαν
1105 2303 1283 2402 ὑπερύαίνει
1306 2311 1462 2403 τραγικήν
1487 2305 1666 2398 διασκευήν,
1692 2321 1733 2392 εἰς

184 2405 310 2492 ἔνδειξιν
327 2425 385 2490 τῆς
402 2408 574 2507 ύπερύολῆς
590 2426 653 2482 τῶν
670 2428 837 2508 τιμωριῶν,
853 2419 955 2508 ὥσπερ
968 2419 1022 2483 καί
1037 2419 1075 2484 τὸ
1089 2410 1253 2508 διαπύρους
1270 2419 1356 2496 τινάς
1372 2431 1481 2505 ποιεῖν,
1498 2420 1569 2499 τοὺς
1586 2424 1735 2500 ἕλκοντας

183 2520 241 2599 τάς
258 2523 408 2612 τιμωρίας
425 2517 516 2602 ἀξίως
534 2516 728 2608 βεύιωκυίας,
750 2524 855 2590 καὶτὸ
873 2529 920 2591 ἐπ’
939 2523 1129 2590 ἀσπαλάθων
1148 2523 1322 2616 κνάμπτειν
1334 2523 1368 2613 Ι),
1385 2527 1439 2591 καί
1455 2528 1493 2592 τέ
1509 2528 1659 2619 κήρυγμα
1674 2541 1734 2607 τῆς

183 2635 225 2706 εἰς
248 2631 303 2695 τὸν
328 2631 490 2721 Τάρταρον
514 2631 636 2708 τούτων
654 2629 769 2724 ῥίψεως·
785 2632 891 2697 πάντα
907 2631 967 2725 γάρ
984 2642 1088 2697 ταῦτα
1106 2625 1266 2722 φρικώδεις
1285 2634 1346 2722 μέν
1367 2645 1447 2700 ποιεῖ
1470 2636 1527 2711 τάς
1551 2635 1658 2714 ποινάς
1681 2638 1736 2703 καί

184 2740 431 2829 ἀπαραιτήτους,
456 2733 713 2831 ἀνυπερύλήτους
738 2731 772 2806 δέ
795 2739 851 2817 τὰς
876 2740 1049 2831 μοχθηρίας
1065 2730 1217 2804 δείκνυσιν
1234 2750 1297 2804 τῶν
1322 2734 1551 2831 κολαζομένων,
1574 2745 1657 2834 εἴπερ
1681 2743 1736 2808 καί

127 2883 155 2922 20
182 2845 224 2911 τά
240 2842 347 2935 ἀψυχα
365 2837 467 2934 φωνὴν
486 2849 611 2936 ἀφίησιν
624 2843 763 2937 ἔμψυχον
777 2846 847 2912 κατ’
862 2850 977 2930 αὐτῶν,
990 2847 1044 2911 καί
1056 2846 1099 2912 τά
1115 2840 1294 2926 κολάζοντα
1307 2846 1461 2938 φάσματα
1479 2841 1734 2916 δυσαντίύλεπτα

182 2954 236 3018 καί
259 2953 301 3019 τά
318 2945 518 3044 δεσμωτήρια
542 2955 676 3043 ἄφυκτα.
698 2955 825 3021 Τούτων
843 2946 877 3038 δὲ
893 2953 1043 3021 τοιούτων
1062 2955 1171 3032 όντων,
1187 2960 1214 3020 εἰ
1230 2952 1273 3044 μὴ
1294 2954 1383 3046 μῦθοι
1399 2967 1503 3021 ταῦτα
1519 2957 1573 3020 καὶ
1597 2949 1734 3046 δείματα

183 3063 288 3153 μόνον,
305 3063 406 3154 ὥσπερ
425 3068 639 3154 μορμολυκεῖα
654 3055 785 3142 παίδων,
799 3056 896 3138 δῆλον
911 3055 1063 3136 δήπουθεν
1079 3064 1128 3146 ὅτι
1142 3054 1296 3152 δαιμόνων
1309 3066 1356 3140 τίς
1369 3068 1438 3129 ἐστι
1454 3058 1541 3142 τάξις
1558 3057 1734 3155 διορίζουσα

181 3171 242 3268 τήν
265 3171 385 3264 γένεσιν
409 3172 463 3236 καί
479 3171 551 3248 τούς
568 3171 628 3236 ὑπὸ
643 3182 703 3263 γῆς
717 3173 843 3251 τόπους,
860 3173 913 3236 καί
929 3172 989 3245 τήν
1006 3164 1095 3250 ἀξίαν
1113 3165 1302 3263 ἀφορίζουσα
1319 3182 1377 3248 τῆς
1394 3176 1460 3238 ἐκεῖ
1476 3164 1639 3263 διατριύῆς
1662 3183 1733 3250 ταῖς

135 3348 143 3368 ,
181 3275 304 3368 ψυχαῖς·
329 3283 358 3344 οί
381 3278 436 3369 μέν
460 3272 512 3343 ούν
537 3277 678 3368 θεόοοφοι
702 3277 796 3355 κύνας
820 3263 906 3356 τινάς
930 3271 1098 3370 Κερύέρους
1120 3291 1242 3345 ποιοῦσι
1266 3303 1342 3370 φρου
1371 3355 1375 3362 ,

126 3525 154 3563 ιι
181 3493 204 3560 f.
219 3496 292 3576 125,
307 3495 420 3561 eadem
432 3495 566 3562 lacuna:
585 3492 676 3558 ...καί
688 3497 890 3583 ῖχνηλατοῦ...
909 3482 1086 3569 δεδωκότας
1099 3492 1282 3582 τιμωρίας...
1296 3482 1523 3582 δικαιωτηρίων
1540 3485 1732 3582 δεομένους...

180 3599 300 3665 τούτων
318 3601 473 3690 ἀπέσχετο
489 3610 551 3665 τῶν
567 3599 762 3690 ὀνομάτων...
776 3599 819 3665 τά
832 3599 913 3666 αὺτά
928 3600 1039 3692 γράφει
1053 3598 1113 3672 τὴν
1126 3591 1289 3688 δαιμονίαν
1301 3597 1457 3673 ταύτην...
1469 3599 1529 3672 τήν
1545 3601 1726 3689 ἐφεστῶσαν

180 3717 221 3794 τῇ
247 3717 364 3798 φρουρᾷ
386 3718 448 3773 τῶν
466 3708 657 3798 ὑποχθονίων
675 3706 793 3799 ψυχῶν,
811 3709 997 3798 μυκωμένην
1014 3705 1033 3780 ή
1052 3717 1189 3798 σιγῶσαν
1204 3715 1312 3790 ποιῶν,
1329 3709 1401 3782 ἴσως
1420 3699 1472 3772 διά
1489 3718 1545 3772 τοῦ
1567 3705 1732 3798 μυκηθμοῦ

178 3815 235 3880 καί
251 3815 310 3887 τήν
328 3818 545 3906 ἀπαραίτητον
563 3816 695 3889 ἀπειλὴν
713 3807 938 3906 ἐνδεικνύμενος
955 3813 1039 3880 κατά
1063 3825 1126 3879 τῶν
1150 3805 1296 3906 φυγάδων
1313 3825 1377 3879 τῶν
1398 3813 1514 3880 ἐκεῖθεν
1531 3813 1731 3906 γιγνομένων·

181 3925 234 3990 καί
258 3926 308 3989 ὅτι
332 3925 482 3998 σεληναία
505 3949 553 4001 τις
573 3925 676 4016 ἀγέλη
704 3916 858 4018 δαιμόνων
877 3923 975 4000 αὐτὴν
997 3923 1223 4015 (ταυρόμορφος
1247 3921 1308 4013 γάρ
1333 3922 1455 4004 θεός,,εῖ
1479 3915 1513 3989 δέ
1539 3923 1655 4008 βούλει,
1678 3925 1733 3990 καί

126 4063 154 4098 σο
181 4035 236 4098 τὸν
249 4031 443 4123 ταυρόκερων
455 4034 479 4123 ²)
493 4024 629 4122 δαίμονα
642 4034 695 4098 καί
708 4025 979 4124 δρακοντόμορφον
992 4031 1047 4096 τύν
1061 4031 1122 4096 ἀπο
1138 4039 1200 4095 τῶν
1219 4022 1419 4096 διονυσιακῶν
1433 4022 1521 4098 εἰδῶν
1535 4033 1730 4117 ὑποστάντα)

181 4141 384 4230 περιέπουσα·
407 4139 533 4218 πάντως
557 4140 618 4232 γάρ
635 4142 776 4217 κάκεῖνος
792 4147 921 4233 ήγιῖται
933 4143 1059 4205 πολλῶν
1076 4137 1261 4228 φασμάτων,
1278 4147 1341 4203 τῶν
1359 4137 1414 4228 μὲν
1437 4149 1592 4230 τιμωρῶν,
1612 4151 1675 4204 τῶν
1699 4132 1733 4234 δέ

181 4257 395 4338 φρουρητικῶν
420 4252 486 4312 ἐκεῖ
507 4247 720 4338 τεταγμένων·
737 4248 791 4312 καί
806 4245 848 4312 τά
867 4246 921 4338 μέν
939 4237 1103 4336 δράκουσιν
1123 4247 1236 4333 ὁμοίως
1253 4247 1463 4333 ἐμπίπτοντα,
1488 4244 1530 4310 τά
1554 4236 1588 4310 δέ
1609 4245 1731 4336 ταύρων

180 4355 278 4442 ἤχους
302 4354 453 4443 ἀφιέντα,
477 4355 717 4428 καταπλήττειν
742 4353 798 4431 τάς
822 4351 933 4444 ψυχάς,
960 4358 999 4418 Οἱ
1022 4345 1055 4420 δέ
1079 4343 1117 4424 δή
1143 4344 1249 4443 ἄνδρες
1273 4358 1302 4418 οί
1325 4344 1470 4443 διάπυροι
1494 4345 1576 4430 ἰδεῖν,
1602 4352 1731 4432 αύτόθεν

182 4453 327 4550 δαίμονές
351 4466 437 4526 εἰσιν·
460 4461 583 4553 λογικοὶ
608 4461 672 4552 μέν,
698 4461 767 4528 ὅθεν
791 4462 845 4526 καὶ
868 4455 975 4551 ἄνδρες
1000 4453 1216 4550 ὀνομάζονται·
1238 4461 1422 4526 κολαστικοί
1447 4451 1490 4538 δέ,
1515 4462 1569 4526 καί
1591 4463 1662 4536 ίσως
1685 4469 1731 4544 τῷ

126 4597 154 4634 ιι
182 4569 446 4662 Πυριφλεγέθοντι
468 4572 698 4661 προσήκοντε;’
724 4576 750 4636 εἰ
774 4561 807 4636 δέ
831 4569 874 4660 μὴ
901 4561 953 4635 διά
976 4569 1069 4660 πυρὸς
1093 4568 1179 4646 ὄντες
1202 4569 1335 4659 τιμωροί
1357 4571 1541 4659 (πρέποντες
1563 4567 1622 4660 γάρ
1646 4562 1732 4635 οὗτοι

180 4686 250 4752 ταῖς
274 4687 469 4767 τυραννικαῖς
485 4671 578 4755 ζωαῖς
592 4677 617 4762 3)
642 4688 712 4754 ταῖς
729 4676 912 4768 φθαρτικαῖς
928 4687 992 4742 τῶν
1009 4675 1162 4765 ἐνθέσμων
1178 4675 1399 4766 πραγμάτων),
1417 4667 1515 4766 ἄρδην
1532 4670 1732 4766 ἀφανίζοντες

181 4782 241 4857 τήν
266 4788 297 4849 ἐν
322 4787 431 4862 αύταῖς
447 4787 609 4876 πονηρίαν,
626 4779 712 4851 ούτοι
729 4776 757 4848 δ’
783 4779 846 4870 οὖν,
863 4784 968 4874 φησὶν,
983 4784 1021 4849 τδ
1043 4781 1168 4874 φθέγμα
1192 4793 1247 4848 τοῦ
1272 4785 1402 4872 στομίου
1426 4781 1730 4873 καταμανθάνοντες,

180 4883 265 4958 εἰδὲ
288 4903 382 4958 τοῦτο
406 4896 515 4977 πολλῷ
539 4893 688 4983 πρότερον
712 4897 812 4958 ἐκεῖνο
837 4883 996 4982 δαιμόνιόν
1020 4894 1122 4957 ἐστιν·
1148 4893 1183 4956 ού
1206 4889 1266 4981 γάρ
1291 4889 1327 4956 ἀν
1351 4895 1393 4968 είς
1421 4895 1520 4956 έκεῖνο
1543 4889 1733 4984 τεταγμένοι

181 4998 253 5077 τοὺς
276 4999 325 5066 ἐτι
349 4992 511 5092 δεομένους
535 5005 564 5066 οῖ
586 5000 673 5093 λόγῳ
696 4999 852 5090 χρώμενοι
875 5024 913 5065 κο

219 5249 242 5326 ¹)
260 5249 465 5323 Αᾶκνάμπτειν
484 5248 521 5306 of.
540 5249 619 5307 infra
636 5267 664 5324 p.
683 5249 726 5322 50,
745 5267 774 5307 n.
792 5249 819 5305 4.
983 5251 1106 5321 λυώνυμι,
1126 5250 1243 5320 μαινόλα,
1262 5253 1369 5317 Βακχιῦ,
1387 5279 1424 5292 -
1443 5249 1601 5322 Ταυρόκιρως
1618 5256 1673 5303 κτλ.

218 5342 243 5414 ²)
265 5341 395 5412 Orphica
406 5354 458 5413 m,
473 5339 497 5412 1,
510 5341 543 5396 2:
565 5343 697 5398 Κικλήοιιιι
717 5361 752 5410 σι,
773 5345 867 5414 μάκαρ,
884 5361 929 5400 ττι-
1019 5339 1044 5414 ³)
1063 5337 1132 5398 Ood.
1154 5342 1251 5402 ζωααῖς.

324 5464 420 5521 Am.
440 5479 468 5538 v,
486 5464 512 5519 4.
