3944 6074
429 965 758 1076 OODEX
810 965 1319 1076 MEDIOEUS

674 1181 798 1256 (PLUT.
818 1198 907 1255 nxxx,
927 1183 955 1258 9)
973 1182 1071 1238 27934.

754 1644 999 1720 ΜΟΝΙΤΠΜ.

148 1852 315 1938 Integrum
338 1853 479 1938 satisque
501 1853 662 1938 prolixum
686 1876 766 1940 opus
790 1853 895 1920 Procli
918 1855 951 1919 in
975 1855 1092 1922 selecta
1107 1854 1289 1921 Platonicae
1305 1854 1512 1939 Reipublicae
1534 1854 1648 1939 capita,

103 1961 258 2026 insertum
289 1961 352 2026 fuit
374 1961 406 2026 in
430 1963 508 2026 duos
532 1962 654 2028 codices
677 1963 920 2046 manuscriptos,
946 1987 1042 2028 unum
1074 1962 1151 2028 olim
1181 1963 1374 2051 Mediceum,
1398 1963 1536 2029 alterum
1566 1983 1650 2026 nunc

103 2067 306 2150 Vaticanum,
331 2069 470 2154 ejusdem
494 2071 619 2150 aetatis,
643 2071 783 2154 ejusdem
807 2070 961 2151 officinae,
978 2071 1087 2136 eadem
1112 2071 1246 2136 fortasse
1270 2094 1365 2136 manu
1390 2071 1595 2154 conscriptos,
1613 2069 1651 2134 de

104 2174 220 2258 quibus
243 2175 337 2259 plura
360 2175 511 2259 inhujus
535 2178 614 2242 tomi
637 2177 875 2262 prolegomenis
898 2178 1001 2244 dicere
1024 2179 1148 2244 animus
1173 2184 1231 2244 est.

149 2281 228 2348 Pars
251 2284 379 2368 quidem
401 2285 622 2350 commentarii
652 2287 823 2369 posterior,
848 2287 988 2370 exceptis
1018 2287 1208 2371 fragmentis
1231 2286 1393 2353 nonnullis
1411 2271 1500 2370 ¹apud
1527 2285 1649 2351 Maium

105 2392 322 2476 perfunctorie
344 2393 448 2473 editis,
463 2415 547 2460 nune
570 2395 709 2477 primum
733 2417 772 2459 ex
794 2395 932 2480 integr0,
950 2395 989 2460 ad
1013 2395 1106 2460 fidem
1127 2397 1219 2461 unius
1242 2395 1357 2460 codicis
1372 2393 1532 2473 Vaticani,
1548 2393 1652 2478 quoad

104 2500 197 2566 licuit
219 2501 320 2581 nobis,
345 2504 440 2585 atque
463 2501 639 2567 concedunt
662 2502 866 2568 membranae
889 2504 1087 2588 superstites,
1104 2505 1136 2569 in
1164 2503 1382 2588 superioribus
1413 2502 1539 2588 paginis
1566 2501 1652 2566 facta

105 2607 227 2694 publici
247 2608 330 2694 juris
353 2611 412 2673 est.

150 2713 243 2780 Prior
265 2720 375 2780 autem
391 2737 475 2798 pars,
492 2739 511 2780 a
527 2717 630 2782 tribus
642 2717 710 2801 jam
726 2719 869 2800 saeculis,
886 2720 983 2785 semel
999 2720 1083 2804 qnod
1100 2721 1235 2786 sciamus
1251 2720 1355 2785 lucem
1378 2717 1455 2782 satis
1477 2715 1650 2780 infaustam

106 2823 230 2903 habuit,
255 2845 294 2887 ex
317 2828 469 2906 corrupto
493 2824 608 2890 codicis
631 2823 765 2891 Medicei
788 2828 984 2912 apographo,
1010 2827 1162 2908 Basileae,
1187 2829 1271 2913 apud
1294 2827 1479 2906 Valderum,
1500 2849 1528 2890 a.
1556 2824 1651 2903 1542,

106 2929 351 2995 mendosissimis
374 2931 460 3016 typis
483 2933 660 2999 commisse.

151 3035 276 3102 Primus
290 3037 393 3104 Lucas
407 3037 592 3106 Holstenius
604 3041 728 3106 notavit
740 3043 939 3126 perspicuum
952 3044 1117 3129 utriusque
1130 3045 1245 3111 codicis
1257 3043 1539 3118 necessitudinem
1555 3039 1653 3102 immo

107 3145 268 3230 integram
291 3146 458 3212 amborum
483 3147 748 3232 descriptionem,
773 3172 873 3215 novae
895 3151 1016 3215 intuitu
1040 3152 1206 3230 editionis,
1230 3170 1401 3234 aggressus
1425 3150 1483 3226 est,
1507 3149 1653 3211 neutram

107 3274 184 3317 vero
208 3253 353 3319 absolvit.
378 3254 539 3339 Quidquid
561 3256 604 3328 in
617 3256 722 3321 codice
738 3255 906 3337 Vaticano,
931 3241 1179 3328 favente'funsta
1195 3257 1310 3322 Leonis
1325 3255 1438 3321 Allutii
1462 3276 1568 3338 opera,
1582 3257 1654 3317 ten·

107 3360 198 3440 tavit,
223 3361 356 3426 retinuit
378 3362 477 3428 codex
493 3361 699 3442 Barberinus,
723 3385 818 3448 quem
841 3364 1012 3449 diligenter
1035 3365 1188 3432 collatum
1211 3365 1323 3430 lectori
1347 3385 1444 3448 supra
1466 3361 1652 3427 obtulimus.

153 3467 200 3533 Ea
223 3491 299 3534 vero
322 3492 433 3554 pauca,
450 3491 532 3553 quae
556 3469 639 3534 idem
664 3470 765 3536 Lucas
788 3492 827 3536 ex
849 3469 991 3537 Mediceo
1015 3473 1098 3538 libro
1121 3472 1239 3556 raptim
1264 3472 1381 3553 hausit,
1398 3468 1597 3555 repperimus
1620 3465 1653 3530 in

108 3575 210 3641 altero
233 3576 315 3642 libro
339 3576 640 3659 Barberino,⁴inter
662 3579 848 3662 impressoS,
872 3583 909 3645 ut
932 3581 1039 3661 aiunt,
1063 3581 1216 3666 inscripto
1239 3581 1265 3661 l,
1290 3583 1322 3662 4,
1346 3582 1399 3660 32,
1423 3579 1478 3663 qui
1506 3578 1573 3662 ipse
1605 3581 1654 3641 est

107 3684 249 3750 modicus
264 3685 434 3751 fasciculus
450 3709 488 3751 ex
505 3687 641 3752 editione
658 3686 831 3753 Basileensi
855 3689 993 3771 avulsus,
1017 3713 1036 3754 a
1053 3689 1131 3754 tomi
1147 3688 1179 3754 II
1196 3711 1227 3772 p.
1244 3689 1309 3752 349
1333 3687 1373 3752 ad
1389 3688 1464 3752 432.
1490 3684 1547 3750 Oui
1571 3685 1654 3749 inse-

108 3793 191 3858 ritur
213 3792 254 3858 ab
277 3793 388 3871 initio,
412 3816 509 3860 manu
533 3794 694 3860 Holstenii
717 3795 911 3881 descriptus,
935 3797 1027 3862 index
1050 3818 1194 3881 graecus,
1221 3795 1283 3879 ipsi
1305 3794 1449 3860 Mediceo
1479 3793 1653 3876 praefixus3

108 3902 235 3967 additur
257 3900 364 3968 italice
387 3901 481 3967 breve
504 3901 664 3967 Holstenii
687 3903 854 3984 monitum,
872 3925 946 3968 mox
962 3903 1021 3969 sub
1038 3903 1137 3968 oculis
1152 3903 1345 3987 ponendum,
1362 3905 1432 3966 tum
1452 3923 1509 3982 per
1531 3899 1654 3984 aliquot

110 4008 245 4093 paginas
268 4009 467 4093 marginibus
489 4009 600 4074 insunt
622 4010 728 4074 variae
751 4009 906 4077 lectiones
922 4033 959 4076 ex
983 4009 1123 4076 Mediceo
1140 4014 1298 4094 receptae.
1322 4007 1384 4074 Sed
1409 4007 1578 4073 collatione
1602 4007 1654 4070 vix

109 4116 267 4196 inchoata,
285 4139 413 4181 manum
437 4117 476 4181 de
499 4117 611 4182 tabula
630 4117 761 4182 sustulit
783 4118 833 4182 vir
855 4117 1040 4198 industrius,
1057 4139 1120 4181 non
1144 4122 1230 4182 certe
1253 4115 1371 4181 laboris
1395 4115 1574 4199 impatiens,
1599 4119 1655 4179 aut

111 4225 214 4289 minus
230 4232 387 4306 constans,
404 4225 458 4290 sed
475 4228 524 4290 tot
546 4225 669 4290 eximiis
692 4225 852 4310 operibus,
868 4227 917 4291 uti
933 4231 965 4291 et
981 4225 1084 4290 socius
1101 4224 1176 4306 Leo,
1200 4245 1380 4308 oppressus,
1396 4227 1434 4287 ut
1452 4227 1566 4287 neuter
1589 4223 1655 4287 voti

111 4334 159 4398 sui
182 4333 215 4397 in
238 4332 349 4398 multis
372 4357 512 4418 unquam
536 4333 635 4398 fuerit
659 4355 797 4418 compos.

156 4441 262 4517 Quum
291 4463 383 4523 vero,
408 4442 541 4526 privatis
569 4440 768 4526 publicisque
799 4440 909 4506 officiis
940 4439 1040 4506 amice
1072 4439 1345 4523 conspirantibus,
1369 4439 1466 4504 codex
1495 4435 1655 4504 Medieeus

112 4549 151 4614 ud
174 4570 262 4614 meos
286 4572 362 4614 usus
385 4549 483 4614 fuerit
513 4548 740 4614 humanissime
763 4549 1030 4628 communicatus,
1054 4549 1116 4614 mei
1140 4547 1280 4612 muneris
1311 4569 1379 4612 esse
1407 4547 1568 4626 existimo,
1592 4569 1656 4631 qua

113 4656 296 4722 fortunatus
312 4656 483 4738 Holstenii,
500 4655 624 4735 Allatii,
640 4655 717 4721 Maii
740 4657 772 4720 in
797 4657 906 4722 eadem
927 4655 1119 4722 bibliotheca
1134 4655 1246 4719 haeres
1262 4660 1294 4718 et
1311 4653 1485 4738 fidejussor,
1509 4654 1656 4738 persequi

113 4785 223 4828 omnes
247 4762 353 4829 Procli
375 4765 408 4829 in
432 4763 575 4830 Platonis
598 4763 840 4849 Rempublicam
855 4763 1110 4828 commentarios.
1127 4760 1199 4827 Scio
1216 4761 1256 4826 cl.
1273 4760 1358 4824 viros
1382 4759 1507 4840 Schoel,
1531 4757 1655 4842 Peiper,
1771 4799 1774 4804 Δ

114 4871 203 4953 alios,
218 4872 302 4937 idem
318 4895 431 4938 saxum
446 4872 591 4955 volvisse,
609 4873 753 4939 eumdem
770 4873 940 4940 contulisse
957 4871 1143 4949 Mediceum,
1156 4892 1193 4935 ac
1204 4870 1338 4935 fortusse
1351 4890 1451 4933 novae
1463 4868 1560 4933 etiam
1573 4890 1657 4932 nunc

114 4979 297 5045 incumbere
320 4980 460 5060 editioni,
480 5002 576 5064 quam
599 4981 678 5046 meis
701 5002 827 5066 quoquc
844 4982 927 5048 votis
950 4978 1114 5063 adprecari
1138 4984 1171 5043 et
1194 4978 1297 5043 lausto
1314 4977 1466 5062 augurari
1485 4977 1595 5060 juvat;
1620 4999 1656 5042 ac

114 5086 230 5151 nedum
253 5086 355 5151 ullum
378 5091 491 5170 optato
514 5088 605 5170 operi
628 5088 776 5172 objiciam
800 5089 1075 5172 impedimentum,
1095 5087 1235 5152 subsidia
1258 5085 1366 5169 potius
1389 5084 1566 5168 suppedito,
1581 5084 1657 5149 dnm

115 5195 265 5260 continuo
288 5193 371 5259 libro
395 5195 466 5259 aliis
482 5195 605 5277 relicto,
622 5196 706 5262 solas
722 5195 856 5262 Medicei
879 5195 995 5261 codicis
1011 5195 1191 5272 varietates,
1207 5192 1296 5257 brevi
1319 5197 1475 5276 apparatu
1499 5191 1656 5270 suffultas,
1764 5245 1772 5261 .

116 5302 267 5392 colligere
289 5304 511 5367 tantummodo
535 5303 715 5388 aggredior.
740 5304 802 5370 Sed
825 5325 925 5388 aequo
948 5303 1095 5386 bonoque
1118 5299 1242 5379 lectori,
1266 5298 1365 5383 siquis
1388 5298 1490 5363 adhue
1513 5303 1658 5382 superest

115 5411 148 5475 in
171 5410 324 5477 hodierno
338 5410 562 5476 humaniorum
578 5410 759 5477 litterarum
776 5411 915 5492 fastidio,
933 5410 1068 5476 fortusse
1089 5407 1319 5490 aestimabitur,
1336 5410 1462 5472 nostras
1484 5406 1657 5474 varietates
