4006 6074
647 509 801 582 Metram
819 507 857 580 in
876 505 1000 580 librum
1019 505 1184 581 Jaoicum

423 683 546 751 Cuncta
568 689 666 766 creat,
691 685 741 752 cui
765 707 838 753 cum
860 684 974 766 voluit,
998 707 1049 751 rea
1072 682 1193 750 torrida
1217 683 1289 750 fona
1313 687 1372 765 eet,

423 791 485 869 Qui
508 792 594 858 iussu
617 790 669 858 vel
692 791 775 859 sicea
797 792 884 877 rigat
906 791 957 858 vel
979 791 1113 858 flumina
1135 791 1242 872 siccat,

423 899 484 978 Qui
509 904 617 966 raetos
640 899 725 966 inter
747 899 894 985 scopulos
916 899 1144 984 heremumque
1167 896 1325 964 calentem

357 1005 400 1048 555
422 1008 568 1094 Irriguoa
591 1007 679 1075 duria
702 1006 825 1074 laxavit
846 1007 971 1075 cotibus
994 1028 1115 1088 amnes,

421 1114 491 1184 Nec
514 1137 621 1183 mora:
646 1137 719 1182 cnm
741 1115 804 1182 levi
827 1115 973 1182 maxillae
996 1115 1028 1180 in
1052 1135 1121 1180 osae
1144 1118 1311 1199 patescens

422 1223 517 1290 Rima
539 1224 621 1304 fluit,
645 1225 828 1310 flumenque
851 1225 972 1304 tremit,
995 1223 1141 1309 fugiente
1164 1226 1292 1304 meatu3

422 1332 581 1416 Expletur
603 1332 726 1399 iuvema
749 1331 877 1400 coelesti
900 1355 918 1398 e
941 1333 1071 1418 gurgite
1093 1335 1200 1416 potua.

467 1440 560 1507 Muta
582 1440 660 1507 facit
683 1444 717 1507 et
739 1462 856 1526 magna
878 1440 974 1522 videt,
997 1439 1155 1506 laudanda
1173 1441 1315 1505 meretur

423 1547 521 1615 Cuius
542 1549 678 1633 imperio
702 1549 751 1614 bia
775 1549 862 1615 denia
885 1548 1003 1615 Iudaea
1024 1548 1149 1634 pollone

424 1654 566 1724 Urbibus
589 1655 715 1738 enituit,
738 1654 817 1724 duca
839 1655 899 1722 hoc
923 1659 955 1722 et
979 1653 1081 1722 milite
1103 1653 1215 1722 fidens.

357 1544 399 1583 140

826 1869 924 1939 Carnu
945 1870 1034 1938 XVI.

422 2089 499 2156 Inde
523 2089 613 2171 abiit,
637 2088 817 2174 Gazamqnc
841 2088 938 2170 venit,
962 2088 1018 2154 ubi
1040 2087 1161 2154 femina
1179 2086 1252 2153 vilia

421 2191 593 2265 iuvenibus
616 2196 727 2266 calidis
749 2197 906 2264 vendebat
929 2197 1013 2264 socia
1036 2201 1154 2263 noctes.

422 2307 515 2373 Hanc
538 2306 617 2372 adiit
640 2328 722 2392 quae
744 2307 850 2391 prima
872 2306 936 2376 fuit
958 2327 1032 2372 mox
1054 2327 1150 2372 causa
1173 2303 1306 2389 pericli:

354 2410 398 2454 555
421 2413 503 2480 Ecce
526 2413 614 2480 volat
638 2413 761 2480 Gazaca
783 2437 907 2495 manus,
930 2418 1027 2499 atque
1050 2412 1140 2480 obice
1163 2412 1258 2478 duras

421 2521 608 2590 communit
627 2519 652 2606 ¹)
675 2527 787 2608 portas
810 2527 843 2589 et
867 2521 970 2590 ferrea
992 2520 1120 2589 vincula
1143 2519 1262 2599 subdit,

420 2630 584 2698 Inclusum
606 2632 759 2714 retinens,
783 2635 820 2697 ut
842 2636 973 2716 captum
995 2629 1105 2697 ludere
1127 2629 1239 2716 gestit.

420 2737 524 2806 Nocte
548 2738 615 2806 fere
637 2739 743 2806 media
766 2738 951 2807 Sameonem
974 2739 1097 2806 somnia
1119 2738 1296 2822 linquunt3

421 2846 555 2915 Excitua
576 2847 715 2914 immane
738 2847 829 2930 furit,
853 2853 924 2914 tum
945 2847 1058 2914 limina
1080 2845 1222 2931 pulsans,

357 2950 401 2996 555
425 2955 583 3023 convellit
606 2956 752 3042 geminos
775 2955 945 3023 stridentes
967 2979 987 3022 a
1009 2954 1138 3022 cardine
1161 2956 1280 3038 postca.

427 3062 666 3151 Succedeneque
690 3065 789 3146 oneri,
813 3065 931 3133 cursim
955 3086 1050 3149 super
1073 3063 1172 3130 ardua
1194 3060 1298 3127 defert

426 3171 558 3238 Eminoe
581 3173 720 3258 oppositi
743 3173 861 3239 montis
883 3172 971 3257 iuge,
995 3175 1092 3256 atquc
1113 3168 1241 3256 periclis

426 3279 564 3360 Fortior,
588 3284 623 3346 at
645 3280 771 3346 Dalilae
793 3281 920 3365 capitur
944 3279 1082 3346 bellator
1104 3299 1212 3344 amore

425 3387 516 3456 Hanc
540 3410 648 3455 omnes
672 3388 760 3455 adire
782 3389 853 3470 viri,
878 3410 957 3473 quoa
980 3387 1062 3454 livor
1085 3386 1203 3473 agebat

357 3490 403 3536 555
425 3495 584 3563 Inuictum
607 3517 760 3581 superare
782 3496 898 3578 virum,
922 3501 959 3563 ut
981 3496 1090 3563 iuncta
1114 3492 1211 3561 cubili

423 3603 579 3672 Dulcibus
602 3603 760 3672 illecabris
782 3603 918 3671 lenitum
942 3603 1090 3686 mulceat,
1114 3607 1147 3669 et
1169 3621 1245 3669 mox

424 3711 513 3790 Quae
536 3712 621 3781 curie
643 3712 786 3780 fomenta
808 3717 955 3795 noceant,
979 3733 1061 3798 quae
1083 3712 1205 3778 semina
1228 3714 1356 3777 tantum

423 3819 606 3888 Roborent:
630 3825 746 3888 natura
768 3822 826 3889 liat
849 3826 917 3889 tam
939 3821 1044 3902 fortia,
1067 3843 1109 3887 an
1131 3823 1225 3887 arte?

427 3927 515 4006 Quae
537 3930 564 3996 si
586 3931 671 3999 dicta
694 3935 798 4012 canat,
822 3930 1001 3998 donandam
1020 3951 1154 3999 ‘munere
1177 3929 1317 3995 firmam.

363 4028 407 4066 ⁶⁸⁰
430 4033 547 4101 Oratus
570 4036 703 4103 invenie.
731 4040 744 4070 5
762 4037 797 4104 Si
819 4041 943 4123 septem
965 4036 1086 4103 vincia
1108 4032 1221 4118 ω’),

435 4141 562 4222 „Vafcr
585 4145 641 4224 ait,
665 4145 782 4228 nervia,
805 4166 885 4230 quoe
908 4145 1049 4211 nondum
1073 4144 1190 4210 deserit
1212 4145 1339 4223 humor,

434 4250 564 4328 „Omne
587 4252 686 4319 robur
709 4253 850 4338 perdam,
874 4253 1060 4337 cunctisque
1082 4252 1229 4338 ignavior
1252 4256 1373 4316 exstem
1391 4299 1416 4328 „.

429 4359 564 4426 instruit
586 4359 644 4426 illa
666 4381 740 4427 auor
762 4360 931 4428 fallentem
953 4359 1073 4427 femina
1096 4359 1231 4438 fallene3

429 4466 584 4534 Arctatur
606 4468 730 4536 iuvenis
752 4491 923 4536 nervorum
945 4469 1062 4535 robore
1085 4467 1175 4549 duro,

365 4575 407 4616 555
430 4577 516 4655 Quos
538 4577 661 4646 modico
685 4580 827 4644 attractu
850 4599 907 4644 ceu
930 4577 1021 4645 molli
1045 4577 1162 4644 vellere
1185 4575 1283 4662 rupit.

429 4684 663 4771 Ooneultuaque
686 4685 800 4752 (lebino
822 4688 929 4752 vectes
951 4683 1016 4751 fert
1038 4706 1106 4750 eoae
1124 4683 1233 4750 timori

430 4792 582 4874 Intactas,
606 4793 661 4878 qui
683 4792 773 4860 nulla
796 4793 877 4860 fiant
898 4813 1031 4859 versura
1053 4792 1161 4859 soluti.

430 4899 542 4984 Illigat
563 4900 622 4967 illa
643 4901 759 4982 virum,
782 4923 855 4967 cum
878 4901 942 4968 iam
965 4900 1090 4968 defessa
1112 4901 1223 4968 labore

431 5005 609 5072 Proflarent
631 5011 761 5074 tenuem
785 5007 958 5074 marcentia
980 5012 1112 5093 pectora
1135 5029 1292 5074 somnum.

364 5107 407 5147 555
429 5115 476 5182 Ut
498 5116 639 5200 primum
662 5116 762 5182 aenmt
784 5117 892 5198 nodos,
917 5117 1085 5183 everberat
1106 5139 1211 5198 aurae,

188 5339 211 5417 ¹)
229 5340 319 5400 codd.
339 5343 471 5401 eminuit.
991 5344 1014 5418 ²)
1033 5361 1090 5402 om.
1109 5345 1145 5417 A,
1163 5345 1198 5402 Β.
