3978 6070
725 501 780 574 De
794 501 1015 592 planetarum
1034 507 1157 574 centro.
1684 515 1719 570 73

5 686 11 750 ἰ
168 674 287 740 τούτων
304 673 378 738 εἰσίν
397 671 455 738 ἀντὶ
472 673 577 762 μέσον,
592 681 685 764 τριῶν
703 671 758 762 μὲν
777 664 946 762 ἰσοδρόμων
964 675 1062 737 οὐσῶν
1080 684 1137 749 τῆς
1154 675 1256 752 ήλίου,
1270 684 1327 750 τῆς
1341 678 1445 764 ἐρμοῦ,
1459 685 1517 751 τῆς
1537 667 1716 766 ἀφροδίτης·

168 794 261 874 τριῶν
286 774 319 847 δὲ
343 783 455 846 ἀνίσων
478 783 553 870 πρός
576 806 612 846 τε
636 781 755 857 ταύτας
772 783 825 845 καί
842 782 994 858 ἀλλήλας,
1011 793 1070 857 τῆς
1087 781 1192 871 άρεως,
1208 794 1267 858 τῆς
1292 773 1365 863 δίος,
1390 795 1448 859 τῆς
1472 784 1591 874 κρόνου·
1617 795 1718 850 ταῦτα

169 892 223 982 μέν
248 885 299 956 ούν
326 891 525 980 μυριόλεκτα·
543 891 617 981 πρός
635 889 757 966 τούτοις
776 881 809 954 δὲ
825 893 949 954 κάκεῖνο
967 881 1073 972 δῆλον,
1093 891 1173 967 ὅπως
1192 894 1314 979 εἴρηται
1330 892 1367 956 τ“ο
1389 892 1491 982 ἠρέμα
1514 892 1719 983 περιάγεσθαι

168 1000 224 1076 τάς
248 999 351 1075 ἐντός·
376 1008 485 1064 πασῶν
510 995 569 1088 γάρ
593 997 724 1074 τούτων,
750 1003 769 1070 ή
795 1007 850 1062 τοῦ
876 999 949 1062 ὅλου
975 999 1094 1073 κίνησίς
1119 1003 1186 1064 ἐστι
1210 997 1350 1064 θάττων·
1376 1000 1430 1064 καί
1453 1001 1535 1075 ὅπως
1559 1003 1720 1065 ἐπανακυ-

128 1134 139 1170 ι
168 1107 312 1174 κλεῖσθαι
335 1109 391 1172 τόν

168 1383 192 1446 f.
218 1383 258 1446 65
284 1401 326 1458 ν,
349 1379 384 1444 in
407 1377 524 1444 lacuna
543 1379 562 1442 6
579 1401 679 1443 versa
706 1375 827 1443 ...τόν
842 1373 917 1440 ὅλον
942 1367 1138 1464 σφόνίδυλον]
1157 1431 1164 1444 .
1180 1429 1186 1444 .
1203 1429 1209 1444 .
1224 1375 1322 1464 άμασι
1347 1377 1513 1468 στρέφεται
1536 1390 1594 1456 τῆς
1620 1387 1651 1445 αἰ
1665 1434 1672 1449 .
1687 1435 1719 1451 ..

168 1498 231 1552 τῶν
255 1495 364 1576 χειρῶν
389 1493 452 1549 τῶν
476 1489 663 1574 Μοιρῶν...
689 1477 844 1573 ὁρίζοντος
860 1477 968 1559 λάθοις
986 1484 1021 1548 ἀν
1040 1483 1093 1548 καί
1109 1487 1140 1548 ἐν
1156 1538 1163 1551 .
1179 1537 1207 1552 ..
1232 1483 1290 1554 τήν
1312 1485 1468 1576 ὑπεροχήν
1493 1482 1571 1552 εἶναι
1594 1499 1652 1564 τῆς
1669 1542 1717 1558 ...

110 1579 112 1584 ,
167 1595 241 1685 πρός
264 1594 320 1670 τάς
345 1596 476 1684 Μοίρας·
502 1597 534 1655 αἰ
558 1593 612 1681 μέν
637 1590 696 1683 γάρ
721 1583 760 1656 δι’
786 1595 938 1684 ἐνεργείας
962 1586 1020 1670 ἔξω
1044 1591 1209 1682 προϊούσης
1234 1602 1385 1657 κινοῦσιν·
1409 1591 1447 1664 ήν
1477 1586 1673 1682 συμύολικῶς
1698 1601 1717 1668 ή

169 1696 220 1768 διά
243 1714 301 1778 τῆς
325 1703 425 1792 χειρός
450 1701 553 1789 ἐπαφὴ
578 1711 634 1766 τοῦ
659 1701 839 1790 κινουμένου
856 1703 1058 1788 παρίστησιν,
1075 1707 1094 1775 ή
1115 1693 1148 1767 δὲ
1164 1703 1223 1792 πρὸ
1240 1704 1402 1794 ἐνεργείας·
1427 1693 1513 1767 ούδέν
1538 1701 1597 1794 γάρ
1622 1705 1720 1779 αὐτῆς

115 1835 140 1872 ιο
166 1811 367 1901 πραττούσης
392 1810 500 1900 ἀψόφῳ
524 1807 660 1892 κελεύθῳ
685 1809 784 1897 μένων
809 1813 840 1873 ἐν
864 1819 929 1885 τοῖς
953 1809 1079 1904 γόνασιν
1105 1813 1203 1886 αύτῆς
1228 1814 1242 1872 ό
1269 1809 1425 1900 ἄτρακτος
1449 1809 1590 1875 κινεῖθαι·
1617 1812 1671 1875 καί
1693 1817 1720 1876 εἰ

167 1928 262 1981 τοῦτο
286 1919 342 1980 ούκ
366 1915 401 1980 ἀν
426 1919 485 1996 εἰη,
509 1915 593 1982 κατά
617 1917 676 1988 τήν
693 1917 771 1989 ύλην
790 1916 931 2010 Ἀνάγκη
958 1927 1020 1982 τῶν
1040 1923 1157 2008 Μοιρῶν
1174 1919 1294 2008 μήτηρ,
1314 1909 1377 1982 οῦδ
1396 1919 1503 1995 οὕτως,
1529 1925 1568 1994 ῶς
1593 1917 1719 1984 εἰώθασι

166 2025 223 2100 τάς
248 2017 405 2115 ὑποδοχάς
430 2026 567 2116 μητέρας
592 2030 710 2090 καλεῖν·
729 2025 800 2091 ἀλλ’
819 2031 858 2102 ὡς
875 2025 1043 2117 γεννητική
1064 2019 1193 2114 δύναμις
1214 2029 1346 2104 ἐκείνων,
1364 2027 1417 2090 καὶ
1442 2026 1537 2116 μονάς
1560 2038 1619 2102 τῆς
1643 2029 1719 2103 ὅλης

168 2138 271 2198 αὐτῶν
295 2126 430 2222 τριάδος·
455 2135 577 2210 τούτοις
596 2159 632 2226 γε
649 2133 710 2222 μὴν
729 2136 806 2200 αὐτὸ
822 2135 859 2199 τὸ
877 2139 907 2200 ἐν
924 2146 989 2211 τοῖς
1005 2135 1132 2225 γόνασιν
1148 2134 1298 2201 κινεῖσθαι
1322 2126 1445 2200 δίδωσιν
1471 2139 1555 2217 αύτῷ
1580 2135 1639 2206 τήν
1663 2145 1718 2201 τοῦ

168 2241 318 2307 κινεῖσθαι
335 2233 475 2329 δύναμιν,
493 2243 547 2307 καί
562 2243 622 2336 γάρ
639 2241 681 2308 τά
696 2243 817 2335 γόνατα
835 2235 979 2332 σύμόολα
996 2253 1164 2315 κινητικῶν
1178 2248 1262 2308 ἐστιν
1275 2243 1358 2333 παρά
1372 2254 1437 2320 τοῖς
1454 2242 1530 2319 θεοῖς
1544 2234 1713 2333 δυνάμεων·

168 2351 236 2418 ὅθεν
261 2351 315 2415 καί
338 2363 404 2427 τοῖς
429 2363 575 2428 ποιηταῖς
600 2351 705 2418 εἴωθεν
728 2351 894 2442 λέγεσθαι,
922 2353 960 2417 τό
985 2350 1061 2416 θεῶν
1086 2356 1117 2416 ἐν
1141 2351 1270 2442 γούνασι
1294 2349 1405 2416 κείσθω
1420 2349 1464 2434 ¹),
1487 2351 1558 2441 περὶ
1582 2353 1655 2416 ὅτου
1681 2351 1718 2416 ἂν

167 2459 287 2550 τύχωσι
311 2471 406 2525 τοῦτο
430 2460 587 2553 λέγοντες,
603 2466 643 2537 ὡς
661 2465 702 2537 εἰς
719 2459 775 2536 τάς
792 2462 914 2526 ἐκείνων
931 2461 1068 2536 ποιήσεις
1085 2461 1139 2524 καί
1155 2461 1290 2536 κινήσεις
1309 2459 1511 2550 ἀναφέροντες
1528 2457 1587 2531 τὴν
1613 2462 1718 2524 αἰτίαν

167 2577 222 2632 τοῦ
247 2568 420 2658 γινομένου·
445 2569 499 2633 καί
522 2567 582 2659 γάρ
605 2571 636 2634 ἐν
661 2579 726 2645 τοῖς
750 2569 912 2658 ἡμετέροις
930 2569 1064 2658 σώμασι,
1081 2568 1203 2641 ταύτην
1228 2571 1293 2658 ἔχει
1317 2567 1359 2632 τά
1383 2569 1505 2659 γόνατα
1529 2567 1589 2640 τήν
1614 2569 1719 2658 χρείαν

169 2687 210 2762 τῇ
238 2677 327 2765 φύσε.
343 2677 472 2766 καμπής
489 2688 543 2742 τοῦ
562 2679 689 2753 σκέλους
706 2678 760 2742 καὶ
775 2677 928 2754 ἐκτάσεως
945 2679 1036 2742 ἕνεκα
1053 2677 1210 2767 γεγονότα
1230 2676 1302 2766 παρ’
1325 2680 1431 2753 αὐτῆς·
1457 2676 1511 2740 καί
1534 2677 1637 2740 τοίνυν
1661 2685 1720 2751 τῆς

166 2783 324 2875 Ἀνάγκης
341 2783 398 2860 τάς
416 2775 561 2874 δυνάμεις
585 2775 765 2861 ἐνδιδούσης
788 2794 833 2867 τῷ
848 2785 953 2867 παντί,
970 2783 1030 2858 τὴν
1048 2789 1089 2860 εἰς
1105 2785 1143 2849 τό
1160 2783 1237 2849 αὐτὸ
1254 2783 1440 2875 συναγωγὴν
1465 2794 1528 2848 τῶν
1553 2785 1719 2867 κινήσεων,

167 2893 220 2958 καὶ
244 2891 304 2965 τήν
329 2893 390 2957 ἀπὸ
414 2903 470 2958 τοῦ
495 2895 590 2957 αὐτοῦ
615 2883 764 2984 διάκρισιν
790 2892 861 2958 καθ’
886 2893 939 2959 ἕνα
963 2893 1057 2983 λόγον
1082 2893 1136 2958 καί
1161 2895 1233 2982 μίαν
1258 2886 1356 2970 τάξιν·

167 3169 190 3232 f.
216 3167 268 3244 66,
292 3165 327 3232 in
343 3165 469 3232 laciniis
484 3167 504 3230 9
522 3187 623 3232 vera:
649 3214 655 3227 .
671 3215 677 3228 .
691 3215 697 3226 .
710 3173 755 3248 τῷ
779 3156 941 3242 ἐπιδεξίοις
956 3216 962 3228 .
979 3215 985 3228 .
1001 3213 1007 3227 .
1033 3166 1160 3240 εἰκότως
1179 3163 1383 3253 ἀμφοτέροις.
1399 3213 1405 3226 .
1421 3214 1426 3226 .
1441 3185 1530 3244 κτου,
1555 3162 1718 3253 ἐγκόλπων

168 3276 271 3336 αὐτῶν
285 3323 292 3336 .
307 3321 335 3336 ..
359 3269 443 3337 ἀλλά
465 3271 535 3362 περὶ
559 3271 614 3359 μὲν
639 3271 760 3338 τούτων
785 3271 889 3336 ύπανά
903 3322 909 3336 .
924 3323 951 3336 ..
978 3264 1028 3336 δεῖ
1049 3264 1083 3337 δέ
1098 3271 1282 3362 ἐφιστάνειν·
1300 3270 1379 3348 ὅπως
1396 3272 1486 3361 ὥρισε
1511 3270 1564 3358 μὲν
1581 3323 1587 3338 .
1603 3322 1632 3338 ..
1656 3279 1718 3334 τῶν

168 3379 252 3445 όκτὼ
276 3371 464 3470 σφονδύλων·
489 3381 543 3446 ἕνα
567 3371 601 3445 δέ
614 3430 620 3444 .
635 3429 664 3449 ..
691 3379 804 3455 ἐλάσας
829 3373 925 3458 ἄξονα
941 3395 980 3449 --::-
996 3381 1050 3445 καί
1066 3379 1216 3446 κινεῖσθαι
1239 3379 1311 3464 περὶ
1325 3431 1331 3444 .
1346 3429 1374 3443 ..
1399 3381 1454 3443 τόν
1479 3371 1576 3456 ἄξονα
1598 3377 1720 3453 πάντας

168 3489 288 3580 λέγων·
311 3488 417 3579 χώραν
443 3490 515 3553 ούτε
539 3499 608 3564 ταῖς
637 3488 872 3564 ἀνελιττούσαις
898 3479 1041 3573 δίδωσιν,
1066 3491 1138 3556 οὔτε
1169 3500 1234 3563 τοῖς
1263 3488 1455 3576 ἐκκέντροις,
1480 3487 1551 3552 οὔτε
1582 3495 1647 3561 τοῖς
1671 3483 1722 3550 ἐπί

168 3596 303 3679 κύκλοις,
329 3599 400 3662 ούτε
424 3599 502 3674 ὅλως
527 3609 596 3674 ταῖς
622 3597 904 3688 μεμηχανημέναις
928 3599 1058 3675 ταύταις
1082 3597 1261 3664 ὑποθέσεσιν
1286 3597 1423 3671 εἰκότως·
1448 3600 1476 3660 οἰ
1500 3595 1555 3684 μέν
1580 3591 1639 3684 γάρ
1663 3593 1720 3670 τάς

168 3705 349 3797 ἐκκέντρους
366 3705 549 3796 ὑποθέμενοι
565 3725 605 3779 -;;-
622 3709 763 3798 σφαίρας,
780 3719 913 3772 κινοῦσιν
932 3707 1028 3783 αὐτάς
1045 3708 1115 3798 περὶ
1132 3707 1211 3772 ἄλλο
1227 3706 1365 3796 κέντρον,
1382 3703 1401 3776 ἢ
1419 3704 1457 3768 τό
1473 3714 1531 3779 τῆς
1553 3706 1720 3777 ἀπλανοῦς,

168 3815 217 3879 ἵνα
240 3813 282 3879 τά
307 3814 443 3906 ἀπόγεια
466 3815 628 3903 κινήματα
646 3814 699 3880 καί
716 3814 756 3880 τά
771 3817 912 3907 περίγεια
929 3807 1158 3904 διαφυλάξωσιν
1174 3815 1210 3898 2)·
1228 3817 1397 3904 ἀναγκαῖον
1415 3805 1503 3883 ούνή
1529 3810 1617 3875 κενόν
1642 3803 1720 3874 εἶναι

168 3915 288 4011 μεταξύ
311 3931 375 3986 τῶν
400 3932 535 4012 σφαιρῶν
561 3921 603 4013 μή
630 3917 884 4013 ἐναρμοζομένων
909 3923 1081 4004 ἀλλήλαις,
1107 3913 1158 3986 διά
1182 3920 1241 3994 τήν
1265 3930 1328 3985 τῶν
1353 3919 1487 4009 κέντρων
1511 3911 1719 4009 παράλλαξιν,

167 4029 186 4104 ή
204 4031 261 4106 τάς
278 4033 407 4121 σφαίρας
424 4032 659 4121 ἐπισυγκεῖσθαι
676 4032 843 4107 ἀλλήλαις,
858 4031 901 4120 μή
921 4023 1127 4121 διωρισμένων
1145 4039 1208 4093 τῶν
1226 4033 1418 4118 ἐπιφανειῶν,
1438 4030 1487 4091 ίνα
1511 4032 1530 4101 ή
1550 4025 1719 4114 κατωτέρω

167 4132 265 4228 μηδὲν
290 4141 443 4226 ἀπολείπῃ
471 4133 590 4228 μεταξύ
614 4152 672 4217 τῆς
698 4141 841 4229 ἀνωτέρω
866 4140 919 4204 καί
937 4144 1065 4220 ἑαυτῆς,
1082 4137 1161 4204 καθό
1183 4137 1237 4226 μὲν
1254 4137 1409 4203 ἐλάσσονα
1432 4138 1498 4225 ἔχει
1521 4133 1581 4207 τήν
1604 4139 1640 4200 ἐκ
1664 4143 1719 4197 τοῦ

167 4249 306 4338 κέντρου,
331 4241 573 4338 ἐναρμοζομένη,
592 4248 670 4313 καθὸ
688 4241 721 4313 δέ
742 4242 869 4337 μείζονα
892 4258 1036 4337 χωροῦσα
1054 4239 1092 4311 δι’
1110 4247 1240 4322 ἐκείνης·
1260 4243 1329 4309 ἀλλ’
1352 4247 1463 4308 ἀνίσων
1480 4253 1543 4308 τῶν
1568 4243 1718 4315 κινήσεων

167 4359 276 4438 οὐσῶν,
301 4361 331 4422 ἑν
356 4365 401 4439 τῷ
425 4367 483 4432 τῆς
508 4350 646 4445 μείζονος
670 4359 759 4422 ἔσται
782 4361 801 4430 ή
828 4356 986 4431 ἐλάσσων,
1011 4355 1066 4418 καί
1089 4357 1177 4420 ἔσται
1202 4353 1255 4418 καὶ
1279 4354 1360 4418 οὕτω
1385 4353 1490 4417 κενόν·
1514 4355 1540 4416 εἰ
1568 4342 1602 4436 δέ
1625 4361 1720 4414 τοῦτο

168 4455 333 4547 ἀδύνατον,
358 4467 502 4530 ἔσταιτι
525 4465 604 4531 ἀλλο
627 4476 718 4554 σῶμα
742 4458 860 4556 μεταξύ
885 4475 947 4529 τῶν
973 4455 1026 4529 δύο
1052 4475 1198 4554 σφαιρῶν·
1224 4462 1278 4527 καί
1303 4467 1329 4527 εἰ
1354 4462 1408 4551 μὲν
1432 4465 1578 4548 ήρεμοῦν,
1604 4456 1719 4547 ἄλογον

169 4573 261 4659 μέσον
287 4566 363 4638 εἰναί
387 4599 419 4639 τι
443 4572 599 4662 σωμάτων
624 4573 711 4662 φύσιν
736 4574 912 4645 ἀεικίνητον
937 4571 1073 4661 ἐχόντων
1099 4581 1190 4660 σῶμα
1210 4577 1345 4660 ήρεμοῦν
1369 4569 1424 4632 τόν
1449 4567 1575 4633 ἅπαντα
1599 4565 1720 4655 χρόνον·

168 4685 195 4744 εἰ
219 4671 252 4745 δὲ
275 4679 454 4770 κινούμενον
480 4687 507 4746 εἰ
531 4679 585 4769 μέν
611 4679 882 4770 ουνεπισπώμενον
906 4691 976 4755 ταῖς
1000 4702 1087 4768 περιε

206 4982 229 5056 ¹)
248 4986 316 5038 Θεῶν
339 4981 362 5036 ίν
388 4985 489 5056 γούνασι
515 4983 914 5052 zatza=.11.1‘,514.r,435.
968 4991 1011 5038 καί
1029 4987 1102 5054 ’ἰμεῖς
1123 4989 1154 5036 τά
1173 4986 1222 5035 τῶν
1242 4982 1350 5052 ἀστέρων
1378 4979 1487 5050 σώματα
1506 4983 1595 5049 χωρεῖν
1614 4979 1720 5050 λέγομεν

169 5071 223 5129 Od.
244 5077 273 5139 Α,
293 5071 353 5140 267,
372 5071 434 5126 401.
455 5077 486 5138 Π,
507 5072 558 5127 129
578 5077 634 5128 otc.
969 5077 1009 5126 διὰ
1030 5077 1078 5126 τῶν
1099 5076 1209 5144 σφαιρῶν
1229 5072 1335 5139 συνέχων
1356 5071 1433 5123 οὐσῶν
1447 5075 1490 5122 καί
1509 5071 1613 5121 νοστῶν.
1634 5067 1720 5124 Scho-

205 5162 228 5235 2)
238 5161 273 5217 Ιιι
284 5160 431 5232 margine:
443 5163 566 5214 Λὺναντιιι
577 5163 631 5214 και·
642 5164 745 5215 {auom
756 5166 804 5215 τῶν
819 5165 915 5232 ἰατρῶν
968 5161 1041 5218 lium
1052 5161 1160 5234 partim
1172 5161 1331 5218 evanidam
1341 5158 1512 5218 restituitur
1525 5177 1562 5214 ex
1572 5157 1720 5231 impressa

169 5259 212 5304 καὶ
223 5252 375 5322 ὅμσκίντρων
387 5255 421 5320 τῷ
433 5257 509 5306 παντί
520 5254 639 5324 οφιι[ίριις
650 5257 735 5320 κιν]εῖν
746 5257 790 5305 καί
800 5254 822 5306 ἰν
837 5255 917 5322 ταυτῇ
970 5253 1121 5325 scriptura
1134 5251 1165 5308 in
1178 5250 1305 5310 adversa
1323 5249 1435 5308 codicis
1447 5249 1565 5323 pagina,
1580 5249 1618 5306 ad
1631 5267 1719 5322 oppo-

168 5347 244 5396 ἀλλιν
263 5344 389 5412 ἐκκιντρεν
403 5345 529 5411 χωροῦσαν
544 5345 585 5395 διὰ
602 5343 646 5400 τήν
661 5343 870 5414 ίμοκεντρότητα,
884 5343 917 5403 ὡς
971 5342 1063 5398 situm
1081 5359 1175 5414 marg.

311 5467 406 5523 ANAI..
426 5483 454 5536 v,
475 5467 517 5521 5²¹⁴.
