3978 6070
262 557 300 616 60
718 554 791 627 Gur
808 553 923 627 lumen
940 553 1051 628 simile
1069 552 1137 630 σοῖο
1156 554 1357 630 Αιισιιάσοέ

306 720 355 786 Τά
379 719 434 807 μὲν
457 721 517 813 γάρ
534 722 641 789 πάντα
657 713 781 808 διεῖλεν,
798 729 837 800 ὡς
856 723 970 809 εἴωθεν,
988 731 1030 802 εἰς
1047 725 1089 792 τά
1104 728 1187 817 τρία,
1205 727 1259 793 καὶ
1273 728 1458 818 προείρηκεν
1482 725 1519 792 τό
1543 727 1599 816 μὲν
1623 727 1811 818 ἀκρότατον,

260 840 330 920 πῦρ·
353 830 390 895 τό
416 821 449 896 δὲ
473 832 578 923 μέσον,
603 831 718 921 αἰθέρα·
743 833 781 898 τό
807 826 840 899 δὲ
863 836 981 925 τρίτον,
998 834 1143 924 κόσμους,
1160 835 1281 913 πάντας
1300 837 1381 901 οὕτω
1398 838 1557 900 καλοῦντα
1580 835 1653 912 τούς
1676 838 1811 921 ὑλαέοος,

258 942 298 1014 ὡς
323 937 463 1028 μάλιστα
486 952 542 1006 τοῦ
566 940 750 1032 κοσμεῖσθαι
774 933 826 1006 διά
850 941 910 1015 τὴν
930 944 1009 1016 ύλην
1025 943 1243 1034 προσήκοντας
1260 935 1400 1020 ἐπιδεεῖς·
1417 944 1455 1009 τύ
1480 934 1514 1009 δέ
1538 953 1599 1032 φῶς
1622 943 1702 1008 ἄλλο
1724 942 1812 1034 παρά

259 1056 363 1111 ταῦτα
385 1047 502 1125 πάντα,
520 1049 574 1112 καὶ
593 1049 652 1138 πρὸ
675 1049 803 1115 πάντων
829 1051 923 1117 εἰπὼν
946 1052 988 1118 τά
1011 1049 1186 1142 ψυχοῦσθιιι
1207 1052 1293 1144 παρά
1316 1063 1375 1128 τῆς
1390 1053 1530 1143 πηγαίας
1554 1054 1673 1128 ἐκείνης
1697 1051 1810 1142 ψυχῆς,

218 1177 231 1216 ε
258 1146 366 1234 δῆλον,
391 1151 488 1246 οἶμαι,
511 1158 682 1230 πεποίηκεν
707 1159 757 1223 ότι
788 1168 879 1248 σῶμα
902 1161 970 1226 ἐστὶ
993 1151 1200 1251 διαφερόντων
1225 1163 1368 1251 κόσμων,
1393 1171 1448 1226 τοῦ
1474 1159 1601 1252 αἰθέρος,
1625 1171 1681 1226 τοῦ
1704 1160 1809 1250 πυρός·

257 1261 450 1356 ῷυχούμενον
474 1263 534 1357 γάρ
552 1275 643 1358 σῶμα
661 1259 815 1350 δήπουθέν
833 1274 918 1334 ἐστιν
934 1281 1039 1336 τοῦτο·
1057 1271 1096 1335 τό
1111 1269 1171 1361 γάρ
1189 1267 1328 1360 ἔμψυχον
1346 1272 1477 1360 γίνεται·
1493 1269 1672 1360 πρωτέοτου
1690 1260 1724 1334 δὲ
1747 1278 1810 1334 τῶν

259 1372 446 1462 κινουμένων
470 1373 560 1450 ὄντος
584 1386 640 1441 τοῦ
664 1378 824 1467 ἐμπορίου,
850 1367 999 1450 δηλονότι
1026 1378 1064 1443 τό
1088 1387 1161 1468 φῶς,
1185 1378 1259 1468 ύπέρ
1283 1378 1321 1443 τό
1344 1387 1403 1468 πῦρ
1428 1377 1635 1467 τεταγμένον,
1659 1376 1810 1449 ἀκίνητόν

258 1483 353 1544 ἐστιν·
376 1481 431 1546 καὶ
454 1487 494 1558 ὡς
518 1487 534 1546 ό
559 1482 650 1574 αἰθὴρ
674 1487 796 1574 συνέχει
817 1483 889 1562 τούς
906 1487 1031 1562 ὑλαίους
1048 1485 1193 1574 κόσμους,
1210 1485 1317 1550 καὶτὸ
1341 1484 1501 1575 ἐμπόριον,
1519 1483 1591 1560 τούς
1615 1507 1651 1548 τε
1674 1485 1810 1568 όλαέοος,

258 1589 314 1652 καὶ
328 1589 384 1656 τόν
401 1589 509 1679 αἰθέρα
519 1588 555 1678 ι),
573 1593 655 1656 οὕτω
672 1592 779 1658 καὶτὸ
797 1602 858 1681 φῶς
874 1591 991 1658 πάντα·
1007 1605 1109 1659 ταῦτα
1126 1585 1159 1660 δέ
1175 1585 1261 1659 οὐδὲν
1279 1585 1413 1683 διαφέρει
1429 1602 1492 1658 τῶν
1513 1590 1649 1658 ἐνταῦθα
1671 1615 1811 1683 γεγραμ-

206 1714 231 1752 1⁰
259 1696 475 1786 μένων-ὥστε
499 1700 573 1789 μίαν
597 1693 630 1778 ἐξ
654 1699 837 1791 ἀμφοτέρων
862 1700 1002 1793 εἰρῆσθαι
1025 1701 1113 1791 φύσιν
1138 1702 1191 1768 καὶ
1214 1700 1396 1792 ὠνομάσθαι
1418 1699 1463 1766 ἐνὶ
1486 1700 1629 1792 ὀνόματι,
1653 1709 1726 1789 φῶς.

257 1914 281 1980 f.
308 1915 390 1982 138:

525 2061 571 2100 -,-
592 2015 696 2090 ’δὲΕκ
712 2033 775 2089 τῶν
795 2024 864 2115 [ἀκρ
867 2050 908 2091 ων
850 2048 1029 2115 ρτεταμ
1030 2025 1109 2112 ένον]
1129 2023 1286 2116 Ἀνάγκης
1304 2024 1523 2114 ἄτρακτον,
1497 2034 1542 2071 -·-

525 2169 571 2182 --
595 2123 647 2219 [δι’
672 2127 706 2198 οὐ
728 2133 831 2212 πάσας
853 2133 1103 2226 ἐπιστρέφεσθαι]
1132 2133 1190 2209 τάς
1220 2157 1261 2200 πε
1265 2132 1386 2225 ρράςιφο
1395 2127 1524 2219 ·[66',
1498 2170 1543 2181 —

525 2277 571 2315 -,-
592 2239 711 2312 τθνέ
672 2265 727 2330 μν
751 2240 921 2316 ηλοικάτην
945 2267 981 2308 τε
1004 2241 1058 2307 καὶ
1081 2241 1161 2307 τδ”
1143 2265 1276 2332 αγκιστρ
1262 2265 1311 2331 ρον
1339 2235 1417 2306 εἶναι
1440 2232 1540 2318 ἐξτ·

430 2423 434 2430 .
525 2361 571 2424 -ζ-
593 2341 799 2439 άδάμαντος],
816 2352 871 2416 τόν
888 2342 921 2416 δὲ
938 2343 1108 2441 σφόνδυλον
1125 2351 1237 2442 μικτόν
1254 2352 1289 2416 ἐκ
1305 2373 1342 2416 τε
1362 2347 1475 2414 τούτου
1499 2361 1544 2424 -ζ-

524 2468 569 2531 -ξ-
590 2457 645 2521 καύ
669 2455 773 2522 ἄλλων
798 2467 896 2549 γενῶν
910 2457 945 2548 ¹).
969 2472 1014 2534 ÷

301 2666 358 2733 Διά
370 2668 490 2734 τούτων
504 2663 591 2759 οἶμαι
603 2671 781 2762 καταφανὲς
795 2669 947 2740 εἶναιτῶν
962 2672 1123 2765 ῥημάτων,
1141 2677 1181 2750 ὡς
1198 2673 1258 2764 ἄρα
1270 2672 1325 2738 τὀν
1338 2670 1466 2761 οὐρανόν
1479 2668 1554 2736 ὅλον
1571 2663 1810 2758 ἐμπεριέχεσθαι

258 2775 408 2860 βούλεται
430 2786 476 2861 τῷ
500 2778 591 2867 φωτί·
615 2778 770 2868 προειπών
787 2780 846 2871 γάρ
863 2786 898 2848 ἐκ
914 2793 969 2846 τοῦ
987 2786 1114 2872 οὐρανοῦ
1131 2780 1174 2845 τά
1190 2780 1271 2871 ἄκρα
1292 2784 1387 2845 αὐτοῦ
1411 2775 1566 2844 τετάσθαι
1588 2784 1651 2840 τῶν
1675 2766 1809 2863 δεσμῶν,

258 2882 413 2949 ἀνάπαλιν
438 2888 469 2951 ἐν
493 2886 617 2963 τούτοις
641 2891 676 2952 ἐκ
699 2898 763 2953 τῶν
788 2888 889 2981 άκρων
915 2893 1009 2955 αὐτοῦ
1029 2889 1122 2980 φησύν
1139 2886 1294 2953 τετάσθαι
1310 2889 1365 2953 τόν
1382 2897 1440 2962 τῆς
1458 2883 1616 2976 Ἀνάγκης
1640 2881 1810 2973 ἄτρακτον,

202 3019 230 3057 ιο
257 2996 297 3067 ὡς
320 2991 363 3057 τά
387 2992 467 3085 ἄκρα
489 2994 645 3084 ἑκατέρων
670 2995 838 3063 συνάπτειν
863 2997 1025 3075 ἀλλήλοις,
1049 2995 1104 3062 καὶ
1127 2985 1301 3070 σονδιῆκειν
1325 3005 1372 3079 τῷ
1396 3019 1432 3060 τε
1455 2995 1573 3083 οὐρανῷ
1595 2991 1634 3055 τό
1658 2997 1731 3079 φῶς,
1754 2987 1809 3052 καὶ

256 3109 302 3184 τῷ
326 3102 407 3190 φωτὶ
422 3103 477 3167 τόν
494 3104 633 3193 οὐρανόν.
658 3096 783 3178 Ἐπειδὴ
804 3096 837 3170 δέ
852 3107 1002 3179 ἀκίνητον
1021 3105 1076 3195 μὲν
1093 3104 1191 3172 ἐθέλει
1208 3105 1245 3170 τό
1263 3115 1324 3195 φῶς
1349 3098 1438 3186 εἶναι,
1462 3111 1508 3186 τῷ
1532 3106 1650 3190 οὐρανῷ
1668 3098 1807 3188 παρέχον

257 3201 358 3300 ἕδραν,
383 3207 445 3275 οἷον
470 3213 570 3297 κίονα,
594 3212 744 3280 κινεῖσθαι
769 3204 802 3279 δὲ
817 3212 873 3277 τὀν
890 3213 1018 3303 οὐρανόν
1035 3213 1215 3303 ἐπήνεγκεν,
1241 3202 1280 3276 δι’
1306 3207 1464 3286 οὐτάσας
1488 3204 1727 3297 ἐπιστρέφεσθαι
1750 3201 1807 3279 τάς

256 3329 312 3383 τοῦ
326 3318 486 3410 ἀτράκτου
502 3321 680 3411 περιφοράς·
698 3319 736 3386 τό
752 3320 811 3411 γάρ
830 3311 869 3384 δι’
885 3316 919 3385 οὐ
936 3331 1032 3387 τοῦτο
1050 3312 1138 3386 δοκεῖ
1152 3318 1207 3412 μέν
1224 3316 1395 3410 ἐπάγεσθαι
1411 3317 1485 3407 πρός
1501 3315 1540 3380 τό
1556 3311 1715 3404 εἰρημένον
1732 3333 1808 3399 προ-

256 3437 365 3518 σεχῶς,
382 3429 437 3493 τόν
453 3438 512 3505 τῆς
529 3428 686 3522 Ἀνάγκης
703 3428 872 3519 ἄτρακτον,
889 3434 1013 3522 γελοῖον
1031 3422 1065 3497 δέ
1081 3431 1178 3506 οὕτως
1195 3427 1327 3494 ἀκούειν·
1345 3431 1362 3491 ό
1377 3423 1438 3517 γάρ
1456 3423 1623 3512 ἄτρακτος,
1644 3425 1660 3484 6
1684 3424 1719 3486 ἐκ
1743 3429 1806 3484 τῶν

202 3554 229 3593 2⁵
257 3527 438 3625 σφονδύλων
462 3537 531 3602 ἐστὶ
553 3537 608 3602 καὶ
631 3548 687 3604 τοῦ
711 3531 829 3618 ἄξονος·
855 3543 887 3602 αἱ
911 3531 944 3603 δὲ
966 3538 1130 3630 περιφοραέ
1152 3542 1228 3602 εἰσιν
1252 3541 1285 3599 αἱ
1307 3543 1369 3599 τῶν
1395 3523 1573 3622 σφονδύλων
1598 3528 1745 3604 κινήσεις·
1769 3525 1807 3591 τό

256 3637 308 3708 οὐν
333 3633 385 3710 διά
409 3656 465 3710 τοῦ
491 3645 659 3735 ἀτράκτου,
684 3645 768 3711 ἀλλά
792 3645 836 3737 μὴ
862 3650 893 3712 ἑν
909 3653 955 3729 τῷ
972 3645 1120 3736 ἀτράκτῳ
1135 3645 1238 3719 πάσας
1253 3639 1455 3733 περιάγεσθαι
1471 3638 1528 3715 τάς
1551 3633 1724 3728 περιφοράς,
1750 3637 1806 3700 οὐκ

255 3752 323 3817 ἐστι
346 3753 562 3828 κατάλληλον·
587 3746 779 3821 ἀποδέδοται
795 3746 829 3820 δέ
845 3755 920 3846 πρός
939 3755 977 3819 τό
994 3753 1068 3846 ὑπὲρ
1085 3765 1179 3818 τοῦτο
1198 3750 1288 3842 ῥηθὲν
1305 3749 1445 3840 περὶτοῦ
1462 3745 1576 3838 φωτός,
1594 3741 1656 3810 οἷον
1673 3741 1715 3808 τά
1731 3747 1807 3808 ὐπο-

256 3852 391 3947 ζώματα
413 3871 477 3928 τῶν
501 3862 634 3952 τριήρων
657 3872 762 3928 πᾶσαν
778 3862 907 3953 συνέχον
924 3862 983 3936 τὴν
1000 3861 1176 3953 περιφοράν·
1199 3852 1237 3925 δι’
1263 3853 1297 3924 οὐ
1322 3857 1516 3947 συνέχοντος,
1540 3860 1580 3930 ὡς
1605 3854 1679 3943 μίαν
1702 3861 1806 3916 πᾶσαν

254 3966 315 4038 τὴν
338 3969 515 4060 περιφοράν·
540 3973 668 4060 συνέχον
692 3969 752 4061 γάρ
769 3966 859 4052 ἑνίζει
875 3981 988 4036 πᾶσαν·
1006 3961 1058 4034 διά
1074 3968 1188 4038 τούτου
1206 3957 1244 4039 δὴ
1263 3960 1387 4032 οὖντοῦ
1408 3965 1520 4053 φωτός,
1543 3971 1651 4064 πάσαι1
1666 3965 1698 4026 αἱ
1720 3983 1807 4051 περι-

201 4091 229 4129 ³⁰
256 4076 349 4166 φοραὶ
370 4078 638 4169 περιστρέφονται·
663 4089 759 4144 τοῦτο
782 4078 854 4171 γάρ,
879 4081 1029 4153 ἀκίνητον
1053 4076 1098 4164 όν,
1122 4085 1203 4142 κινεῖ
1224 4073 1336 4150 πάσας·
1361 4064 1469 4144 ἐπειδὴ

255 4292 280 4361 f.
296 4295 358 4362 138
370 4297 442 4377 ν.,4
455 4319 537 4362 νοτε.
550 4295 619 4363 fere
633 4296 776 4363 evanidi:
831 4305 900 4372 ταῖς
913 4292 1066 4386 πρώτου...
1079 4284 1271 4360 ἀποδιδόναι·
1282 4291 1320 4357 τό
1334 4281 1367 4356 δέ
1380 4280 1420 4354 δι’
1434 4282 1468 4353 οὐ
1481 4297 1549 4363 ταῖς
1564 4277 1804 4375 δευτερουργοῖς·

256 4410 360 4466 ταῦτα
383 4401 438 4489 μέν
463 4395 514 4467 οὐν
539 4391 634 4477 δῆλα.
660 4405 713 4478 Τίς
734 4394 768 4469 δέ
784 4409 803 4477 ἡ
821 4403 975 4496 Ἀνάγκη,
998 4404 1052 4469 καὶ
1068 4405 1116 4480 τίς
1140 4407 1156 4466 ό
1181 4401 1354 4493 άτρακτος;
1373 4400 1434 4465 Καὶ
1457 4395 1606 4488 πρότερόν
1631 4418 1669 4485 γε
1692 4403 1805 4458 τοῦτον

256 4505 495 4600 ἐπισκεψώμεθα
518 4511 574 4576 τόν
599 4511 766 4602 άτροικτον,
790 4509 827 4576 όν
851 4537 923 4578 τινα
940 4513 1059 4602 φαμέν;
1082 4513 1147 4577 εἴτε
1171 4509 1230 4601 γάρ
1255 4519 1300 4592 τῷ
1318 4511 1434 4598 οὐρανῷ
1458 4510 1474 4569 6
1499 4505 1603 4585 αὐτός,
1627 4510 1691 4577 πῶς
1715 4501 1806 4592 μετέ·

255 4609 352 4682 λοιύεν
376 4618 514 4707 οὐρανόν,
532 4618 704 4710 ἔμπροσθεν
721 4620 816 4684 αὐτόν
820 4615 1034 4794 ὸἐπονομάζων
1052 4627 1094 4698 εἰς
1110 4631 1204 4685 τοῦτο
1218 4615 1333 4708 ὄνομα;
1349 4622 1402 4682 Δεῖ
1424 4613 1484 4743 γάρ
1506 4611 1548 4702 μὴ
1569 4610 1703 4702 μάταιον
1728 4603 1805 4673 εἶναι

202 4732 229 4772 ¹⁵
256 4721 316 4797 τὴν
341 4723 528 4815 μετάληψιν.
551 4730 624 4793 Εἴτε
648 4727 691 4817 μὴ
717 4732 733 4791 6
758 4729 851 4805 αὐτός
855 4731 934 4812 ,τίς
957 4735 976 4804 ἠ
1002 4721 1126 4820 διάφορ’
1113 4752 1206 4805 οτης;
1226 4733 1335 4854 Σμφῶς
1352 4720 1519 4788 τῶνόκτω
1543 4707 1783 4809 σφονδύλων
1746 4739 1803 4790 τοις

256 4831 339 4898 ὐκτὼ
364 4825 545 4906 δηλούντων
569 4839 654 4920 αὐτῷ
677 4860 745 4927 περ
737 4827 845 4915 όδοος,
869 4837 955 4928 λέγω
979 4837 1080 4902 τοίνυν
1105 4833 1159 4900 ότι
1182 4830 1266 4897 κατά
1298 4831 1351 4921 μὲν
1382 4829 1420 4894 τό
1444 4827 1663 4914 ὑποκείμενον,
1687 4820 1804 4886 ταοτόν

255 4944 340 5006 ἑστιν
363 4941 383 5007 ό
406 4967 442 5010 τε
465 4944 591 5036 οὐρανός
615 4945 669 5009 καὶ
693 4949 709 5008 ὁ
733 4944 898 5034 ἄτρακτος.
922 4951 1014 5010 Νοειτ
1017 4969 1048 5008 αι
1065 4934 1099 5009 δέ
1115 4934 1242 5031 διχῶς
1233 4941 1347 5029 ε’τερος,
1371 4938 1435 5002 εἴτε
1459 4933 1543 5000 κατά
1559 4934 1597 4998 τό
1621 4929 1804 5056 φαινόμενρν

255 5047 370 5128 ἐθέλοις
387 5053 599 5142 μετιέναιν
540 5053 599 5126 τὴν
614 5044 811 5143 διαφοράν’
779 5065 897 5141 αυτοῒν,
915 5056 977 5120 εἴτε
993 5049 1077 5118 κατά
1093 5049 1153 5125 τὴν
1170 5047 1270 5122 άληθέ
1272 5070 1346 5137 στερ
1349 5071 1385 5110 αν
1402 5035 1564 5116 ἐπιύολήν.
1579 5078 1625 5092 -
1639 5033 1731 5104 Κατά
1749 5033 1804 5124 μὲν

292 5303 315 5376 ¹)
333 5303 474 5376 Suspicor
492 5304 653 5377 legendum
673 5306 743 5377 ἀέρι.
1056 5298 1158 5374 pergit
1171 5299 1215 5360 ῖως
1226 5299 1294 5352 τόνοι
1304 5302 1359 5348 κτκ
1370 5292 1423 5351 sod
1433 5291 1530 5350 multa
1541 5287 1662 5345 oculum
1673 5281 1802 5356 fugiunt.

290 5395 313 5468 ²)
332 5393 469 5468 Reipubl.
488 5411 517 5468 ¹»
535 5411 602 5467 1³³8·
616 5395 677 5452 312·
695 5394 770 5452 Ροεθ
788 5399 921 5466 περιφορᾶς
939 5391 1003 5450 cod.
1057 5387 1243 5449 Herwerden
1261 5385 1322 5460 legi
1337 5385 1425 5458 jubet
1443 5381 1505 5437 ιῐιαι
1525 5383 1674 5450 ἀδάμαντος.
