3940 6072
767 575 808 645 de
829 575 945 646 metris
963 575 1150 652 rhetoricis,
1677 589 1730 647 ³17

184 741 331 832 θέχονται
354 740 413 816 τὴν
439 741 629 834 εἱμαρμένην
653 746 847 833 πορείανρ
870 749 1035 837 τρίμετρον
1060 748 1298 828 ἀκατάλκκτον,
1323 742 1375 816 διά
1392 750 1428 816 τὸ
1445 758 1486 828 εἰς
1504 753 1624 818 τέλειον
1647 747 1730 819 πθδα

184 853 302 942 λήγειν.

228 961 457 1049 Δημοσθενικὸν
482 965 517 1027 ἐκ
540 974 595 1028 τοῦ
619 963 716 1055 λόγου
740 972 796 1028 τοῦ
821 964 895 1053 Περὶ
920 963 1078 1053 Στεφάνου
1095 962 1130 1048 ’)·

228 1083 272 1144 -2-
295 1076 420 1160 Πρῶτον
445 1071 512 1159 μέν,
536 1065 560 1136 ὦ
584 1063 691 1164 ἄνδρες
716 1071 886 1146 Ἀθηναῖοι,
910 1083 974 1148 τοῖς
999 1071 1076 1150 θεοῖς
1100 1076 1233 1162 εὔχομαι
1256 1083 1332 1137 πᾶσι
1356 1075 1409 1138 καὶ
1431 1075 1545 1150 πάσαις
1559 1073 1595 1158 ¹).
1621 1089 1665 1151 -ζ-

229 1183 291 1243 Τοῦ
309 1168 342 1244 δὲ
359 1170 501 1268 δευτέρου
519 1180 631 1245 κώλου·
648 1194 692 1256 -ζ-
704 1181 808 1254 ’Όοην
826 1183 944 1245 ἔννοιαν
960 1183 1039 1270 ἔχων
1057 1180 1118 1274 ἐγὼ
1136 1173 1281 1264 διατελῶ,
1297 1193 1338 1268 τῇ
1356 1207 1393 1246 τε
1410 1183 1463 1247 καὶ
1482 1193 1575 1248 πᾶσιν
1593 1189 1732 1275 ἡμῖν-ζ-

183 1287 348 1377 τρίμετρον
368 1287 661 1377 θπερκατάληκτον.

228 1401 289 1460 Τοῦ
307 1387 340 1460 δὲ
357 1399 463 1486 τρίτου
479 1396 593 1462 κώλου·
618 1411 661 1472 ζ-
674 1397 839 1469 Τοσαθτκν
857 1391 990 1488 ὑπάρξαέ
1014 1423 1066 1488 μοι
1090 1404 1164 1490 παρ’
1181 1403 1266 1484 ὑμῶν
1284 1404 1325 1475 εἰς
1342 1399 1469 1464 τουτονὶ
1485 1400 1539 1464 τὸν
1557 1403 1673 1492 ἀγῶνα,
1689 1416 1732 1479 ÷

182 1503 345 1595 τρέμετρον
369 1505 596 1580 ἀκατάληκτον
611 1505 647 1593 3).

228 1618 289 1676 Τοῦ
307 1603 340 1678 δέ
356 1613 510 1704 τετάρτου
529 1616 642 1681 κώλου·
666 1615 874 1708 -ζ-’Έπειπερ
890 1616 1023 1707 πάρεοτι
1040 1615 1165 1707 μαλιοθ
1182 1616 1255 1708 ὁπέρ
1272 1623 1361 1706 ἡμῶν
1377 1620 1401 1706 έ)
1421 1617 1474 1683 καί
1498 1629 1555 1695 τῆς
1579 1619 1732 1710 ἡμετέροις
1823 1657 1827 1664 -

186 1713 340 1799 εὺοεθείας
364 1747 400 1789 τε
423 1725 477 1788 καὶ
501 1715 603 1809 δόξης,
618 1737 662 1800 -ζ-
684 1725 898 1815 τετράμετρον
922 1725 1212 1814 ὑπερκατάληκτον.

227 1833 386 1921 Πέμπτον·
410 1841 567 1910 -ξ-Τοῢτο
591 1845 794 1925 παραστῆσαι
817 1832 888 1908 τοὺς
912 1831 997 1909 θεοὺς
1021 1837 1103 1922 ὑμῖν,
1117 1847 1162 1909 ÷
1185 1825 1327 1923 δίμετρον
1353 1833 1642 1923 ὑπερκατάληκτον.

224 1939 338 2006 Ἕκτον
363 1946 474 2008 κῶλον.
498 1956 543 2018 -ζ-
555 1941 602 2013 Μὴ
621 1944 675 2008 τὸν
693 1933 851 2007 ἀντίδικον
868 1935 1041 2029 σθμθουλον
1058 1941 1249 2015 ποιήσασθαι
1269 1943 1407 2033 περὶτοῦ
1423 1968 1487 2018 πως
1505 1941 1627 2008 ἀκούειν
1652 1948 1731 2034 ὑμᾶς

183 2051 257 2136 ἐμοῦ
282 2039 397 2125 δεῒ,-;-
419 2050 658 2121 καταληκτικὸν
683 2053 724 2126 εἰς
749 2041 921 2122 συλλαθήν.

229 2151 305 2220 Ιίἷτα
328 2148 460 2247 ἕθδομον
484 2164 596 2224 κῶλον·
619 2172 664 2233 ÷
678 2158 829 2248 Σχέτλιον
846 2155 906 2250 γάρ
924 2157 959 2222 ἀν
976 2159 1022 2229 εἴη
1048 2167 1142 2222 τοῦτο
1167 2181 1213 2247 γε,
1227 2171 1272 2233 -ζ-
1295 2149 1440 2248 δίμετρον
1465 2158 1701 2231 ἀκατάληκτον.

227 2261 367 2356 ’Ὄγδοον
391 2269 500 2331 κῶλον·
525 2265 671 2342 -ζ-Ἀλλά
696 2265 767 2342 τοὺς
791 2266 902 2356 νόμους
926 2266 980 2330 καὶ
1004 2267 1058 2330 τὀν
1084 2266 1183 2356 ὅρκον,
1199 2279 1241 2340 -ζ-
1265 2257 1412 2356 δίμετρον
1437 2267 1671 2340 ἀκατάληκτον.

228 2372 385 2440 ’Έννατον
402 2378 513 2439 κωλον·
530 2381 626 2451 -ζ-Ἐν
643 2381 667 2458 ᾡ
683 2375 757 2465 πρὸς
774 2373 871 2440 ἅπασι
887 2385 952 2452 τοῖς
969 2374 1075 2451 ἄλλοις
1089 2372 1114 2462 5)
1131 2375 1184 2439 καί
1199 2386 1294 2439 τοῦτο
1310 2375 1487 2466 γέγραπται
1501 2388 1543 2450 -ζ-
1566 2376 1730 2466 τρίμετρον

183 2482 463 2573 ὑπερκατάληκτον
487 2489 529 2560 εἰς
553 2477 724 2558 συλλαθήν.

228 2593 365 2658 Δέκατον
389 2597 500 2658 κῶλον·
523 2594 624 2668 -ζ-Τδ
641 2596 752 2681 ὁμοίως
777 2597 891 2683 ἀμροῖν
916 2593 1154 2685 ἀκροᾶσθαι-ξ·
1177 2585 1321 2685 δίμετρον
1340 2591 1574 2665 ἀκατάληκτον.

228 2689 413 2766 Ἐνδέκατον
437 2706 538 2767 κῶλον
555 2701 574 2776 ἣ
592 2702 630 2768 τὸ
653 2703 772 2792 κόμμα·
795 2701 972 2779 -ζ-Τοθτου
997 2693 1029 2768 δέ
1054 2707 1120 2769 ἐστι
1132 2699 1156 2788 ⁶)
1171 2709 1219 2778 -5-⁴
1239 2701 1427 2791 μονόμετρον
1446 2699 1684 2773 ἀκατάληκτον.

228 2799 419 2875 Δωδέκατον·
443 2814 542 2888 -ζ-Οὑ
567 2810 661 2901 μόνον
685 2811 722 2876 τ“ο
748 2808 789 2900 μὴ
815 2809 1105 2902 προκατεγνωκέναι
1123 2801 1288 2898 μηδὲν,-;-
1310 2811 1476 2900 τρίμετρον
1506 2807 1731 2880 ἀκατάληκτον

183 2922 222 2995 εἰς
247 2911 419 2992 συλλαθήν.

230 3027 342 3115 Τρίτον
366 3027 420 3091 καὶ
444 3017 575 3092 δέκατον
600 3031 709 3094 κῶλον·
732 3019 869 3104 -ζ-Οθδὲ
892 3028 928 3094 τὸ
953 3027 1013 3100 τὴν
1037 3029 1154 3094 αἴνοιοιν
1186 3029 1256 3100 ἴσην
1282 3027 1466 3116 ἀμφοτέροις
1497 3016 1734 3102 ἀποδοῦναι,-·,-

184 3135 348 3223 τρίμετρον
370 3133 662 3224 ὑπερκατάληκτον.

229 3241 389 3332 Τέταρτον
413 3242 466 3306 καὶ
490 3233 621 3307 δέκατον
646 3246 759 3308 κῶλον·
783 3242 930 3318 -ζ-Ἀλλά
954 3242 1008 3307 καὶ
1031 3252 1076 3327 τῷ
1100 3253 1141 3328 τῇ
1167 3236 1256 3320 τάξει
1279 3241 1332 3306 καὶ
1354 3251 1395 3326 τῇ
1422 3241 1647 3331 ἀπολογίᾳ,-ζ-
1669 3243 1734 3331 τρί-

186 3372 299 3440 μετρον
325 3347 426 3439 βραχὺ
450 3349 665 3422 κατάληκτον.

228 3458 375 3548 Πέμπτον
400 3458 455 3522 καὶ
479 3449 610 3524 δέκατον
634 3463 746 3524 κῶλον·
769 3460 878 3536 -ζ-Ὼς
908 3451 1100 3545 βεθοθληται
1124 3459 1178 3523 καὶ
1197 3459 1374 3549 προήρηται
1404 3465 1467 3520 τῶν
1498 3449 1732 3548 ἀγωνιζομένων

185 3565 325 3649 ἕκαστος,
339 3578 383 3640 -ζ-
405 3563 616 3656 τετράμετρον
641 3567 879 3639 καταληκτικθν
895 3573 936 3644 εἰς
961 3561 1133 3642 συλλαθήν.

231 3673 341 3739 Ἐκτδν
358 3673 411 3738 καὶ
428 3664 559 3740 δέκατον
584 3679 694 3741 κῶλον·
718 3689 762 3752 -ζ-
774 3676 880 3752 Οὕτως
896 3679 973 3741 έάοα
990 3675 1177 3766 χρήσασθαι,
1192 3689 1235 3752 ζ-
1259 3666 1403 3765 δίμετρον
1428 3673 1666 3745 καταληκτικδν
1691 3677 1732 3749 εἰς

189 3776 362 3858 σολλαθήν.
381 3790 491 3849 Ταῦτα
507 3783 704 3876 παρεθέμεθα
722 3789 763 3861 εἰς
779 3775 906 3863 ἔνδειξιν
923 3776 1155 3875 ὑποδείγματος
1171 3785 1241 3874 περὶ
1259 3787 1429 3876 ῥητορικῶν
1446 3780 1646 3871 σκεμμάτων.

223 4088 245 4160 1)
264 4085 366 4143 Oratio
385 4089 422 4144 de
441 4103 560 4156 οοιοιια,
580 4085 682 4144 stetim
708 4086 745 4144 eb
763 4086 857 4144 initio.
876 4087 930 4142 Ed.
985 4086 1039 4142 eed
1058 4084 1238 4144 scholiastae
1258 4083 1434 4140 Vaticanum
1453 4085 1500 4137 est
1516 4085 1661 4154 recenter,
1674 4081 1733 4137 for·

187 4179 283 4248 Lugd.
302 4179 406 4234 Βκοιιν.
427 4179 496 4233 1821
516 4185 537 4235 i.
556 4193 568 4234 1
586 4197 613 4252 p.
634 4179 694 4235 181.
984 4182 1065 4232 iesse
1085 4181 1117 4232 et
1135 4173 1325 4246 indiligenter
1344 4170 1498 4243 seriptum.

225 4269 247 4341 ξ)
265 4267 389 4341 Aliquid
408 4268 603 4326 desideratur.
1020 4269 1044 4341 ⁴)
1063 4267 1137 4325 Edd.
1157 4265 1230 4320 ἔπειθ’
1250 4268 1308 4335 ὅπερ
1329 4267 1380 4316 ἐστι
1399 4260 1499 4330 μάλισθ’
1520 4259 1586 4330 ὁπέρ.

222 4360 246 4434 ³)
265 4357 342 4416 Edd.
361 4361 468 4432 ὑπάρξαι
486 4359 546 4433 παρ’
566 4363 642 4430 ὑμῶν.
665 4360 734 4418 Ood.
753 4361 862 4432 ὑπάρξαί
881 4381 931 4431 μοι,
1021 4359 1044 4430 ⁵)
1062 4357 1136 4412 Edd.
1158 4360 1240 4416 ἀλλοις
1260 4356 1369 4412 δικαίοις,

186 4465 224 4504 ex
243 4447 381 4520 vetustis,
399 4455 435 4506 ni
453 4465 543 4523 supra
561 4457 691 4520 notetur,
702 4449 932 4522 exemplaribus,
1020 4451 1042 4520 ὓ)
1061 4449 1135 4506 Edd.
1155 4453 1226 4502 τοῦτο
1246 4449 1269 4499 δ’
1289 4449 1362 4502 ἐστίν.
