3940 6072
752 517 794 591 de
821 513 948 590 Ηονθίο
976 520 1035 590 σία.

380 903 479 996 Ἀρχὴ
505 915 561 971 τοῦ
586 912 618 970 Ε.
643 899 787 994 Εὔζωμος
813 905 931 991 βοτάνη
959 911 978 980 ὴ
1005 905 1058 970 καί
1082 897 1216 996 ζαντορὴ
1242 904 1412 996 λεγομένη,

285 1010 377 1088 εὐθοὴ
402 1017 522 1088 πτηνὸν
547 1014 563 1080 θ
587 1015 640 1080 καί
665 1007 768 1088 ἀηδῶν
792 1015 975 1106 λεγόμενον,
1001 1014 1139 1092 εὐάνθιος
1162 1013 1257 1091 λίθος,
1283 1018 1383 1104 ἕχινος
1409 1013 1505 1105 ίχθός.

165 1236 215 1308 Είς
241 1224 274 1297 δὲ
297 1231 352 1296 τόν
378 1230 517 1296 εὐάνθιον
542 1230 637 1314 λίθον,
664 1231 696 1297 όν
714 1233 833 1322 ἔφημεν
850 1231 1043 1322 πάγχρυσον,
1060 1231 1213 1324 γλόφοται
1231 1237 1249 1304 ὴ
1269 1220 1453 1321 Ἀφροδίτη,
1478 1229 1534 1307 τάς
1560 1231 1669 1321 τρίχας

121 1339 174 1404 καί
198 1340 269 1416 τοὺς
293 1339 475 1427 πλοκάμους
500 1351 558 1416 τῆς
582 1345 721 1430 κεφαλῆς
739 1331 989 1430 άνοιδεδημένους
1010 1343 1137 1430 ἔχουσα,
1155 1341 1208 1405 καί
1232 1333 1449 1404 ὑποβάλλεται
1472 1343 1492 1412 ὴ
1519 1332 1588 1430 ῥίζα
1612 1348 1670 1413 τῆς

121 1447 257 1532 βοτάνης
282 1450 335 1513 καί
360 1440 491 1523 ἀηδόνος
515 1451 654 1538 γλῶσσα,
681 1447 735 1512 καί
757 1452 977 1513 κατακλεῖσαι·
1002 1459 1097 1513 τοῦτο
1114 1453 1129 1512 ό
1147 1457 1246 1539 φορῶν
1270 1456 1363 1512 πᾶσιν
1389 1446 1559 1537 ἀνθρώποις
1584 1449 1671 1536 φίλος

118 1559 207 1620 ἔσται
232 1557 285 1620 καί
309 1557 451 1646 γλωστός
475 1555 529 1620 καί
552 1547 720 1632 ὴδόλκλος,
744 1555 798 1620 καί
814 1559 848 1619 οὔ
867 1556 959 1644 μόνον
984 1555 1154 1646 ἀνθρώποις
1179 1547 1347 1645 αἰδέσιμος,
1373 1554 1456 1620 άλλά
1474 1555 1590 1648 θηρίοις
1615 1577 1671 1646 φο-

119 1655 206 1752 βερός
231 1664 285 1728 καί
310 1655 447 1752 δαίμοσι.
473 1669 537 1727 Πᾶν
562 1661 621 1754 γάρ
647 1661 751 1752 θηρίον
778 1657 926 1753 φεύξεται
950 1667 1004 1729 ἀπ’
1030 1669 1126 1729 αὐτοῦ
1139 1661 1173 1746 ¹).

214 1987 311 2076 Ἀρχὴ
324 1985 349 2071 ²)
375 1997 431 2053 τοῦ
455 1993 480 2051 Σ
505 1986 576 2054 άντί
599 1997 655 2054 τοῦ
679 1994 711 2053 Ζ.
738 1981 861 2079 Σμίλαξ
886 1987 1018 2072 βοτάνη,
1036 1986 1129 2063 σάκος
1152 1987 1282 2065 πτηνόν,
1309 1987 1461 2075 σμύραινα
1487 1984 1582 2076 ἰχθὺς,

575 2088 756 2188 σμάραγδος
779 2095 863 2172 λίθος
888 2094 1084 2186 πάροοιοςθ),
1109 2098 1221 2186 τίμιος.

166 2315 217 2374 Ἐν
240 2321 342 2394 τοῦτῳ
366 2317 392 2376 εί
416 2308 542 2402 γλόψοις
567 2313 679 2403 ἅρπην,
704 2312 758 2377 καί
780 2315 839 2377 ὑπό
864 2313 934 2389 τοὺς
958 2304 1056 2390 πόδας
1082 2316 1179 2389 αὐτῆς
1204 2313 1257 2379 τόν
1291 2311 1377 2402 ίχθὺν
1406 2311 1465 2385 τὴν
1491 2312 1671 2404 σμίραιναν,

120 2421 327 2495 κατέκλεισας
352 2411 385 2486 δὲ
409 2424 440 2484 ἑν
465 2424 550 2503 αὐτῷ
574 2422 629 2485 καί
653 2421 711 2492 τὴν
737 2415 821 2512 ῥίζαν
847 2433 905 2498 τῆς
924 2421 1070 2506 βοτάνης,
1087 2421 1260 2487 καὶταῦτα
1282 2432 1392 2511 φορεῖς,
1416 2417 1586 2510 ἀποτρέψει
1607 2429 1669 2484 πᾶν
1708 2489 1713 2500 ,

121 2528 260 2594 ἐνύπνιον
285 2520 467 2618 ταρκχωδὲς
491 2529 545 2594 καί
568 2522 707 2620 φοβερόν,

323 2781 422 2872 Ἀρχὴ
449 2793 504 2848 τοῦ
530 2788 562 2847 Η.
589 2782 749 2876 Ἡρόγγιον
775 2784 892 2870 βοτάνη
920 2785 952 2870 (θ,
978 2785 1032 2849 καί
1056 2783 1289 2874 φοινικόπτερον
1313 2784 1467 2874 λέγεται),

448 2887 525 2971 ζῶον
550 2893 759 2982 ὴγοργόνηθ),
783 2897 973 2984 ἡφαιστίτης
996 2892 1092 2970 λίθος,
1116 2884 1228 2968 ὴδωνίς
1254 2890 1348 2982 ἰχθάς.

166 3078 214 3148 Εἰς
238 3067 290 3138 οὖν
316 3073 368 3137 τὀν
392 3075 595 3160 ηφνιιστίτην,
621 3075 676 3138 τόν
701 3073 754 3138 καί
777 3074 910 3163 πυρίτην
933 3076 1115 3164 λεγόμενον,
1141 3072 1193 3138 ’σάν
1217 3070 1338 3164 γλόβης
1363 3074 1400 3136 τὸ
1425 3073 1670 3164 φοονικόπτερον,

121 3179 219 3269 ἤγουν
244 3179 304 3250 τὴν
328 3181 449 3269 ἅρπην,
473 3181 532 3246 ὑπὸ
557 3180 628 3255 τοὺς
651 3172 749 3255 πόδας
774 3171 808 3245 δὲ
832 3183 929 3254 αότὴς
954 3183 1117 3268 σκορπίον,
1142 3180 1196 3244 καί
1219 3173 1381 3266 ὐποθοίλῃς
1409 3189 1454 3263 τῷ
1478 3180 1555 3263 λίθῳ
1580 3183 1671 3271 μέρος

122 3296 180 3359 τῆς
206 3279 290 3378 ῥίζης
314 3291 477 3378 ὴρυγγίου,
501 3281 576 3366 ἕξοις
600 3289 813 3377 φυλακτήριον
838 3292 873 3352 ἐκ
895 3287 1023 3353 πάντων
1047 3281 1134 3366 ζώων
1161 3280 1303 3355 ἰοβόλων.

328 3529 426 3621 Ἀρχὴ
453 3543 508 3597 τοῦ
532 3539 567 3598 Θ.
593 3535 749 3624 Θυρσίτης
773 3533 858 3611 λίθος
882 3537 987 3625 ὅμοιος
1010 3540 1179 3628 κοραλλίῳ,
1202 3537 1303 3628 θύραις
1329 3537 1461 3622 βοτάνη,

149 3657 157 3685 ’
679 3642 732 3733 θὺρ
756 3647 888 3729 πτηνόν,
914 3645 999 3722 θόνος
1026 3646 1122 3736 ίχθίις.

169 3825 217 3898 ίίίς
242 3815 294 3887 οὖν
318 3823 373 3887 τόν
397 3822 545 3914 θυρσίτην
562 3823 648 3890 λίθον
665 3823 784 3918 γλίιβον
802 3825 854 3918 θὺρ
872 3827 1004 3911 (πτηνόν
1022 3831 1105 3893 ἐστιν
1131 3829 1238 3915 ὅμοιον
1265 3826 1361 3917 ίέροικι
1386 3827 1556 3912 θαλασσίῳ,
1582 3819 1676 3919 δρασ·

123 3927 213 3991 τικδν
236 3928 332 4016 πάνυ)
358 3941 534 4021 κρατοῦντα
558 3933 613 3998 τόν
631 3933 719 4001 θάνον
739 3934 837 4025 ἰχθὺν,
855 3937 908 4001 καί
924 3938 1196 4011 όποκατακλοίσοις
1214 3935 1303 4026 μέρος
1318 3946 1377 4012 τῆς
1403 3935 1550 4020 βοτάνης,
1576 3937 1672 4028 φόρει,

124 4035 178 4100 καί
201 4039 254 4125 ἔσῃ
282 4036 443 4127 ἀμέθυσος.

163 4267 184 4340 ¹)
204 4266 346 4340 Sequitur
363 4269 394 4327 in
412 4269 584 4346 Mosquensi
603 4271 813 4347 inexpectatns
832 4273 874 4331 al·
928 4275 1062 4348 θασομίνου
1081 4277 1250 4346 συνθήματος,
1272 4279 1350 4329 ταῦτα
1369 4280 1394 4329 Bi
1420 4281 1503 4331 πάντα
1523 4279 1613 4350 ποιήσῃ
1634 4280 1677 4330 τά·

124 4363 171 4414 ter
195 4357 225 4415 in
250 4359 468 4434 Physiologum
494 4379 640 4420 excursus
667 4364 702 4421 (1ο
725 4365 872 4438 Hupupa:

123 4451 204 4518 Ἔποψ
218 4451 245 4504 δι’
258 4453 309 4504 ίστι
323 4454 383 4512 ζῶον
398 4453 421 4505 ίν
435 4457 487 4524 άερί
501 4455 641 4525 πετόμενον,
660 4458 805 4526 ίπτάχροον,
827 4456 874 4521 βα-

124 4541 211 4593 σίλειον
231 4541 285 4610 ίχον
304 4544 389 4614 λόφον,
410 4546 504 4613 μάχαις
525 4546 652 4598 δακτύλων
671 4545 703 4616 β’,
718 4546 872 4616 άπλοόμινόν

124 4653 150 4685 τε
169 4641 212 4686 καί
225 4636 424 4704 συστελλόμενον.
437 4637 507 4687 Ἐστι
520 4640 545 4688 δί
559 4640 630 4689 τοῦτο
646 4639 803 4708 τιτράχρουν,
818 4642 872 4697 ταῖς

124 4721 146 4774 δ’
166 4723 240 4794 ὥραις
260 4727 303 4777 τοῦ
322 4727 408 4795 χρόνον
428 4729 572 4800 ἀναλογοῦν·
592 4725 658 4789 οἶκος
678 4733 792 4780 καλεῖται
805 4732 874 4796 παρά

124 4833 172 4864 τισι
192 4812 335 4885 κοόκουφος,
356 4822 399 4867 καί
412 4819 513 4877 ποῦπος·
528 4817 578 4870 ἔστι
591 4819 644 4872 δίὴ
660 4819 750 4890 φυσικὴ
771 4819 873 4888 δύναμις

122 4904 165 4953 τοῦ
185 4901 249 4962 ζοίοιι
268 4903 353 4954 τούτου
366 4906 496 4972 θαυμαστὴ
509 4907 574 4958 λίαν·
587 4908 607 4957 εὶ
621 4909 670 4978 γάρ
685 4927 719 4966 τις
740 4909 873 4976 άνκτιμών

124 4995 209 5045 τοῦτον
230 4995 311 5052 ζῶντα
324 4999 368 5046 καί
380 4991 465 5045 λαβὼν
480 4995 524 5050 τὴν
537 4995 613 5048 αὐτοῦ
626 4998 728 5066 καρδίαν
745 4996 781 5048 ἔτι
800 4998 876 5048 σπαί-

126 5101 212 5153 ρονσαν
232 5089 275 5135 καί
294 5085 384 5150 ζῶσαν,
403 5087 525 5155 καταπίῃ,
541 5089 640 5157 άντνκρὺ
655 5089 697 5138 τοῦ
716 5087 787 5142 ’λλίου
808 5089 876 5140 ίστά-

125 5191 205 5242 μινυς,
219 5171 284 5242 ὥρας
299 5171 320 5232 ζ’
334 5172 472 5242 άρχομίνκς
486 5174 529 5234 ἕως
543 5175 575 5240 η’,
590 5181 632 5227 καί
645 5175 739 5244 ἡμέρας
759 5176 780 5236 ζ’
798 5177 874 5247 ἤγουν

125 5257 264 5330 σαββάτου,
285 5265 388 5324 σιλὴνης
402 5266 550 5326 ανατολικῆς
564 5266 644 5332 οὔσης,
657 5266 744 5337 ίπιπίγν
762 5269 787 5318 δά
806 5269 875 5340 γάλα

127 5353 182 5422 βίος
202 5356 321 5428 μελαίνης
341 5361 406 5426 ριιτίι
425 5355 511 5430 ὀλίγον
533 5357 640 5430 μίλιτος,
660 5360 703 5410 τοῦ
723 5358 750 5412 ίκ
770 5360 812 5410 τοῦ
833 5356 876 5430 ρἠ·

924 4384 1000 4433 χιστα
1019 4372 1062 4419 καί
1080 4365 1195 4436 αὗθώρος,
1216 4367 1255 4417 ίνα
1274 4367 1289 4422 ὴ
1316 4367 1407 4436 καρδία
1429 4367 1498 4440 ὑγιὴς
1511 4363 1578 4426 ,οὖσα
1597 4387 1676 4419 κατα·

926 4459 1002 4521 ποθιῒ,
1023 4455 1091 4506 ίσται
1110 4455 1238 4527 γινώσκων
1262 4457 1345 4508 πάντα
1365 4460 1392 4508 τό
1416 4453 1439 4508 ἐν
1464 4458 1500 4526 τῷ
1520 4456 1612 4526 οὐρανῷ
1632 4461 1675 4509 καί

926 4545 1176 4615 ὴήῄκπλ

962 4635 986 4710 ²)
1006 4633 1089 4708 Sapit
1107 4633 1289 4707 permutatio
1302 4633 1470 4691 litterarum
1490 4632 1605 4708 aliquid
1623 4653 1675 4708 po·

926 4724 1086 4794 regrinum‚
1107 4729 1138 4779 et
1156 4741 1225 4779 mox
1245 4724 1366 4794 σμύραινα
1384 4740 1586 4797 neo-graecos.

962 4815 986 4889 ³)
1005 4812 1074 4871 Cod,
1094 4815 1214 4885 πιροικός.
1232 4811 1330 4869 Adest
1348 4813 1522 4887 oorruptela.

962 4909 985 4978 ⁴)
1003 4903 1139 4977 Urgente
1159 4903 1325 4976 alphabeto,
1343 4901 1522 4974 peregrinus
1541 4908 1675 4978 συλλογιὺς

926 5012 987 5052 una
1005 5011 1078 5052 voco
1098 4992 1220 5066 sosipsit
1238 4996 1253 5049 ί,
1274 4995 1389 5066 γοργόνα,
1410 4991 1447 5049 de
1465 5011 1525 5065 qua
1550 4992 1587 5048 σί.
1605 5011 1674 5050 nos·

928 5089 1009 5140 trum
1027 5083 1244 5157 Physiologum
1262 5081 1293 5138 in
1311 5083 1414 5153 spicil.
1432 5096 1477 5138 111.
1497 5080 1559 5136 369.
1577 5080 1614 5136 In
1631 5097 1677 5136 se·

928 5177 1034 5247 quenti
1051 5173 1181 5231 formula
1199 5173 1236 5231 de
1255 5179 1397 5245 monstro,
1417 5171 1454 5230 de
1473 5169 1554 5246 pisce
1573 5187 1611 5226 no
1628 5175 1675 5246 γρὺ

928 5264 1055 5338 quidem.
