4008 6068
275 514 313 572 νο
857 505 1003 581 Sanctus
1020 504 1236 582 Athanasius

275 675 334 768 γὰρ
358 673 600 765 παρεληλυθότα
615 680 656 752 ὡς
672 676 804 765 ἐσόμενα
820 675 915 770 λέγει.
934 677 969 742 ‘0
987 667 1021 742 δὲ
1075 680 1158 762 dam,
1170 681 1268 767 pedes
1282 681 1416 748 fiuvium
1432 680 1676 749 ambulaverunt
1687 733 1715 764 ,.
1734 681 1823 751 Idem

276 783 446 873 Σύμμαχος
470 785 525 848 τ“ον
542 783 653 875 χρόνον
669 777 818 872 ἐφύλαξεν
843 783 947 850 εἰπών·
966 791 1026 852 Με-
1080 793 1138 870 est,
1162 789 1218 871 ait,
1241 790 1345 874 quiet
1365 790 1443 856 haee
1466 793 1499 856 et
1521 789 1578 856 ille
1600 790 1687 871 feeit,
1709 795 1742 857 et
1764 792 1824 859 hoe

276 884 392 956 τέθαλε
417 891 578 957 θάλασσαν
602 895 643 969 εἱς
667 885 775 982 ξηρὰν,
794 895 940 982 ποταμὸν
964 885 1026 960 διί-
1080 897 1120 962 ad
1136 897 1363 964 confutandum
1380 919 1434 964 eos
1449 897 1505 982 qui
1520 897 1741 965 dicuntunum
1758 921 1823 966 esse

276 995 378 1073 ύησαν
390 993 482 1077 πόδες
494 999 528 1088 ¹).
543 997 641 1078 Οὐτύς
654 1006 731 1080 ἐστι,
745 1004 879 1091 φησίν,ὐ
897 1008 1026 1069 κάκεῖνα
1080 1004 1135 1087 qui
1158 1005 1262 1088 prisea
1277 1005 1415 1090 peregit,
1438 1009 1471 1070 et
1493 1003 1632 1070 alterum
1654 1005 1710 1089 qui
1732 1006 1766 1070 iu
1791 1027 1825 1070 e·

276 1108 331 1171 καί
353 1118 456 1172 ταῦτα
478 1108 622 1184 ποιήσας·
649 1119 745 1174 τοῦτο
769 1100 803 1174 δὲ
826 1115 867 1185 είς
891 1110 1025 1202 ἔλεγχον
1080 1113 1237 1198 vangeliis
1251 1113 1398 1198 prodigia
1413 1112 1499 1180 feeit.
1513 1111 1693 1180 Secundum
1716 1119 1826 1180 autem

277 1224 339 1279 τῶν
354 1213 450 1279 ἄλλον
464 1213 519 1303 μὲν
535 1208 612 1280 εἶναι
628 1215 786 1306 λεγόντων
799 1215 854 1280 τύν
871 1215 913 1282 τοί
925 1217 1026 1282 πάλαι
1081 1218 1179 1302 LXX,
1200 1241 1265 1286 non
1276 1221 1427 1288 scribitur
1446 1221 1527 1306 ‘qui
1543 1220 1749 1302 transtulit„
1773 1221 1828 1288 sed

276 1323 472 1399 ποιήσαντα,
497 1323 601 1413 ἕτερον
625 1312 658 1388 δὲ
681 1324 737 1390 τὸν
769 1328 800 1388 ἐν
833 1325 1026 1414 εὐαγγελίοις
1085 1328 1171 1413 “qui
1195 1327 1349 1395 transfert
1365 1377 1392 1408 ,.

277 1431 588 1523 τερατουργήσαντα.
604 1427 695 1496 Κατὰ
712 1422 746 1496 δὲ
761 1429 834 1508 τούς
852 1432 886 1496 0‘
911 1436 967 1496 οὐκ
986 1426 1027 1496 εἷ-

277 1563 333 1606 πεν
350 1545 366 1604 ὁ
384 1537 611 1630 μεταστρέψας,
628 1543 701 1606 ἀλλ’
718 1545 735 1605 ὁ
753 1540 987 1631 μεταστρέφων.

711 1887 741 1930 v.
766 1863 796 1928 6.
821 1865 906 1926 Ἐκεῖ
927 1859 1202 1950 εὐφρανθησύμεθα
1226 1864 1269 1926 ἐπ’
1297 1865 1392 1944 αὐτῷ.

825 1971 903 2038 ulie
925 1972 1116 2039 ίοοίούίιιιαν
1138 1973 1278 2054 inipso.

325 2187 403 2277 Πρύς
428 2178 462 2252 δὲ
484 2195 563 2262 νοῦν,
581 2189 645 2250 ἐκεῖ
658 2183 711 2249 σύν
737 2189 860 2274 Χριστῷ
885 2183 1029 2268 βασιλεύ·
1125 2183 1353 2270 Spiritnaliter‚
1376 2184 1442 2252 illic
1465 2207 1538 2251 eum
1558 2181 1686 2250 Christo
1709 2202 1825 2269 regna·

281 2317 385 2382 σομεν,
409 2295 503 2368 ἡνίκα
526 2303 581 2358 τοῦ
609 2292 676 2358 νίου
705 2297 813 2368 αἰῶνος
838 2291 1027 2376 βασιλεύσει,
1081 2291 1195 2373 bimus,
1218 2291 1345 2377 quando
1368 2292 1517 2378 regnabit
1539 2291 1671 2358 innovo
1687 2289 1826 2372 saeculo,

280 2401 334 2466 καί
347 2399 621 2491 εύφφανθησόμεθα
634 2404 681 2464 ἐπ’
696 2402 792 2482 αὐτῷ·
803 2397 1027 2490 εὐφραινόμεθα
1081 2404 1113 2465 et
1136 2399 1327 2466 laetebimur
1348 2400 1446 2466 ineu.
1464 2399 1637 2466 Laetamur
1659 2403 1768 2466 autem
1790 2399 1825 2465 in

281 2497 315 2574 δὲ
337 2511 369 2573 ἐν
392 2517 438 2592 τῷ
460 2507 629 2582 ποιήσαντι
654 2497 788 2598 δυσχερῆ
815 2499 915 2598 ῥᾴδια.
1081 2527 1119 2572 eo
1142 2507 1198 2592 qui
1221 2506 1320 2573 ardna
1343 2507 1480 2573 reddidit
1502 2506 1625 2574 facilia.

877 2827 1075 2895 PSALMUS
1101 2827 1232 2894 LXVII.

826 3065 856 3106 v.
874 3043 905 3107 3.
922 3038 974 3114 Ὦς
991 3039 1125 3105 ἐκλείπει
1139 3040 1285 3118 καπνός...

785 3149 875 3216 Sient
898 3150 1003 3232 definit
1023 3151 1144 3235 fumeis,
1168 3152 1329 3235 deficiant.

328 3365 421 3456 Τάχα
446 3356 480 3430 δὲ
503 3361 702 3454 ἁμαρτωλοί,
727 3369 756 3428 οἱ
783 3371 841 3438 τῆς
873 3365 1027 3454 ἁμαρτίας
1126 3366 1274 3434 Fortasse
1291 3372 1473 3452 peccatores
1488 3371 1565 3434 sunt
1578 3367 1701 3451 peceati
1717 3367 1828 3434 inven-

283 3474 406 3564 εὑρεταὶ
429 3466 582 3562 δαίμονες,
606 3477 635 3535 σί
658 3472 712 3536 καί
734 3477 774 3547 ὡς
799 3473 914 3548 καπνὸς
937 3475 1027 3538 ἑκλί-
1082 3481 1168 3542 teres
1184 3476 1361 3555 daemones,
1374 3476 1429 3560 qui
1445 3476 1527 3542 sicut
1542 3475 1649 3541 fumus
1663 3475 1826 3557 definiunt,

280 3605 382 3663 τουσι,
407 3589 453 3663 τῷ
478 3582 556 3670 ἁγίῳ
574 3577 734 3667 Πνεύματι
755 3577 953 3666 ἐλαυνόμενοι
976 3579 1030 3645 καί
1083 3605 1173 3650 suero
1195 3581 1317 3667 Spiritu
1335 3581 1458 3666 expulsi
1475 3586 1507 3647 et
1522 3581 1677 3667 dissipati,
1694 3585 1727 3647 et
1743 3582 1827 3649 sieut

281 3678 537 3776 σκεδαννύμενοι,
570 3686 624 3750 καί
654 3691 694 3761 ὡς
729 3686 824 3774 κηρὸς
853 3685 1029 3770 τήκονται,
1084 3709 1156 3754 eera
1167 3688 1282 3770 fluunt,
1295 3688 1477 3773 consumpti
1493 3711 1529 3754 ex
1545 3690 1683 3755 adventu
1697 3687 1827 3768 Christi,

282 3796 479 3888 ὑπορρέοντες
502 3805 543 3878 τῇ
569 3793 732 3882 ἐπιφανείᾳ
755 3802 811 3857 τοῦΙ
831 3797 975 3882 Χριστοῦ,
999 3791 1030 3869 ὐς
1084 3795 1139 3881 qui
1156 3800 1288 3862 vocatur
1302 3796 1387 3882 ignis
1403 3819 1589 3864 consumens
1606 3796 1777 3876 malitiam
1796 3800 1829 3861 et

281 3918 341 3997 πῦρ
364 3904 494 3997 λέγεται
509 3905 742 3968 καταναλίσκον
760 3902 819 3974 τὴν
843 3901 1030 3992 μοχθηρίαν,
1084 3904 1123 3969 de
1139 3909 1265 3970 caetero
1281 3904 1336 3988 qui
1352 3925 1388 3970 ex
1404 3905 1466 3971 fide
1478 3904 1646 3990 justificati
1662 3908 1747 3986 sunt,
1763 3903 1826 3970 dis·

283 4015 337 4080 καί
351 4013 460 4078 λοιπύν
477 4016 505 4075 οἱ
522 4001 737 4084 δικαιωθέντες
754 4011 788 4074 ἐκ
804 4011 950 4092 πίστεως,
975 4031 1033 4071 κα·
1085 4011 1190 4078 soluta
1212 4012 1403 4079 daemonum
1426 4012 1605 4098 tyrannide,
1629 4013 1801 4080 laetantur.

283 4121 472 4196 ταλυθείσης
495 4129 553 4194 τῆς
573 4107 752 4210 τυραννίδος
775 4126 838 4182 τῶν
864 4108 1030 4205 δαιμόνων,

285 4233 509 4323 εὐφραίνονται.

322 4556 344 4629 ¹)
364 4555 406 4614 of.
425 4557 568 4626 Heaenpta
586 4553 619 4610 F.
638 4551 732 4610 nield.
751 4557 773 4608 t.
792 4565 826 4623 11,
844 4569 871 4624 p.
894 4550 955 4606 197.
