3940 6072
808 541 909 615 Vetas
926 541 1104 632 interpres.
1675 545 1727 602 ³21

158 735 255 784 ¹nens
281 721 371 790 atque
394 732 546 787 exercens,
565 713 690 770 efficitur
716 715 835 771 omuino
858 721 931 770 tem·
984 711 1064 785 qnod
1082 716 1113 768 et
1131 716 1216 784 paret
1235 716 1266 768 et
1289 709 1423 784 imperat,
1442 709 1634 766 manifestum
1661 709 1730 765 binc

179 805 314 881 perantia
327 805 481 876 quaedam,
496 822 513 859 a
526 803 642 860 ratione
660 811 773 878 coepte,
785 803 815 860 in
830 820 932 860 conca·
984 801 1131 859 iustitiam
1150 803 1282 859 omnium
1299 820 1366 859 esse
1380 801 1517 874 partium,
1533 800 1657 860 rationis
1677 801 1729 858 irrr-

179 894 356 970 piscentiam
374 893 524 964 desinens,
543 911 595 967 per
616 893 749 950 medium
767 891 928 958 irascibile,
984 891 1116 962 perantis
1142 892 1247 963 solum,
1267 890 1439 965 cupiditatis
1466 891 1603 947 subditae
1623 891 1727 960 solum,

181 990 272 1056 atque
291 983 365 1040 adeo
391 988 552 1040 concentus
576 983 742 1053 enascitur,
761 983 870 1056 partim
890 987 931 1034 διά
980 977 1045 1036 irae
1058 987 1088 1036 et
1096 980 1270 1054 imperantis
1282 988 1312 1037 et
1322 981 1460 1037 subditae
1472 979 1575 1036 simul:
1589 999 1642 1053 per
1652 981 1730 1036 hanc

179 1077 266 1126 πασῶν
287 1091 324 1130 ex
342 1073 596 1144 tribueraticnali,
611 1074 764 1143 irascibili,
783 1081 813 1130 et
828 1089 930 1130 concu·
984 1087 1120 1143 quaeque
1146 1071 1242 1127 virtus
1269 1078 1300 1128 et
1324 1089 1393 1145 pars
1418 1070 1533 1126 animae
1562 1069 1730 1126 secundum

185 1162 324 1236 piscibili,
343 1180 469 1236 quorum
487 1163 618 1219 medium
644 1162 802 1229 irascibile,
823 1160 931 1234 partim
985 1177 1073 1215 suum
1099 1166 1213 1216 statum
1238 1159 1419 1232 aequitatem
1442 1158 1594 1228 observat,
1615 1157 1675 1213 alia
1694 1164 1730 1214 ut

182 1257 224 1304 διά
238 1259 370 1322 τεσσάρων,
383 1251 493 1325 partim
506 1253 577 1305 πέντε
588 1253 619 1326 ¹).
629 1253 798 1310 Rationalis
811 1251 931 1326 quidem
985 1247 1119 1321 imperet,
1140 1248 1199 1304 alia
1211 1254 1247 1305 ut
1259 1250 1450 1320 obtemperet,
1466 1247 1525 1302 alia
1537 1251 1577 1302 ut
1595 1246 1729 1318 imperet,

182 1359 253 1412 pars
271 1341 309 1397 ad
334 1340 515 1398 irascibilem
540 1346 580 1394 διὰ
605 1343 687 1408 πέντε,
708 1341 867 1398 irascibilis
892 1339 931 1395 ad
985 1344 1016 1394 et
1035 1339 1226 1411 obtemperet.
1245 1339 1327 1394 Haec
1344 1337 1436 1408 igitur
1455 1337 1498 1391 ita
1516 1335 1654 1410 exposita
1672 1352 1730 1390 ma-

182 1429 445 1502 concupiscibilem
464 1435 505 1484 ὂιὰ
524 1436 648 1502 τεσσάρων
667 1432 766 1488 babet.
784 1431 871 1486 Hanc
890 1435 931 1482 tic
984 1435 1082 1484 noant.

182 1523 306 1592 τεσσάρων
317 1520 541 1577 consonantiam
550 1520 735 1594 Pythagorei
745 1520 931 1592 comprehen·
1018 1518 1730 1592 Cer.XIlI³).Oarparcadiacavirtasmonim·

182 1612 295 1668 sionem
312 1607 467 1684 tamquam
484 1611 689 1685 imperfectam
702 1619 849 1670 vocarunt
866 1632 928 1670 ma·
980 1611 1120 1680 parandi.
1134 1608 1262 1665 -Illud
1275 1619 1375 1664 autem
1388 1605 1578 1679 inquisitione
1599 1605 1727 1678 dignum,

182 1701 230 1774 gie
249 1700 327 1758 enim
346 1706 387 1754 διὰ
406 1703 486 1770 πέντε,
506 1719 596 1775 quam
610 1708 650 1756 διὰ
664 1707 789 1775 τεσσάρων
809 1721 932 1760 concen-
984 1700 1131 1773 quomodo
1140 1699 1290 1756 irascibile
1300 1699 1448 1773 imperans
1459 1705 1489 1756 et
1498 1697 1651 1756 subditum
1662 1715 1729 1754 cum

182 1797 247 1848 tum
265 1791 395 1848 existere
409 1797 576 1849 senserunt.
590 1793 715 1850 Constat
729 1793 819 1851 stiam
832 1793 933 1850 irasci·
986 1791 1162 1864 cupiditate,
1181 1795 1329 1863 qnatenus
1349 1791 1501 1848 subditum
1520 1795 1581 1861 est,
1601 1807 1730 1846 commu·

181 1883 241 1940 bile
259 1882 358 1955 magis
379 1889 555 1940 concentum
581 1903 647 1941 cum
673 1884 820 1951 rationali,
841 1903 932 1957 quam
985 1901 1054 1940 nem
1063 1883 1155 1939 habet
1167 1883 1311 1940 virtutem
1324 1883 1552 1956 temperantiae;
1567 1881 1732 1939 cumratio·

183 1992 250 2031 cum
277 1973 499 2047 concupiscibili
520 1975 652 2042 reddere,
672 1976 810 2048 quamvis
835 1976 932 2032 mains
984 1991 1022 2030 ne
1035 1978 1143 2044 autem,
1157 1980 1305 2045 quatenus
1317 1973 1731 2046 imperat,ncnhabeatccm·

182 2063 261 2120 iuter
279 2065 362 2134 haec,
382 2081 472 2136 quam
483 2064 563 2121 inter
576 2063 627 2121 illa
643 2064 850 2138 intercipiatur
869 2083 934 2137 spa-

184 2153 268 2210 tium.
286 2155 369 2210 Haec
388 2154 466 2211 enim
479 2155 567 2211 ambo
584 2155 781 2228 appetitiones
801 2163 880 2226 sunt,
900 2155 932 2210 il·

183 2244 281 2300 lorum
301 2245 430 2300 altarum
449 2244 534 2301 ratic.
548 2243 704 2301 Caeterum
716 2243 811 2301 maior
830 2261 933 2301 conso·

183 2332 287 2388 nautia
306 2338 354 2389 est
372 2332 450 2388 inter
462 2331 614 2389 irascibile
625 2339 656 2389 et
668 2332 822 2407 rationale,
843 2335 947 2390 etiam·

184 2421 212 2478 si
229 2422 326 2478 maius
345 2422 423 2478 inter
441 2423 514 2478 haec
533 2423 573 2478 sit
592 2423 732 2496 spatium,
748 2442 838 2495 quam
856 2424 933 2481 inter

185 2511 381 2586 cupiditatem
400 2512 525 2582 stiram,
539 2511 618 2568 inter
636 2530 711 2585 quas
730 2513 829 2571 minus
847 2514 933 2571 inter·

185 2603 258 2660 cidit
276 2603 422 2677 spatium
441 2609 477 2660 ut
495 2603 574 2660 enim
588 2603 759 2662 dictumest
775 2605 866 2678 prius,
881 2606 936 2662 ira·

184 2691 287 2749 scibile
305 2693 403 2764 magis
425 2710 494 2749 cnm
520 2692 636 2750 ratione
661 2693 820 2767 conspirat,
840 2713 931 2767 quam

184 2801 250 2838 cum
270 2781 446 2856 cupiditate:
466 2801 533 2839 cum
551 2791 688 2857 pugnant
706 2784 784 2842 inter
804 2803 836 2842 se
856 2785 933 2842 ratic

183 2879 214 2930 at
233 2871 390 2946 cupiditas
410 2871 490 2928 unde
509 2872 577 2945 plus
603 2873 719 2946 rationi,
739 2891 830 2946 quam
854 2877 934 2950 cupi-

185 2961 280 3029 ditati,
300 2961 346 3018 ira
359 2961 499 3033 concinit;
514 2967 554 3016 άιά
568 2966 655 3014 πασῶν
669 2970 772 3020 autem
789 2981 826 3020 ex
845 2965 937 3021 omni.

184 3053 241 3108 bns
261 3053 454 3110 consonantia
473 3053 594 3110 suavior
613 3060 643 3110 et
668 3055 771 3126 purior
795 3055 932 3128 caeteris,

186 3147 222 3196 ut
237 3141 438 3214 Pythagoreis
456 3148 503 3198 est
515 3141 622 3214 visum,
635 3142 806 3216 percipitur.
819 3143 934 3216 Quippe

187 3249 278 3304 quum
296 3233 371 3288 baec
385 3231 538 3288 sclainter
550 3249 653 3288 omnes
666 3232 723 3288 hoc
741 3232 853 3289 habeat
870 3252 934 3306 pro·

186 3323 296 3397 prium,
319 3323 398 3396 quod
415 3322 556 3380 Timaeus
581 3322 693 3396 inquit,
715 3330 750 3380 ut
775 3330 933 3380 acutorum

186 3420 287 3471 motus
305 3421 475 3486 temperans
495 3412 635 3485 gravium
652 3429 741 3470 sonos
760 3414 935 3488 complecta-

187 3508 243 3574 tur,
264 3508 296 3560 et
312 3501 488 3576 principium
500 3501 552 3557 fini
571 3502 686 3574 iungat,
699 3520 851 3574 unumque
870 3505 934 3560 red·

188 3592 240 3650 dat
252 3611 367 3660 sonum,
382 3593 494 3650 sensim
507 3593 545 3648 ab
558 3599 645 3650 acuto
658 3593 689 3649 in
700 3611 823 3664 gravem
833 3593 933 3651 finien-

187 3690 257 3740 tem.
270 3684 339 3742 Scla
349 3683 444 3756 igitur
454 3701 491 3740 ex
501 3681 639 3740 omnibns
651 3683 854 3740 consonantiis
866 3701 933 3740 cum

186 3772 263 3830 hanc
274 3772 451 3845 dignitatem
461 3771 601 3842 obtineat,
613 3771 752 3828 decenter
762 3772 859 3830 anime
870 3791 934 3846 par·

186 3864 261 3922 tium
274 3863 423 3921 communi
437 3861 611 3919 concordiae
625 3863 776 3934 tribuitur,
790 3879 866 3934 qnae
879 3880 934 3936 per

187 3973 289 4012 omnes
307 3954 459 4028 pertinens
472 3959 503 4010 et
519 3959 659 4010 contenta
677 3953 798 4026 parteis,
819 3957 849 4010 ct
868 3971 935 4010 con·

188 4045 315 4118 iungens
333 4051 433 4102 motus
445 4044 601 4102 inferiores
614 4045 825 4118 superioribus,
847 4051 877 4102 et
895 4043 934 4101 ad

187 4137 295 4192 horum
308 4135 492 4193 sublationes
507 4134 626 4191 illorum
639 4133 854 4192 submissiones
868 4152 934 4190 con·

188 4226 298 4295 ferens,
308 4224 431 4298 pulchre
443 4241 535 4280 unam
548 4241 586 4280 ex
597 4222 689 4280 variis
703 4223 733 4279 in
747 4222 846 4280 anima
859 4241 935 4280 ccm-

189 4316 272 4390 pcnit
289 4316 386 4373 vitam
403 4321 485 4372 certa
502 4313 627 4371 ratione.

227 4405 298 4464 (iss.
317 4405 419 4478 XII2).
441 4405 524 4471 Quod
544 4404 682 4462 Socrates
707 4405 936 4475 temperantiam

985 2081 1113 2134 munem,
1124 2063 1178 2120 sed
1187 2063 1336 2137 propriam
1349 2063 1570 2120 fortitudinem:
1583 2063 1632 2120 bic
1645 2062 1731 2119 nobis

985 2171 1064 2209 nunc
1082 2152 1178 2209 nodus
1192 2151 1392 2225 explicandus.
1407 2153 1463 2210 Est
1482 2153 1583 2225 igitur,
1603 2159 1639 2210 ιιι
1658 2152 1730 2210 dixi·

986 2241 1099 2314 mnam
1109 2241 1254 2311 confesso,
1262 2242 1402 2299 maiorem
1413 2260 1479 2299 esse
1491 2243 1729 2300 convenientiam

985 2335 1064 2390 inter
1081 2332 1231 2390 irascibile
1250 2339 1281 2390 et
1299 2333 1452 2404 rationale,
1467 2351 1556 2407 quam
1568 2333 1649 2390 inter
1668 2353 1732 2391 con·

987 2424 1159 2498 cupiscibile
1179 2429 1210 2480 et
1227 2423 1384 2481 irascibile.
1398 2423 1542 2491 Quamvis
1561 2432 1663 2482 autem
1681 2444 1732 2499 pu·

987 2520 1099 2586 gnante
1112 2513 1226 2569 ratione
1236 2531 1303 2569 cum
1315 2512 1486 2586 cupiditate,
1497 2511 1645 2570 irascibile
1658 2532 1731 2570 nun·

987 2620 1076 2675 quam
1095 2603 1197 2661 faveat
1210 2602 1439 2676 concupiscibili,
1455 2602 1486 2659 id
1500 2609 1603 2660 tamen
1614 2603 1649 2660 fit
1666 2622 1729 2676 pro·

986 2699 1053 2767 pter
1066 2692 1236 2767 cupiditatis
1256 2692 1459 2767 pervicaciam,
1474 2692 1510 2750 ob
1524 2711 1613 2766 quam
1631 2712 1731 2767 saepe·

986 2801 1110 2840 numero
1130 2788 1233 2838 contra
1254 2781 1448 2854 cupiditatem
1467 2782 1613 2839 rationem
1632 2791 1732 2840 contu·

987 2873 1109 2930 macitar
1119 2873 1164 2930 ira
1174 2873 1312 2941 concitat,
1324 2891 1383 2930 non
1393 2879 1512 2946 propter
1525 2873 1732 2945 cognationem

988 2963 1118 3035 aliquam
1130 2968 1255 3018 naturae
1265 2979 1333 3018 cum
1341 2961 1456 3018 ratione
1467 2967 1653 3019 contractam.
1666 2964 1732 3032 Quo

987 3054 1073 3124 circa,
1085 3059 1233 3124 quatenus
1247 3051 1367 3108 subdita
1377 3057 1432 3123 est,
1442 3070 1628 3109 communem
1640 3053 1732 3109 babet

988 3161 1055 3200 cum
1075 3141 1238 3215 cupiditate
1258 3140 1416 3211 virtatem
1430 3147 1577 3214 quatenus
1590 3157 1661 3198 vero
1680 3128 1736 3198 imss

987 3237 1085 3306 perat,
1104 3249 1163 3287 non
1189 3231 1281 3287 babet
1305 3249 1372 3286 cum
1397 3231 1512 3287 ratione
1539 3249 1732 3288 communem.

986 3322 1094 3378 Modus
1108 3321 1185 3378 enim
1198 3320 1315 3394 imperii
1328 3321 1422 3394 ipsius
1436 3321 1600 3380 strationis
1614 3323 1733 3395 penitus

987 3411 1138 3478 diversus3
1152 3411 1229 3467 ratio
1242 3410 1320 3466 enim
1335 3409 1457 3468 subdita
1467 3429 1521 3468 suo
1533 3412 1665 3487 imperio,
1679 3413 1733 3485 pri·

986 3520 1068 3558 mum
1086 3500 1145 3558 sibi
1160 3501 1287 3574 imperat
1300 3507 1330 3557 et
1343 3519 1375 3558 se
1388 3501 1484 3576 ipsam
1497 3508 1566 3558 ants
1580 3502 1639 3558 alia
1658 3521 1733 3559 com·

986 3592 1077 3666 ponit,
1097 3609 1150 3648 nec
1163 3609 1251 3648 suum
1268 3592 1432 3665 appetitum
1450 3594 1588 3650 aberrare
1608 3592 1687 3662 sinit,
1701 3599 1732 3650 et

986 3683 1058 3740 ferri
1076 3683 1106 3740 in
1126 3682 1271 3740 deterius:
1285 3701 1353 3738 mox
1366 3683 1490 3739 aliarum
1504 3682 1632 3757 partium
1653 3703 1671 3739 a
1688 3701 1732 3739 ra

986 3771 1076 3843 tione,
1087 3770 1200 3828 alienos
1210 3771 1362 3845 appetitus
1372 3771 1545 3844 comprimit,
1555 3779 1585 3827 st
1595 3772 1633 3828 ad
1644 3790 1732 3830 suum

986 3861 1129 3918 iudicium
1146 3867 1177 3918 et
1189 3867 1296 3918 nutum
1309 3869 1439 3918 revocat
1459 3862 1612 3920 Irascibile
1631 3867 1732 3920 autem

986 3971 1045 4009 non
1059 3951 1116 4008 sibi
1127 3951 1261 4024 imperat,
1275 3950 1330 4008 sed
1342 3950 1428 4025 quasi
1440 3951 1478 4007 de
1491 3951 1562 4008 sede
1579 3951 1732 4025 superiore

986 4039 1121 4097 inferiori
1139 4058 1175 4097 ac
1193 4039 1332 4096 deteriori
1358 4040 1515 4114 cupiditati
1534 4040 1632 4097 solum
1650 4058 1732 4096 man·

988 4131 1058 4186 data
1077 4129 1181 4201 defert,
1201 4148 1234 4187 se
1253 4130 1351 4203 ipsum
1365 4137 1465 4187 autem
1481 4149 1587 4204 regere
1605 4148 1664 4186 non
1682 4149 1733 4204 po·

987 4227 1055 4292 test,
1075 4227 1129 4277 aut
1147 4221 1263 4291 ducere,
1276 4227 1329 4277 aut
1342 4221 1380 4278 ad
1392 4221 1474 4279 viam
1493 4239 1643 4298 rovocare,
1665 4239 1732 4278 cum

988 4316 1089 4368 careat
1106 4309 1230 4367 ratione.

1024 4401 1096 4458 (tan.
1109 4399 1203 4457 XIIII
1212 4401 1244 4472 ⁴).
1258 4401 1303 4457 De
1315 4401 1485 4471 differentia
1498 4403 1524 4458 ct
1534 4400 1733 4458 convenientia

190 4497 414 4553 consonantiam
424 4496 595 4566 appellavit,
603 4497 629 4550 et
638 4495 675 4550 de
685 4495 842 4550 taetitia-
850 4493 936 4550 Nunc
983 4493 1131 4563 partiam.
1148 4522 1186 4534 -
1202 4489 1290 4556 Quod
1314 4497 1415 4547 autem
1440 4491 1482 4548 ita
1505 4489 1629 4564 propius
1652 4489 1733 4562 cupi-

189 4603 244 4659 per
261 4583 480 4656 digressionem
498 4581 769 4640 demonstravimus
788 4580 935 4653 quomodo
989 4581 1083 4652 ditati,
1098 4598 1186 4654 qnam
1199 4579 1315 4653 rationi,
1330 4587 1473 4654 quantum
1486 4581 1523 4637 ad
1540 4586 1683 4636 naturam
1691 4587 1732 4634 at·

191 4677 328 4734 Socrates
347 4672 574 4748 temperantiam
587 4671 812 4729 consonantiam
830 4676 871 4724 ca
886 4692 936 4723 πει-
989 4673 1073 4744 tinet,
1081 4671 1212 4744 accedat,
1226 4689 1263 4727 ex
1272 4671 1337 4743 ipso
1347 4676 1530 4744 compertum
1539 4677 1587 4728 est
1596 4672 1730 4728 Platone.

191 4769 240 4820 σῶν
259 4764 388 4824 vocarit:
408 4781 475 4820 cum
487 4768 589 4821 autem
604 4761 763 4835 prudentia
775 4761 873 4818 virtus
892 4779 936 4818 so
987 4763 1064 4820 Illae
1076 4762 1156 4820 enim
1165 4779 1204 4820 ex
1213 4762 1327 4820 eisdem
1340 4769 1412 4820 sunt
1422 4763 1589 4831 elementis,
1603 4761 1681 4819 ratio
1695 4779 1732 4818 ex

190 4856 253 4912 lum
273 4855 313 4914 sit
329 4853 514 4929 imperantis,
533 4852 733 4927 temperantia
750 4857 851 4909 autam
870 4852 936 4910 sub·
988 4852 1076 4923 longe
1096 4851 1239 4922 diversis;
1256 4851 1325 4908 illae
1344 4851 1486 4910 mortales
1501 4855 1600 4908 ortum
1612 4857 1643 4907 et
1659 4850 1732 4906 inte-

190 4945 271 5004 ditaa
297 4944 399 5018 partis,
418 4944 564 5002 fortitudo
589 4949 620 5000 et
646 4941 844 5015 temperantia
869 4941 935 4998 eius
989 4941 1080 4998 ritum
1098 4940 1216 5013 habent,
1230 4940 1305 4998 haec
1323 4941 1513 5014 immortalis;
1531 4940 1603 4998 illas
1621 4938 1731 4996 iudicio

228 5215 249 5288 ¹)
268 5213 330 5271 non
350 5214 404 5270 120
421 5213 515 5285 initio,
536 5213 728 5270 ciconinum
751 5212 936 5285 diagramma
1026 5213 1050 5287 ²)
1068 5211 1131 5268 Fcl.
1152 5211 1205 5265 120
1222 5216 1250 5266 r.
1271 5213 1357 5262 Ταῦτα
1376 5215 1420 5280 μάν
1440 5206 1478 5263 cis
1497 5205 1674 5279 περεξιάημεν.

192 5324 219 5378 p.
237 5305 292 5362 238
304 5311 451 5376 exactum,
464 5305 608 5379 opusculo
621 5305 735 5362 Veneto
748 5304 874 5362 necdum
891 5321 936 5361 re·
1026 5303 1110 5376 ³)1b.
1131 5303 1223 5355 'Earini
1243 5301 1265 5354 δ’
1285 5305 1314 5352 ἄν
1334 5321 1367 5360 τις
1388 5302 1520 5361 ἐπιστάσας
1541 5301 1672 5362 ζητήσειεν.

194 5403 288 5470 cepto.
1026 5394 1049 5466 ⁴)
1061 5393 1124 5449 Fol.
1138 5393 1269 5446 121.“0n
1282 5395 1306 5444 di
1320 5395 1394 5460 tupi:
1409 5391 1525 5463 ἐπιθυμίᾳ
1539 5391 1731 5463 συγγενέστερον.

335 5505 430 5562 Auen.
450 5520 477 5572 v,
496 5506 539 5560 21.
