4022 6072
770 461 934 532 aduersas
952 458 1185 533 Muaiclracoa
1715 472 1750 527 ⁵5

209 629 324 706 θήσεως
337 629 370 714 ’)’
385 632 422 695 τό
439 623 539 697 ἐνδέον
563 632 637 720 πρός
661 631 720 704 τὴν
739 629 881 702 αἴσθησιν
908 629 950 719 μὴ

209 740 349 830 ἄγοντος.

256 954 375 1018 Αὐτίκα
393 945 543 1043 βάρόαροι
557 954 668 1042 γυμνοί
685 975 721 1016 τε
737 952 775 1016 τό
787 950 881 1016 πλέον
897 961 952 1015 τοῦ

210 1061 355 1150 σώματος
372 1053 534 1152 διάγοντες
557 1062 610 1126 καί
635 1058 819 1152 ἀστροτοι’)
844 1058 954 1123 καθεό-

210 1161 317 1245 δοντες
334 1171 387 1234 καί
403 1174 526 1260 λυγροῖς
536 1167 561 1253 ³)
578 1160 725 1258 ἐδέσμασι
744 1161 954 1256 διαιτώμενοι,

210 1279 266 1341 οὐκ
281 1277 454 1365 ἠνέσχοντο
478 1275 608 1340 πώποτε
625 1279 809 1340 καταλιπεῖν
827 1271 887 1344 τὴν
904 1273 954 1361 ρί-

209 1389 268 1457 λην
294 1375 428 1460 δίαιταν,
446 1389 485 1458 ὡς
504 1375 554 1447 διά
578 1393 635 1458 τῆς
661 1381 821 1456 συνηθείας
847 1382 883 1446 τὸ
908 1385 955 1444 ἑν-

209 1485 277 1558 δέον
295 1495 392 1567 αὐτῆς
411 1492 453 1580 μὴ
473 1490 675 1580 καθορῶντες,
690 1494 811 1579 μᾶλλον
832 1481 864 1554 δὲ
880 1487 955 1552 τοιό-

208 1625 268 1671 την
286 1591 367 1688 μηδὲ
383 1601 555 1675 ἀπολιπεῖν,
569 1595 627 1662 οἷοί
642 1621 678 1662 τε
695 1598 781 1674 όντες
799 1597 817 1668 ἢ
837 1595 953 1660 θάττιν

209 1711 262 1799 μὲν
281 1705 332 1774 οὖν
349 1709 403 1773 καί
418 1707 456 1774 τό
480 1709 626 1798 ὑγιαίνειν
644 1708 860 1771 καταλίποιεν·
879 1703 954 1768 θᾶτ-

207 1843 262 1883 τον
280 1809 313 1884 δὲ
329 1817 365 1882 ἀν
382 1817 435 1880 καί
448 1817 485 1880 τό
501 1817 574 1905 πρός
589 1812 738 1904 κρνμνοὺς
754 1813 773 1886 ἢ
792 1813 845 1876 καί
860 1816 954 1884 ἡλια-

207 1929 266 1998 κὴν
298 1928 402 2017 φλόγα
433 1935 589 2015 καρτερεῖν
621 1923 876 1996 ἀποκτήσαιντο·
901 1921 954 1984 καὶ

208 2033 281 2122 πρός
304 2057 340 2123 γε
363 2034 400 2096 τό
425 2026 482 2110 ζῆν
506 2032 560 2094 καί
583 2022 681 2104 ηδίως
704 2023 772 2106 ζῆν,
798 2019 896 2103 οὐδεὶς
921 2017 954 2091 δὲ

209 2135 330 2219 oetan
351 2146 458 2207 πλεῖον
482 2141 549 2228 ἔχει
573 2138 656 2202 κατά
672 2139 726 2201 τόν
752 2139 828 2221 βίον,
853 2137 954 2200 κοιναὶ

210 2252 263 2341 μὲν
280 2245 331 2316 οὖν
355 2260 454 2314 πᾶσαι
471 2253 501 2311 αἱ
518 2247 644 2336 φυσικαί
668 2237 885 2318 διαναπαόσεις
901 2295 908 2310 .
924 2295 952 2310 ..

254 2363 288 2421 Ei
304 2349 337 2422 δέ
353 2383 401 2432 τις
419 2357 499 2444 εὕροι
517 2355 552 2419 ἀν
570 2353 641 2429 τοὺς
656 2353 709 2440 μὲν
725 2349 852 2425 ἀπαθεῖς
866 2349 953 2438 φύσει

207 2474 269 2529 τῶν
296 2463 475 2553 ἀνθρώπων,
493 2461 563 2537 τοὺς
582 2453 615 2526 δὲ
639 2459 785 2550 ἐμπαθεῖς
802 2457 870 2522 καθ’
889 2457 953 2521 ἕτε-

209 2597 257 2663 ρον
276 2569 380 2660 ψυχήν
397 2595 433 2635 τε
449 2571 502 2634 καί
519 2579 620 2657 σῶμα,
638 2567 778 2642 καὶτοὺς
797 2565 868 2629 ἄνευ
886 2589 956 2653 τρο·

206 2691 265 2767 φῆς
284 2671 505 2760 διαζῶνταςθ),
522 2675 592 2750 τοὺς
610 2665 642 2740 δὲ
660 2666 711 2738 tit.
727 2684 843 2763 τροφῆς
861 2672 880 2744 ἢ
899 2672 953 2736 καὶ

206 2784 278 2862 τοὺς
303 2785 357 2873 μὲν
376 2774 594 2857 ἀνεπιδέκτους
612 2782 732 2856 κακίας,
750 2779 821 2854 τοὺς
837 2770 870 2844 δὲ
887 2771 954 2843 δεκ-

206 2893 320 2969 τικοθς·
337 2895 385 2956 ἔτι
410 2890 463 2979 μὲν
489 2889 560 2964 τοὺς
585 2887 640 2976 μὲν
665 2887 807 2967 θνητοὺς,
824 2886 895 2961 τοὺς
920 2877 953 2951 δὲ

208 3001 390 3078 ἀθανάτους,
404 3004 507 3074 καλῶς
525 2997 560 3062 ἀν
578 3002 593 3061 ὁ
612 3007 750 3070 τοιοῦτος
768 2989 899 3072 ἀταξίαν
916 3018 952 3059 τε

207 3111 261 3176 καὶ
279 3111 453 3180 ἀνισότητα
471 3107 613 3170 κάτειποι
632 3115 687 3179 τῆς
706 3097 895 3185 διοικήσεως,
913 3109 952 3177 ῶς

208 3216 427 3307 ἀποκληρώσει
444 3241 504 3278 τινι
522 3217 642 3302 μᾶλλον
660 3210 679 3284 ἦ
698 3213 783 3300 λόγῳ
801 3221 855 3274 τοῦ
873 3217 952 3274 Θεοῦ

207 3327 248 3392 τά
265 3325 330 3392 καθ
351 3331 435 3413 ημᾶς
454 3315 649 3396 διοικοῦντος·
669 3311 745 3384 εἰδὲ
769 3319 881 3406 τρόπος
898 3318 952 3406 μὲν

205 3435 221 3495 ό
246 3432 339 3506 αὐτὸς
363 3440 427 3503 τοῖς
451 3437 528 3492 πᾶσι
548 3425 706 3517 γενέσεως,
724 3425 781 3512 μία
798 3416 831 3487 δὲ
855 3423 908 3487 καί
931 3430 949 3496 ἡ

205 3537 286 3611 αὐτὴ
308 3549 366 3612 της
379 3537 526 3625 ρόσεωςή
546 3532 718 3622 ἀνατρορά,
731 3542 794 3595 τῶν
809 3523 841 3596 δὲ
858 3534 953 3620 ἀναγ-

205 3648 317 3722 καίων,
343 3639 383 3709 ὧν
409 3645 481 3708 ἄνευ
507 3638 640 3725 ζῆσαιῦ)
668 3633 838 3720 ἀδόνατον,
864 3637 950 3708 κοινὴ

204 3767 269 3831 τοῖς
294 3765 387 3818 πᾶσιν
412 3749 456 3840 ’ep'
474 3754 542 3826 ἴσης
559 3751 705 3840 χορηγία,
725 3749 812 3823 τέλος
833 3739 866 3812 δὲ
889 3757 951 3812 τῶν

206 3863 353 3928 ἁπάντων
368 3863 398 3926 ἕν
412 3883 448 3924 τε
465 3860 518 3922 καί
536 3859 627 3945 μόνον
646 3867 702 3932 τῆς
721 3857 866 3930 ἰσότητος
879 3857 952 3943 πρός

208 3973 305 4058 ἄκραν
330 3961 487 4058 ἀκρίθειαν
506 3971 536 4030 ὲν
552 3975 628 4028 πᾶσι
644 3962 876 4053 ραινομένης,ἣ
898 3988 953 4027 τν-

207 4079 281 4166 ρλδς
304 4080 466 4153 παντελῶς
498 4079 514 4138 ό
545 4065 724 4138 διαθάλλων
754 4077 795 4147 εἰς
819 4065 951 4147 ἀταξίαν

206 4195 261 4250 τοῦ
285 4191 365 4248 Θεοῦ
389 4183 448 4252 τάν
475 4181 634 4272 Πρόνοιαν,
651 4180 670 4252 ἢ
689 4179 807 4269 ἐχθροῖς
833 4181 952 4268 ὄμμασι

206 4289 345 4380 καθορῶν
362 4289 404 4353 τά
419 4289 605 4379 πράγματα,
622 4288 674 4350 καί
690 4288 807 4361 ἥκιστα
827 4285 953 4350 πιστεό-

205 4397 293 4464 εσθαι
313 4389 439 4472 δίκαιος·
458 4400 484 4462 εἰ
500 4394 559 4484 γάρ
573 4385 726 4484 μηδαμῶς
739 4395 772 4479 ⁰),
786 4399 805 4466 ἡ
821 4385 952 4482 διαιρορά

205 4506 267 4578 τὴν
285 4498 417 4582 ἀταξίαν
431 4506 506 4592 ἔχει,
523 4505 560 4567 τό
578 4503 705 4591 κόσμον
723 4511 779 4578 τοῖς
796 4505 952 4578 ποικιλίας

204 4614 336 4701 τεχνίτῃ
363 4634 399 4701 γε
415 4611 563 4698 πανσόρῳ
579 4611 649 4673 λίαν
668 4609 836 4696 ἁρμόττον,
855 4613 870 4670 ό
892 4628 954 4671 τοι·

203 4729 292 4793 οὕτος
318 4709 492 4782 διαόάλλει.
513 4717 572 4782 Καὶ
588 4718 702 4806 προίων
726 4708 881 4794 κακιζέτω
899 4714 951 4778 καί

243 5007 264 5081 ¹)
274 5005 347 5062 Edd.
359 5005 474 5062 addunt
484 5003 582 5062 minus
593 5011 674 5078 apte:
688 5003 877 5076 ἀμαυρουμένην
888 5007 951 5076 μηδὲ

206 5100 284 5148 ἄλλον
304 5101 346 5149 τοῦ
366 5095 493 5156 ίλιίττοιος
514 5102 556 5147 καί
575 5098 661 5148 τούτου
681 5099 722 5148 διὰ
742 5098 873 5155 συνηθείας.

240 5185 266 5258 ²)
285 5184 354 5242 (lad.
375 5190 482 5256 ἄτρωτοι
499 5183 634 5256 primum,
654 5201 727 5238 corr.
746 5185 776 5239 in
796 5201 889 5254 marg.

240 5276 264 5350 ³)
283 5275 318 5332 In
338 5293 431 5347 marg.
452 5273 581 5344 ἐπιπόνοις,
602 5279 697 5334 κακοῖς.

1008 653 1101 698 uerno
1123 633 1208 717 quod
1231 633 1303 718 plus
1327 637 1386 715 est,
1409 635 1536 717 sentiat,
1554 635 1594 701 ob
1618 657 1751 707 cousue-

1008 739 1149 805 tudinem
1173 763 1255 825 quae
1280 764 1373 808 sensu
1404 764 1465 807 non
1498 743 1636 828 percipit
1667 743 1751 828 quod

1007 849 1103 914 deest.

1054 955 1136 1021 Hinc
1148 955 1287 1038 barbari,
1300 956 1383 1040 quod
1397 957 1498 1040 majus
1514 962 1573 1039 est,
1585 958 1670 1024 nudo
1686 981 1753 1025 cor·

1009 1079 1087 1141 pore
1100 1061 1197 1126 vitam
1211 1061 1363 1146 degentes
1378 1067 1411 1128 ct
1423 1064 1489 1129 sine
1502 1063 1648 1150 stragula
1663 1071 1751 1131 veste

1009 1168 1177 1250 cubantes,
1203 1175 1236 1236 et
1264 1173 1384 1255 asperis
1407 1174 1601 1239 indumentis
1622 1175 1671 1239 nti
1700 1195 1751 1240 so·

1008 1273 1069 1354 liti,
1093 1299 1255 1361 nunquam
1279 1283 1466 1362 paterentur
1480 1285 1518 1346 ut
1534 1281 1751 1366 relinquerent

1009 1385 1135 1466 gratam
1158 1384 1284 1449 vivendi
1299 1385 1466 1464 rationem,
1482 1392 1520 1452 ut
1540 1386 1594 1470 qui
1618 1391 1751 1471 propter

1009 1491 1268 1556 consuetudinem
1291 1491 1367 1576 quid
1390 1493 1435 1558 eis
1457 1494 1547 1574 desit,
1569 1516 1634 1560 nou
1656 1493 1751 1560 intel-

1008 1597 1125 1681 ligunt,
1145 1599 1243 1665 immo
1266 1600 1322 1684 qui
1346 1623 1409 1666 uon
1432 1607 1566 1686 possunt
1589 1603 1673 1668 hunc
1696 1602 1752 1667 de·

1009 1726 1121 1785 serere,
1146 1728 1182 1771 ac
1205 1707 1312 1789 potius
1335 1712 1423 1774 recte
1440 1707 1544 1774 valere
1567 1708 1750 1774 desinerent

1008 1817 1041 1878 et
1065 1813 1197 1878 mallent
1219 1813 1342 1899 frigora
1365 1815 1415 1880 vel
1434 1815 1510 1881 solis
1532 1817 1679 1882 arderem
1702 1820 1752 1882 to-

1008 1919 1128 2000 lerare3
1153 1926 1250 2010 atque
1267 1922 1306 1987 ad
1322 1922 1421 1988 vitam
1437 1923 1623 2008 degendam,
1647 1930 1680 1990 et
1699 1924 1752 2008 ju·

1008 2028 1108 2094 eunde
1132 2029 1313 2111 vivendam,
1338 2053 1431 2097 nemo
1454 2031 1527 2115 plus
1550 2054 1646 2116 quam
1669 2032 1751 2097 alius

1007 2137 1106 2202 habet
1119 2138 1151 2201 in
1164 2137 1239 2204 vita.
1254 2137 1440 2205 Communia
1455 2144 1531 2205 sunt
1546 2141 1661 2219 omnia,
1680 2141 1751 2223 qni·

1009 2245 1067 2309 bus
1090 2267 1128 2309 ex
1151 2250 1267 2311 natura
1290 2269 1489 2313 recreamur.
1505 2297 1535 2313 ..

1052 2351 1086 2418 Si
1102 2355 1172 2438 quis
1185 2354 1324 2437 reperire
1337 2360 1443 2439 posset
1459 2355 1538 2421 alios
1552 2356 1677 2440 quidem
1691 2356 1750 2422 ho-

1008 2461 1118 2542 mines,
1129 2466 1244 2526 natura
1256 2469 1401 2546 expertes
1413 2464 1594 2547 passionum
1608 2468 1674 2529 tam
1687 2465 1752 2530 ani·

1008 2591 1078 2634 mse
1101 2591 1197 2654 quarn
1227 2571 1385 2654 corporis,
1409 2571 1488 2637 alios
1518 2594 1581 2638 non
1612 2572 1748 2651 liberos;

1007 2699 1116 2742 rursus
1140 2677 1219 2744 alios
1243 2679 1311 2745 sine
1331 2679 1401 2744 cibo
1416 2678 1569 2760 viventes,
1586 2680 1669 2748 alios
1693 2703 1750 2746 au·

1007 2788 1074 2848 tem
1097 2806 1168 2851 cum
1193 2785 1273 2872 cibo,
1298 2786 1492 2870 quinimmo
1516 2787 1594 2852 alios
1617 2787 1673 2871 qui
1696 2810 1761 2865 ιτε-Ι

1007 2892 1142 2975 quitiam
1165 2893 1323 2978 suscipere
1339 2916 1401 2960 non
1426 2899 1569 2979 possunt,
1592 2894 1671 2961 alios
1694 2895 1750 2979 qui

1007 3004 1146 3082 possent,
1172 3005 1228 3066 aut
1251 3001 1330 3068 alios
1347 3002 1508 3083 mortales,
1525 3001 1668 3086 aliosque
1691 3003 1751 3068 irn-

1007 3109 1170 3189 mcrtales,
1188 3113 1272 3174 recte
1296 3109 1355 3174 iste
1373 3110 1536 3175 turbatam
1553 3115 1585 3174 et
1601 3111 1751 3195 inaequa-

1007 3214 1070 3280 lem
1093 3219 1239 3300 carperet
1263 3216 1537 3300 gubernationem,
1560 3217 1651 3301 quasi
1674 3240 1750 3283 casu

1007 3323 1141 3390 fortuito
1153 3323 1255 3408 magis
1267 3345 1363 3407 quam
1375 3324 1497 3388 ratione
1515 3323 1601 3389 Deus
1614 3346 1662 3388 res
1678 3346 1751 3389 nos·

1007 3433 1074 3502 tras
1099 3434 1293 3512 procuraret.
1319 3429 1379 3495 Sed
1410 3430 1436 3494 si
1467 3430 1549 3496 idem
1583 3430 1694 3495 modus
1717 3431 1756 3494 in'

1006 3541 1080 3602 ortu
1096 3539 1247 3618 omniurn,
1264 3559 1327 3602 una
1342 3537 1512 3620 eademqne
1529 3541 1660 3603 naturae
1677 3538 1751 3603 edu·

1007 3642 1090 3708 catio
1107 3649 1140 3708 et
1156 3664 1266 3707 corum
1282 3664 1362 3726 quae
1377 3643 1553 3708 necessaria
1574 3647 1659 3726 sunt,
1683 3644 1750 3710 sine

1007 3752 1121 3834 quibus
1144 3751 1210 3816 rita
1233 3750 1305 3834 degi
1337 3772 1401 3816 non
1424 3755 1551 3834 potest,
1574 3750 1751 3817 eommunis

1006 3862 1055 3922 est
1077 3857 1224 3922 omnibus
1246 3879 1285 3922 ex
1307 3878 1408 3941 aequo
1425 3855 1572 3941 largitio:
1598 3858 1670 3922 finis
1694 3880 1751 3924 eu·

1006 3970 1071 4031 tem
1095 3965 1236 4030 omnium
1259 3987 1340 4030 unus
1363 3968 1397 4030 et
1415 3964 1510 4047 solus,
1527 3987 1626 4049 quum
1651 3988 1751 4050 appe-

1007 4077 1077 4137 rcat
1100 4094 1224 4137 summa
1246 4072 1422 4156 aequalitas
1448 4073 1480 4137 in
1513 4073 1674 4153 omnibus,
1698 4072 1751 4137 rel

1007 4204 1117 4248 coecus
1139 4204 1269 4266 prorsus
1292 4185 1340 4246 est
1363 4182 1418 4266 qui
1435 4181 1494 4246 Dei
1514 4180 1749 4246 Providentiam

1007 4292 1170 4372 tamquam
1182 4287 1264 4352 male
1277 4287 1455 4353 ordinatam
1472 4292 1609 4367 accusat,
1623 4287 1674 4352 vel
1689 4286 1751 4351 ini·

1007 4395 1096 4462 micis
1120 4394 1219 4460 oculis
1235 4416 1285 4459 res
1300 4394 1488 4470 considerat,
1505 4417 1542 4460 ae
1556 4417 1595 4459 ne
1619 4393 1750 4458 minima

1007 4502 1134 4586 quidem
1150 4500 1212 4566 fide
1228 4500 1343 4586 dignus
1360 4505 1418 4566 est.
1436 4500 1564 4566 Etenim
1581 4501 1607 4565 si
1624 4504 1749 4583 pertur-

1006 4609 1094 4673 batio
1117 4607 1205 4672 nulla
1231 4608 1264 4671 in
1295 4607 1448 4673 varietate
1478 4607 1576 4685 inest,
1600 4607 1750 4671 decorum

1008 4716 1179 4795 varietatis,
1203 4716 1287 4799 quod
1310 4716 1485 4800 sapientem
1503 4715 1657 4780 artificem
1683 4736 1750 4778 ma·

1041 5004 1064 5075 ι)
1084 4999 1153 5058 cod.
1174 5000 1318 5062 διαζῶντες.

1041 5094 1063 5167 e)
1082 5093 1153 5150 cod,
1171 5092 1279 5153 ιόξῆσαι.

1042 5185 1063 5256 ῦ)
1083 5186 1207 5254 μηδαμῶς
1227 5181 1256 5236 in
1277 5179 1339 5236 cod.
1360 5197 1452 5250 marg.
