3978 6070
580 543 662 617 Diis
680 543 752 616 loca
771 547 801 613 et
819 546 969 632 tempora
987 541 1091 614 simul
1108 541 1300 632 conspicua.
1666 557 1718 614 123

170 711 402 798 πλεονάζουσαν
427 705 461 782 δὲ
484 714 568 782 κατά
584 715 638 780 τόν
657 714 764 802 θυμόν.
784 753 824 762 -
837 712 924 789 Ἴσως
942 702 975 777 δὲ
991 711 1027 776 ἀν
1045 739 1092 789 τις
1109 714 1307 804 ἀπορήσειεν,
1322 725 1387 792 πῶς
1404 729 1463 795 τῆς
1482 719 1543 784 ἀπό
1569 720 1716 814 γενέσεως

169 828 221 893 ἐπί
244 826 361 920 γένεσιν
385 823 735 917 προαποκαταστάσεως
759 833 822 888 τῶν
847 819 953 912 ψυχῶν
977 822 1088 898 τελέας
1103 820 1139 906 ¹),
1162 827 1328 913 χιλιοστῆς
1345 829 1438 904 ούσης
1453 831 1588 919 πορείας,
1613 835 1628 894 6
1654 841 1717 896 τῶν

170 935 336 1025 θεαμάτων
361 935 480 1000 τούτων
506 933 640 1026 ἅγγελος
667 925 739 998 ἰδεῖν
764 956 857 1023 φησιν
880 930 941 1005 τήν
965 930 1098 1021 Ὀρφέως
1122 927 1236 1022 ψυχήν,
1254 934 1308 998 καί
1331 933 1390 1006 τήν
1418 938 1559 1015 Αἴαντος,
1584 939 1638 1004 καί
1661 941 1718 1018 τάς

170 1045 268 1120 ἀλλας
285 1049 326 1120 εἰς
342 1044 460 1136 γένεσιν
478 1043 656 1134 ἐρχομένοις,
671 1037 717 1117 αῖς
731 1046 787 1106 οῦκ
798 1035 862 1117 ἶσος
875 1035 914 1114 ήν
927 1039 1036 1130 χρόνος
1049 1049 1105 1103 τοῦ
1120 1063 1156 1104 τε
1169 1043 1320 1131 παρόντος
1340 1045 1407 1128 βίου
1421 1044 1474 1109 καί
1487 1057 1541 1112 τοῦ
1557 1051 1718 1139 προτέρου,

130 1182 142 1218 ε
171 1153 225 1217 καί
247 1155 325 1228 ὅλως
350 1141 494 1240 ούδεμιάς
517 1153 682 1239 χιλιοστῆς
696 1149 732 1230 ²),
755 1159 859 1212 ταῦτα
882 1144 941 1237 γάρ
961 1148 1066 1213 οὐκέτι
1082 1148 1275 1238 συγκλώθειν
1292 1151 1347 1217 τόν
1364 1177 1401 1218 τε
1418 1164 1480 1219 τῶν
1504 1158 1614 1246 χιλίων
1639 1163 1717 1224 ἐτῶν

171 1260 312 1352 ἀριθμόν,
335 1260 389 1324 καί
411 1255 511 1348 ψυχάς
535 1257 592 1332 τάς
617 1255 659 1347 μδ
687 1256 753 1344 ἅμα
779 1248 963 1340 βεύιωκυίας
979 1262 1021 1332 εἰς
1039 1249 1187 1349 δευτέραν
1204 1259 1322 1350 γένεσιν
1347 1260 1433 1352 ἄγειν
1458 1265 1641 1355 όμόχρονον,
1665 1268 1719 1331 καί

171 1368 364 1461 συγκλήρους
387 1377 496 1435 ποιεῖν,
521 1366 625 1456 Ἡμεῖς
650 1365 705 1453 μέν
730 1357 781 1429 ούν
799 1363 853 1428 καί
869 1365 923 1428 τόν
941 1375 999 1440 τῆς
1015 1357 1159 1454 χιλιάδος
1176 1367 1315 1458 ἀριθμόν,
1334 1369 1415 1446 ὅπως
1432 1371 1554 1436 ἀκούειν
1572 1364 1619 1438 δεῖ
1642 1399 1720 1464 συμ-

170 1471 313 1554 ύολικῶς,
337 1477 390 1540 καὶ
413 1474 455 1541 τά
479 1474 621 1563 ὀνόματα
645 1483 709 1538 τῶν
732 1478 874 1564 ἡρωϊκῶν
898 1471 1006 1563 ψυχῶν
1029 1477 1228 1566 προείπομεν,
1245 1479 1298 1542 καὶ
1322 1478 1407 1544 κατά
1430 1480 1549 1558 ταύτας
1573 1482 1630 1560 τάς
1653 1487 1720 1550 ἐπι-

171 1579 267 1662 ύολάς
282 1587 306 1672 ⁸)
329 1576 416 1650 οὐδέν
441 1587 523 1650 ἐστιν
548 1583 697 1649 ἐναντίον·
722 1583 805 1671 εἴπερ
830 1586 845 1645 6
871 1581 926 1672 μέν
951 1573 1029 1660 εἶδός
1046 1609 1078 1649 τι
1095 1579 1176 1664 ζωῆς
1194 1577 1288 1658 δηλοῖ
1306 1579 1495 1677 περιοδικῆς,
1521 1589 1562 1656 τά
1587 1583 1621 1656 δέ
1646 1595 1720 1676 βίων

115 1721 141 1758 ιι
172 1686 317 1785 διαφοράς
334 1695 448 1782 ὁμοίων
466 1693 595 1768 ἐκείναις
611 1701 680 1767 ταῖς
697 1687 820 1780 ψυχαῖς,
840 1690 910 1755 ἀλλΙ
927 1694 982 1757 ούκ
999 1691 1096 1768 αύτάς
1113 1696 1240 1771 ἐκείνας,
1258 1687 1329 1760 οὐδὲ
1346 1696 1570 1786 μαθηματικόν
1591 1699 1720 1791 ἀριθμόν

170 1802 225 1868 τόν
249 1806 348 1892 χιλια.
373 1809 426 1868 Δεῖ
448 1793 481 1867 δέ
505 1801 588 1890 μήτε
611 1799 672 1872 τήν
695 1809 759 1864 τῶν
781 1799 841 1889 πρό
866 1805 954 1888 ήμῶν
977 1825 1060 1878 τινος
1084 1795 1234 1875 ἐπιύυλήν
1262 1803 1510 1895 ἀποκρύψασθαι,
1535 1809 1717 1899 Ναυμάχιον

170 1911 254 2003 λέγω
278 1912 333 1977 τόν
357 1909 563 1999 Ἠπειρώτην,
587 1904 621 1974 ού
644 1909 698 1973 καὶ
721 1908 869 1999 πρότερον
901 1908 1060 1998 ἐμνήσθην
1074 1909 1110 1997 ⁴),
1136 1909 1192 1988 τάς
1219 1914 1353 2003 ἱστορίας
1385 1914 1628 2005 παρατιθέμενος
1656 1928 1719 1984 τῶν

172 2023 339 2106 ἀναβίωσιν
363 2023 510 2113 ἐχόντων,
534 2019 569 2098 ἀς
593 2021 707 2093 ἐκεῖνος
730 2015 820 2107 ἥθροι

172 2241 196 2306 f.
223 2242 285 2308 174
313 2240 374 2325 [σεν
389 2238 424 2324 5)·
449 2239 520 2330 περί
543 2234 602 2330 γάρ
628 2227 709 2300 δυεῖν
732 2225 968 2324 προόλημάτων
993 2238 1035 2308 εἰς
1060 2224 1150 2300 τόνδὲ
1173 2236 1228 2301 τόν
1254 2235 1349 2327 μῦθον
1371 2238 1464 2328 μόνον
1490 2233 1618 2326 βιόλίων
1643 2267 1720 2336 συγ-

119 2367 145 2404 ιε
172 2346 367 2440 γραψάμενος
380 2349 449 2439 περί
461 2372 497 2413 τε
513 2357 571 2422 τῆς
592 2336 799 2431 [ἀναόιώσεως
813 2341 866 2406 καί
878 2342 959 2433 περί)
978 2352 1034 2407 τοῦ
1051 2367 1127 2432 πρ..
1140 2346 1278 2431 .λατος],
1295 2347 1461 2437 εἰρημένην
1479 2351 1620 2440 ἀπορίαν,
1640 2346 1722 2431 ἀξιοῖ

177 2459 261 2550 [πρός
279 2449 421 2546 δεύτερον
439 2457 597 2542 ἀπαντῶν]
615 2454 670 2518 τόν
688 2452 822 2544 ἄγγελον
839 2461 903 2516 τῶν
921 2449 1088 2540 θεαμάτων
1102 2451 1222 2518 τούτων
1236 2452 1392 2546 θειοτέραν
1406 2453 1624 2547 ἀλλαξάμενον
1638 2454 1721 2540 ζωήν

172 2576 230 2640 τῆς
248 2564 328 2654 μετά
341 2575 397 2630 τοῦ
415 2563 571 2654 σώματος,
585 2563 682 2638 οὕτως
695 2565 768 2652 ὁρᾶν
781 2559 838 2636 τάς
851 2557 952 2650 ψυχάς
964 2559 1021 2636 τάς
1035 2562 1218 2650 αἱρουμένοις
1231 2562 1302 2638 τούς
1320 2565 1414 2650 βίους,
1428 2571 1467 2641 ὡς
1481 2565 1543 2654 06⁶)
1561 2571 1721 2659 κρείττους

171 2680 261 2762 ήμῶν
286 2675 340 2738 τόν
365 2665 523 2764 δαιμόνιον
540 2671 648 2737 τόπον·
667 2671 769 2759 ώσπερ
787 2663 839 2734 ούν
856 2676 884 2734 οἱ
901 2669 962 2734 θεοί
979 2670 1033 2734 καί
1048 2669 1090 2736 τά
1108 2672 1204 2759 μήπω
1220 2672 1362 2763 παρόντα
1379 2674 1433 2737 καί
1457 2679 1568 2764 ὁρῶσιν
1592 2683 1632 2754 ὡς
1656 2671 1719 2753 ήδη

172 2783 325 2872 παρόντα,
350 2782 404 2847 καί
427 2781 469 2846 τά
495 2779 537 2870 μή
564 2780 630 2870 ἅμα
645 2777 724 2846 ὄντα
739 2784 779 2855 ὡς
797 2779 873 2868 ἅμα,
890 2778 997 2844 πάντα
1013 2776 1073 2869 γάρ
1090 2782 1215 2856 ἐκείνοις
1233 2779 1312 2871 ἅμα,
1328 2783 1383 2847 τὀν
1409 2785 1504 2849 αὐτόν
1528 2785 1644 2876 τρόπον
1669 2788 1723 2851 καί

119 2924 146 2962 20
173 2892 228 2956 τόν
244 2885 324 2983 Ἦρα
347 2889 431 2955 κατά
448 2891 485 2955 τό
502 2892 533 2955 ἐν
550 2893 652 2972 ἑαυτῷ
670 2887 759 2966 θεῖον,
775 2886 830 2952 καί
845 2885 902 2963 τάς
920 2889 977 2978 ούχ
994 2887 1060 2977 ἅμα
1078 2888 1246 2965 κατιούσας
1270 2886 1381 2980 ψυχάς,
1399 2895 1439 2967 ώς
1464 2891 1530 2983 ἅμα
1554 2895 1722 2972 κατιούσας

174 2999 310 3066 θεᾶσθαι·
335 2998 488 3074 τοιαύτην
505 2999 564 3090 γάρ
583 2993 660 3063 εἶναι
675 3007 777 3063 πᾶσαν
794 2995 853 3070 τὴν
871 2995 954 3062 θείαν
971 2996 1078 3071 νόησιν
1096 2997 1149 3062 καί
1165 2996 1225 3069 τήν
1242 3003 1273 3064 ἐν
1294 3005 1380 3089 ήμῖν,
1397 3011 1516 3078 ταῦτας
1541 2992 1574 3067 δὲ
1595 3002 1722 3069 θεᾶσθαι

174 3107 227 3174 καί
250 3113 305 3174 ούκ
329 3107 439 3184 ἄλλας,
464 3113 503 3183 ὡς
527 3106 643 3197 ἔχοντά
666 3131 752 3182 τινας
775 3105 844 3195 περὶ
861 3108 963 3169 αὐτῶν
980 3108 1106 3184 ἐννοίας,
1124 3107 1177 3171 καί
1196 3119 1291 3174 τοῦτο
1316 3107 1371 3198 μὲν
1396 3113 1435 3186 ώς
1459 3106 1564 3200 ψυχήν
1588 3111 1721 3202 πάσχειν

174 3219 212 3282 τό
236 3217 286 3307 ἀφ’
312 3211 354 3282 ὧν
378 3217 442 3306 ἔχει
465 3215 525 3287 τήν
550 3215 618 3306 περί
641 3211 748 3303 ψυχῶν
772 3217 877 3288 ἀπλῶς
902 3211 1028 3303 θεωρίαν
1052 3213 1216 3298 ποιεῖσθαι,
1232 3215 1271 3280 τό
1296 3205 1329 3281 δὲ
1352 3220 1392 3291 ὡς
1415 3219 1557 3307 παρόντα
1581 3222 1653 3308 ὁρᾶν
1678 3218 1721 3284 τά

176 3323 218 3413 μή
244 3325 396 3413 παρόντα,
419 3325 473 3388 καί
496 3323 563 3413 ἅμα
576 3319 600 3406 ⁷)
626 3318 667 3386 τά
692 3318 734 3408 μή
761 3319 838 3408 ἅμα,
856 3325 895 3395 ὡς
920 3318 1005 3396 θείως
1029 3324 1223 3410 ἐνεργοῦσαν.
1249 3329 1396 3388 Τοσαῦτα
1421 3323 1476 3412 μέν
1502 3329 1517 3388 6
1541 3324 1722 3413 Ναυμάχιος

121 3460 147 3497 ιε
175 3426 388 3523 ἐξηυπόρησεν
412 3437 452 3509 είς
476 3431 563 3495 λύσιν
587 3439 645 3506 τῆς
669 3426 869 3520 προτεθείσης
894 3431 1031 3518 ἀπορίας.
1049 3429 1104 3496 Διά
1122 3420 1160 3505 δή
1178 3455 1250 3494 τινα
1267 3429 1441 3520 φιλόνεικον
1458 3415 1561 3521 ψυχῆς
1583 3425 1643 3510 έξιν
1669 3431 1722 3496 καί

176 3531 228 3605 διά
245 3539 366 3614 ταύτην
384 3531 572 3630 ἐνδυομένην
588 3543 630 3614 είς
648 3529 791 3626 ἀνδρικόν
808 3535 863 3623 μέν
881 3529 970 3620 ζῶον,
987 3536 1104 3630 ἄλογον
1122 3529 1164 3603 δέ·
1182 3537 1219 3603 τό
1236 3537 1296 3629 γάρ
1314 3539 1485 3628 φιλόνεικον
1502 3543 1722 3631 προσκείμενον

174 3656 221 3729 τῷ
238 3637 371 3737 ἀνδρικῷ
388 3645 556 3712 συνάπτειν
573 3645 647 3737 πρός
665 3647 807 3736 ἀλογίαν.
825 3646 859 3710 Ἡ
875 3636 909 3711 δέ
924 3655 980 3710 τοῦ
994 3646 1229 3738 Ἀγαμέμνονος
1248 3649 1409 3732 βασιλικόν
1434 3648 1489 3738 μέν
1514 3641 1722 3715 ἐπιδιώκουσα

174 3756 347 3820 αἰνίσσεται
372 3755 438 3838 βίον
462 3747 651 3845 ἐξῃρημένον
676 3761 738 3820 τῶν
761 3756 899 3831 πολλῶν,
922 3763 1063 3830 τοιοῦτος
1078 3751 1138 3846 γάρ
1156 3757 1171 3818 6
1190 3754 1346 3839 βασιλεύς,
1367 3747 1418 3820 διά
1443 3746 1476 3822 δὲ
1498 3755 1596 3834 πάθος
1619 3757 1721 3848 ἕτερον

176 3874 263 3952 μῖσος
279 3863 354 3953 πρός
379 3861 556 3952 ἀνθρώπους
580 3867 620 3939 εἰς
638 3864 729 3929 ἀετόν
747 3858 1017 3955 μετοικιζομένην.
1034 3865 1114 3941 Δίῖος
1130 3862 1189 3955 γάρ
1207 3865 1261 3929 καὶ
1277 3868 1292 3928 6
1310 3864 1413 3949 ἀετός,
1430 3864 1484 3929 καί
1500 3867 1531 3930 ἐν
1547 3862 1614 3954 ύψει
1629 3866 1723 3931 πετό-

119 4000 147 4038 so
175 3996 265 4061 μενος
290 3971 343 4037 καί
369 3971 542 4056 βασιλεύων
565 3980 627 4035 τῶν
651 3981 791 4055 πτηνῶν,
804 3971 900 4064 λόγου
915 3965 948 4038 δέ
965 3972 1099 4064 ἄμοιρος·
1119 3965 1164 4038 διὸ
1180 3974 1255 4065 πρὸς
1272 3975 1310 4040 τό
1330 3975 1435 4064 όμυιον
1460 3979 1479 4047 ή
1507 3965 1614 4040 τοιάδε
1637 3971 1720 4064 ψυχή

174 4090 319 4171 χωροῦσα
343 4081 398 4144 τόν
423 4083 514 4144 ἀετοῦ
540 4081 606 4164 βίον
631 4079 829 4146 ἀλλάττεται
852 4081 906 4146 καί

175 4299 199 4365 f.
227 4299 290 4362 174
313 4319 363 4362 v.:
389 4295 513 4361 ...ἀπό
537 4295 682 4387 γυναικός
708 4300 748 4372 είς
773 4294 1015 4368 ἀθλητικὸν...
1041 4286 1159 4385 ἀνδρός,
1184 4294 1238 4359 καί
1261 4292 1321 4386 γάρ
1345 4297 1375 4360 ἐν
1399 4289 1538 4387 γυναιξίν
1562 4290 1640 4361 ούσα
1662 4295 1723 4368 τὴν

176 4394 323 4493 ἀνδρικήν
347 4394 497 4469 ἐπεδίωκε
521 4397 615 4486 ζωήν,
636 4408 652 4468 6
677 4393 711 4468 δέ
735 4403 795 4468 ἀπὸ
820 4393 927 4494 ἀνδρὸς
951 4408 992 4480 είς
1016 4411 1190 4496 γυναικεῖον
1214 4403 1372 4492 τεχνικόν·
1396 4403 1449 4468 καί
1472 4403 1531 4495 γάρ
1557 4409 1598 4481 είς
1623 4396 1720 4495 ἄνδρα

176 4514 288 4586 τελῶν,
312 4512 455 4601 τεχνικὸς
481 4511 535 4602 μέν
560 4508 616 4598 ήν,
641 4513 672 4589 ός
696 4535 733 4606 με
758 4512 810 4576 καί
834 4512 888 4576 τόν
921 4515 1012 4578 ίππον
1037 4511 1233 4600 ἐτεχνήσατο
1257 4511 1290 4577 όν
1305 4509 1329 4595 ⁸)
1356 4513 1476 4589 Ἐπειὸς
1500 4515 1643 4586 ἐποίησεν
1668 4512 1721 4576 σύν

122 4641 149 4678 νε
178 4618 308 4707 Ἀθήνη,
332 4614 413 4698 ζωῆς
438 4610 472 4686 δὲ
496 4613 641 4711 ἀνδρικῆς
665 4621 801 4711 ἄμοιρος,
818 4623 850 4698 ός
867 4645 904 4713 γε
922 4622 975 4686 καί
991 4619 1083 4710 φησίν
1100 4619 1119 4692 ή
1139 4623 1197 4710 ούχ
1212 4621 1279 4697 ἅλις
1302 4623 1373 4686 ὅττι
1398 4619 1504 4710 μάχης
1528 4611 1719 4708 ἐπιδεύομαι·

179 4727 298 4815 μέτεισι
321 4731 424 4794 τοίνυν
450 4734 490 4805 είς
514 4730 551 4794 τό
575 4741 744 4822 προσῆκον,
767 4737 786 4805 ν)
814 4730 869 4819 μέν
894 4735 934 4807 είς
959 4729 1018 4802 τήν
1043 4719 1236 4819 ἀνδρωνῖτιν,
1253 4734 1269 4793 6
1287 4721 1320 4796 δέ
1344 4735 1385 4806 είς
1408 4728 1468 4803 τήν
1493 4739 1719 4820 γυναικωνῖτιν·

177 4838 230 4902 καί
254 4839 337 4904 ἐστιν
354 4849 457 4904 ταῦτα
474 4833 555 4920 ζωῆς
575 4831 640 4913 είδη
667 4839 751 4905 κατά
770 4838 829 4915 τήν
848 4838 1041 4930 ἀνθρωπίνην
1058 4833 1152 4917 ζωήν,
1171 4839 1233 4903 ἀνω
1249 4840 1357 4905 τεκαὶ
1380 4837 1468 4904 κάτω
1493 4830 1720 4906 διαόάλλοντα.

215 5128 237 5201 ¹)
255 5129 291 5184 A.
310 5127 431 5181 τιλίσασι.
1012 5125 1035 5198 ⁵)
1053 5123 1128 5180 Inde
1149 5123 1245 5179 multa
1262 5122 1301 5179 M.
1322 5138 1378 5179 om.

214 5218 237 5290 ²)
256 5219 295 5272 M.
315 5221 514 5285 0111.χιλιοστι”.ς
534 5233 628 5289 usque
648 5215 686 5273 ad
704 5220 797 5286 χιλίων.
1012 5216 1035 5287 ⁸)
1053 5215 1092 5268 M.
1113 5230 1168 5269 om.
1190 5216 1219 5264 τί.

213 5308 237 5380 ³)
256 5310 292 5362 A.
311 5304 451 5368 ἐπιύουλάς.
1012 5305 1035 5376 ⁷)
1054 5305 1089 5359 A.
1108 5302 1128 5358 f.
1149 5303 1209 5358 110.

213 5397 235 5469 ⁴)
255 5395 298 5453 Of.
318 5413 408 5468 supra
426 5413 453 5469 p.
474 5395 516 5465 17,
535 5393 579 5448 33.
1011 5399 1032 5468 ⁸)
1052 5395 1087 5451 A.
1108 5397 1170 5456 τούς.
1190 5394 1228 5452 Μ.
1249 5396 1297 5448 τόν.
