<?xml version="1.0" encoding="UTF-8"?>
<!DOCTYPE html PUBLIC "-//W3C//DTD XHTML 1.0 Transitional//EN"
    "http://www.w3.org/TR/xhtml1/DTD/xhtml1-transitional.dtd">
<html xmlns="http://www.w3.org/1999/xhtml" xml:lang="en" lang="en">
 <head>
  <title>
</title>
<meta http-equiv="Content-Type" content="text/html;charset=utf-8" />
  <meta name='ocr-system' content='tesseract 3.04.00' />
  <meta name='ocr-capabilities' content='ocr_page ocr_carea ocr_par ocr_line ocrx_word'/>
</head>
<body>
  <div class='ocr_page' id='page_1' title='image "./analectasacrasp02pitrgoog_0183.png"; bbox 0 0 4022 6072; ppageno 0'>
   <div class='ocr_carea' id='block_1_1' title="bbox 263 492 1126 568">
    <p class='ocr_par' dir='ltr' id='par_1_1' title="bbox 263 492 1126 568">
     <span class='ocr_line' id='line_1_1' title="bbox 263 492 1126 568; baseline 0.012 -10"><span class='ocrx_word' id='word_1_1' title='bbox 263 500 317 558; x_wconf 58' lang='lat'>1&amp;</span> <span class='ocrx_word' id='word_1_2' title='bbox 948 492 1126 568; x_wconf 49' lang='lat' dir='ltr'>lutam</span> 
     </span>
    </p>
   </div>
   <div class='ocr_carea' id='block_1_2' title="bbox 474 665 1622 730">
    <p class='ocr_par' dir='ltr' id='par_1_2' title="bbox 474 665 1622 730">
     <span class='ocr_line' id='line_1_2' title="bbox 474 665 1622 730; baseline 0.003 -6"><span class='ocrx_word' id='word_1_3' title='bbox 474 665 655 724; x_wconf 68' lang='lat' dir='ltr'>curruum</span> <span class='ocrx_word' id='word_1_4' title='bbox 672 665 799 723; x_wconf 82' lang='lat' dir='ltr'>XXXV.</span> <span class='ocrx_word' id='word_1_5' title='bbox 1247 669 1429 729; x_wconf 73' lang='lat' dir='ltr'>osnrroaun</span> <span class='ocrx_word' id='word_1_6' title='bbox 1445 670 1622 730; x_wconf 83' lang='lat' dir='ltr'>XXXVHI.</span> 
     </span>
    </p>
   </div>
   <div class='ocr_carea' id='block_1_3' title="bbox 260 845 1812 2090">
    <p class='ocr_par' dir='ltr' id='par_1_3' title="bbox 260 845 1810 1282">
     <span class='ocr_line' id='line_1_3' title="bbox 296 845 1806 932; baseline 0.007 -28"><span class='ocrx_word' id='word_1_7' title='bbox 296 850 375 905; x_wconf 87' lang='lat' dir='ltr'>Item</span> <span class='ocrx_word' id='word_1_8' title='bbox 388 846 418 926; x_wconf 91' lang='lat' dir='ltr'>in</span> <span class='ocrx_word' id='word_1_9' title='bbox 431 845 542 903; x_wconf 80' lang='lat' dir='ltr'>&#39;Pobiae</span> <span class='ocrx_word' id='word_1_10' title='bbox 555 846 680 919; x_wconf 78' lang='lat' dir='ltr'>prologo</span> <span class='ocrx_word' id='word_1_11' title='bbox 698 847 778 919; x_wconf 90' lang='lat' dir='ltr'>quod</span> <span class='ocrx_word' id='word_1_12' title='bbox 797 868 814 900; x_wconf 72' lang='lat' dir='ltr'>a</span> <span class='ocrx_word' id='word_1_13' title='bbox 824 849 979 920; x_wconf 74' lang='lat' dir='ltr'>aetateque</span> <span class='ocrx_word' id='word_1_14' title='bbox 989 866 1007 900; x_wconf 86' lang='lat'><strong>»</strong></span> <span class='ocrx_word' id='word_1_15' title='bbox 1097 851 1175 907; x_wconf 88' lang='lat' dir='ltr'>Item</span> <span class='ocrx_word' id='word_1_16' title='bbox 1194 850 1273 924; x_wconf 87' lang='lat' dir='ltr'>quod</span> <span class='ocrx_word' id='word_1_17' title='bbox 1291 850 1322 906; x_wconf 91' lang='lat' dir='ltr'>in</span> <span class='ocrx_word' id='word_1_18' title='bbox 1340 850 1464 924; x_wconf 82' lang='lat' dir='ltr'>prologo</span> <span class='ocrx_word' id='word_1_19' title='bbox 1478 870 1567 927; x_wconf 89' lang='lat' dir='ltr'>super</span> <span class='ocrx_word' id='word_1_20' title='bbox 1585 854 1806 932; x_wconf 61' lang='lat' dir='ltr'>Matthaeumr)</span> 
     </span>
     <span class='ocr_line' id='line_1_4' title="bbox 262 935 1809 1014; baseline 0.006 -20"><span class='ocrx_word' id='word_1_21' title='bbox 262 936 394 994; x_wconf 82' lang='lat' dir='ltr'>dicitur»</span> <span class='ocrx_word' id='word_1_22' title='bbox 404 935 441 1006; x_wconf 88' lang='lat'>¹):</span> <span class='ocrx_word' id='word_1_23' title='bbox 452 939 520 992; x_wconf 88' lang='lat' dir='ltr'>cata</span> <span class='ocrx_word' id='word_1_24' title='bbox 529 951 639 1007; x_wconf 56' lang='lat' dir='ltr'>maaca</span> <span class='ocrx_word' id='word_1_25' title='bbox 647 935 836 1008; x_wconf 79' lang='lat' dir='ltr'>praepositio,</span> <span class='ocrx_word' id='word_1_26' title='bbox 847 938 918 1008; x_wconf 82' lang='lat' dir='ltr'>tepo,</span> <span class='ocrx_word' id='word_1_27' title='bbox 927 935 1007 1006; x_wconf 82' lang='lat' dir='ltr'>diao;</span> <span class='ocrx_word' id='word_1_28' title='bbox 1063 940 1171 997; x_wconf 91' lang='lat' dir='ltr'>dicitur</span> <span class='ocrx_word' id='word_1_29' title='bbox 1189 960 1206 994; x_wconf 71' lang='lat' dir='ltr'>a</span> <span class='ocrx_word' id='word_1_30' title='bbox 1216 943 1360 998; x_wconf 76' lang='lat' dir='ltr'>sitarchia</span> <span class='ocrx_word' id='word_1_31' title='bbox 1370 959 1395 1010; x_wconf 80' lang='lat'>»,</span> <span class='ocrx_word' id='word_1_32' title='bbox 1408 943 1480 999; x_wconf 81' lang='lat' dir='ltr'>sitos</span> <span class='ocrx_word' id='word_1_33' title='bbox 1492 960 1600 1014; x_wconf 85' lang='lat' dir='ltr'>graece</span> <span class='ocrx_word' id='word_1_34' title='bbox 1612 943 1746 1002; x_wconf 88' lang='lat' dir='ltr'>triticum</span> <span class='ocrx_word' id='word_1_35' title='bbox 1766 948 1809 1004; x_wconf 91' lang='lat' dir='ltr'>di-</span> 
     </span>
     <span class='ocr_line' id='line_1_5' title="bbox 260 1023 1809 1108; baseline 0.006 -26"><span class='ocrx_word' id='word_1_36' title='bbox 260 1025 341 1082; x_wconf 87' lang='lat' dir='ltr'>unde</span> <span class='ocrx_word' id='word_1_37' title='bbox 361 1027 522 1096; x_wconf 77' lang='lat' dir='ltr'>catateqetn</span> <span class='ocrx_word' id='word_1_38' title='bbox 540 1023 571 1080; x_wconf 92' lang='lat' dir='ltr'>in</span> <span class='ocrx_word' id='word_1_39' title='bbox 590 1023 692 1080; x_wconf 90' lang='lat' dir='ltr'>ordine</span> <span class='ocrx_word' id='word_1_40' title='bbox 711 1023 868 1097; x_wconf 77' lang='lat' dir='ltr'>disponere</span> <span class='ocrx_word' id='word_1_41' title='bbox 886 1026 936 1083; x_wconf 83' lang='lat' dir='ltr'>vel</span> <span class='ocrx_word' id='word_1_42' title='bbox 954 1043 1010 1082; x_wconf 89' lang='lat' dir='ltr'>nu·</span> <span class='ocrx_word' id='word_1_43' title='bbox 1063 1029 1148 1100; x_wconf 89' lang='lat' dir='ltr'>citur,</span> <span class='ocrx_word' id='word_1_44' title='bbox 1166 1029 1245 1102; x_wconf 89' lang='lat' dir='ltr'>quod</span> <span class='ocrx_word' id='word_1_45' title='bbox 1257 1047 1312 1086; x_wconf 92' lang='lat' dir='ltr'>nos</span> <span class='ocrx_word' id='word_1_46' title='bbox 1325 1046 1422 1101; x_wconf 79' lang='lat' dir='ltr'>genus</span> <span class='ocrx_word' id='word_1_47' title='bbox 1436 1037 1622 1090; x_wconf 73' lang='lat' dir='ltr'>coarctantes</span> <span class='ocrx_word' id='word_1_48' title='bbox 1634 1033 1666 1089; x_wconf 94' lang='lat' dir='ltr'>in</span> <span class='ocrx_word' id='word_1_49' title='bbox 1679 1034 1809 1108; x_wconf 89' lang='lat' dir='ltr'>speciem</span> 
     </span>
     <span class='ocr_line' id='line_1_6' title="bbox 261 1112 1810 1187; baseline 0.006 -17"><span class='ocrx_word' id='word_1_50' title='bbox 261 1129 377 1170; x_wconf 88' lang='lat' dir='ltr'>merare</span> <span class='ocrx_word' id='word_1_51' title='bbox 389 1116 458 1170; x_wconf 87' lang='lat' dir='ltr'>cata</span> <span class='ocrx_word' id='word_1_52' title='bbox 470 1113 574 1184; x_wconf 83' lang='lat' dir='ltr'>legens</span> <span class='ocrx_word' id='word_1_53' title='bbox 587 1130 620 1168; x_wconf 89' lang='lat' dir='ltr'>re</span> <span class='ocrx_word' id='word_1_54' title='bbox 639 1112 756 1184; x_wconf 89' lang='lat' dir='ltr'>dicitur,</span> <span class='ocrx_word' id='word_1_55' title='bbox 769 1113 840 1170; x_wconf 91' lang='lat' dir='ltr'>inde</span> <span class='ocrx_word' id='word_1_56' title='bbox 853 1116 1009 1187; x_wconf 77' lang='lat' dir='ltr'>catatopaa</span> <span class='ocrx_word' id='word_1_57' title='bbox 1062 1119 1205 1176; x_wconf 86' lang='lat' dir='ltr'>frumenti</span> <span class='ocrx_word' id='word_1_58' title='bbox 1224 1119 1322 1176; x_wconf 87' lang='lat' dir='ltr'>dicere</span> <span class='ocrx_word' id='word_1_59' title='bbox 1341 1119 1561 1178; x_wconf 86' lang='lat' dir='ltr'>consuevimus.</span> <span class='ocrx_word' id='word_1_60' title='bbox 1580 1123 1665 1181; x_wconf 80' lang='lat' dir='ltr'>Sitoa</span> <span class='ocrx_word' id='word_1_61' title='bbox 1687 1141 1759 1182; x_wconf 88' lang='lat' dir='ltr'>vero</span> <span class='ocrx_word' id='word_1_62' title='bbox 1778 1133 1810 1182; x_wconf 90' lang='lat' dir='ltr'>et</span> 
     </span>
     <span class='ocr_line' id='line_1_7' title="bbox 261 1201 1810 1282; baseline 0.006 -21"><span class='ocrx_word' id='word_1_63' title='bbox 261 1203 358 1261; x_wconf 89' lang='lat' dir='ltr'>idest</span> <span class='ocrx_word' id='word_1_64' title='bbox 378 1201 583 1259; x_wconf 87' lang='lat' dir='ltr'>dinumeratio.</span> <span class='ocrx_word' id='word_1_65' title='bbox 1059 1214 1154 1282; x_wconf 79' lang='lat' dir='ltr'>potare</span> <span class='ocrx_word' id='word_1_66' title='bbox 1172 1215 1279 1266; x_wconf 89' lang='lat' dir='ltr'>neutro</span> <span class='ocrx_word' id='word_1_67' title='bbox 1297 1223 1409 1280; x_wconf 83' lang='lat' dir='ltr'>gonaro</span> <span class='ocrx_word' id='word_1_68' title='bbox 1427 1209 1511 1266; x_wconf 91' lang='lat' dir='ltr'>cibus</span> <span class='ocrx_word' id='word_1_69' title='bbox 1530 1210 1654 1267; x_wconf 90' lang='lat' dir='ltr'>dicitur:</span> <span class='ocrx_word' id='word_1_70' title='bbox 1674 1212 1753 1270; x_wconf 90' lang='lat' dir='ltr'>unde</span> <span class='ocrx_word' id='word_1_71' title='bbox 1771 1217 1810 1271; x_wconf 83' lang='lat' dir='ltr'>si-</span> 
     </span>
    </p>

    <p class='ocr_par' dir='ltr' id='par_1_4' title="bbox 466 1299 1811 1554">
     <span class='ocr_line' id='line_1_8' title="bbox 1064 1299 1811 1373; baseline 0.016 -23"><span class='ocrx_word' id='word_1_72' title='bbox 1064 1304 1145 1358; x_wconf 74' lang='lat' dir='ltr'>teum</span> <span class='ocrx_word' id='word_1_73' title='bbox 1156 1299 1256 1373; x_wconf 76' lang='grc' dir='ltr'>(σιτιῖν)</span> <span class='ocrx_word' id='word_1_74' title='bbox 1269 1299 1348 1356; x_wconf 85' lang='lat' dir='ltr'>alere</span> <span class='ocrx_word' id='word_1_75' title='bbox 1361 1299 1412 1357; x_wconf 88' lang='lat' dir='ltr'>vel</span> <span class='ocrx_word' id='word_1_76' title='bbox 1423 1300 1536 1357; x_wconf 88' lang='lat' dir='ltr'>nutrire</span> <span class='ocrx_word' id='word_1_77' title='bbox 1556 1301 1673 1359; x_wconf 87' lang='lat' dir='ltr'>dicitur.</span> <span class='ocrx_word' id='word_1_78' title='bbox 1688 1304 1767 1361; x_wconf 88' lang='lat' dir='ltr'>Hinc</span> <span class='ocrx_word' id='word_1_79' title='bbox 1779 1311 1811 1362; x_wconf 92' lang='lat' dir='ltr'>et</span> 
     </span>
     <span class='ocr_line' id='line_1_9' title="bbox 466 1381 1811 1465; baseline 0.008 -25"><span class='ocrx_word' id='word_1_80' title='bbox 466 1381 647 1441; x_wconf 63' lang='lat' dir='ltr'>(damnatus</span> <span class='ocrx_word' id='word_1_81' title='bbox 664 1382 808 1441; x_wconf 81' lang='lat' dir='ltr'>XXXVI.</span> <span class='ocrx_word' id='word_1_82' title='bbox 1064 1407 1103 1447; x_wconf 80' lang='lat' dir='ltr'>oa</span> <span class='ocrx_word' id='word_1_83' title='bbox 1125 1393 1283 1447; x_wconf 69' lang='lat' dir='ltr'>tintattOEia</span> <span class='ocrx_word' id='word_1_84' title='bbox 1308 1391 1425 1458; x_wconf 80' lang='grc' dir='ltr'>(σιτευτὰ</span> <span class='ocrx_word' id='word_1_85' title='bbox 1450 1388 1499 1445; x_wconf 85' lang='lat' dir='ltr'>vel</span> <span class='ocrx_word' id='word_1_86' title='bbox 1524 1391 1641 1465; x_wconf 80' lang='grc' dir='ltr'>σιτιστὰ)</span> <span class='ocrx_word' id='word_1_87' title='bbox 1670 1392 1811 1450; x_wconf 71' lang='lat' dir='ltr'>dicuntur</span> 
     </span>
     <span class='ocr_line' id='line_1_10' title="bbox 1065 1480 1811 1554; baseline 0.004 -16"><span class='ocrx_word' id='word_1_88' title='bbox 1065 1498 1182 1554; x_wconf 73' lang='lat' dir='ltr'>graeca</span> <span class='ocrx_word' id='word_1_89' title='bbox 1191 1480 1223 1538; x_wconf 88' lang='lat' dir='ltr'>id</span> <span class='ocrx_word' id='word_1_90' title='bbox 1235 1486 1283 1538; x_wconf 88' lang='lat' dir='ltr'>eet</span> <span class='ocrx_word' id='word_1_91' title='bbox 1295 1480 1401 1538; x_wconf 89' lang='lat' dir='ltr'>altilia.</span> <span class='ocrx_word' id='word_1_92' title='bbox 1412 1481 1568 1554; x_wconf 73' lang='lat' dir='ltr'>Sitarctia,</span> <span class='ocrx_word' id='word_1_93' title='bbox 1580 1483 1639 1541; x_wconf 88' lang='lat' dir='ltr'>cibi</span> <span class='ocrx_word' id='word_1_94' title='bbox 1648 1501 1703 1541; x_wconf 86' lang='lat' dir='ltr'>seu</span> <span class='ocrx_word' id='word_1_95' title='bbox 1713 1485 1811 1542; x_wconf 87' lang='lat' dir='ltr'>victus</span> 
     </span>
    </p>

    <p class='ocr_par' dir='ltr' id='par_1_5' title="bbox 264 1563 1812 2090">
     <span class='ocr_line' id='line_1_11' title="bbox 298 1563 1812 1638; baseline 0.005 -14"><span class='ocrx_word' id='word_1_96' title='bbox 298 1565 377 1620; x_wconf 82' lang='lat' dir='ltr'>Item</span> <span class='ocrx_word' id='word_1_97' title='bbox 396 1563 427 1620; x_wconf 89' lang='lat' dir='ltr'>in</span> <span class='ocrx_word' id='word_1_98' title='bbox 445 1563 557 1622; x_wconf 70' lang='lat' dir='ltr'>Hester</span> <span class='ocrx_word' id='word_1_99' title='bbox 574 1567 633 1621; x_wconf 73' lang='lat' dir='ltr'>«in</span> <span class='ocrx_word' id='word_1_100' title='bbox 651 1566 817 1622; x_wconf 68' lang='lat' dir='ltr'>archiviis»</span> <span class='ocrx_word' id='word_1_101' title='bbox 828 1565 851 1638; x_wconf 80' lang='lat'>²)</span> <span class='ocrx_word' id='word_1_102' title='bbox 871 1568 960 1622; x_wconf 62' lang='lat' dir='ltr'>attha</span> <span class='ocrx_word' id='word_1_103' title='bbox 972 1564 1012 1623; x_wconf 79' lang='lat' dir='ltr'>di·</span> <span class='ocrx_word' id='word_1_104' title='bbox 1066 1571 1252 1630; x_wconf 86' lang='lat' dir='ltr'>sufficientia.</span> <span class='ocrx_word' id='word_1_105' title='bbox 1264 1571 1351 1638; x_wconf 83' lang='lat' dir='ltr'>Quod</span> <span class='ocrx_word' id='word_1_106' title='bbox 1363 1577 1465 1629; x_wconf 86' lang='lat' dir='ltr'>antem</span> <span class='ocrx_word' id='word_1_107' title='bbox 1477 1575 1621 1631; x_wconf 73' lang='lat' dir='ltr'>sitarchia</span> <span class='ocrx_word' id='word_1_108' title='bbox 1633 1573 1734 1631; x_wconf 84' lang='lat' dir='ltr'>victus</span> <span class='ocrx_word' id='word_1_109' title='bbox 1753 1573 1812 1634; x_wconf 84' lang='lat' dir='ltr'>via·</span> 
     </span>
     <span class='ocr_line' id='line_1_12' title="bbox 264 1651 1812 1735; baseline 0.009 -30"><span class='ocrx_word' id='word_1_110' title='bbox 264 1653 343 1710; x_wconf 81' lang='lat' dir='ltr'>uitur</span> <span class='ocrx_word' id='word_1_111' title='bbox 360 1651 480 1709; x_wconf 87' lang='lat' dir='ltr'>initium</span> <span class='ocrx_word' id='word_1_112' title='bbox 501 1653 552 1709; x_wconf 84' lang='lat' dir='ltr'>vel</span> <span class='ocrx_word' id='word_1_113' title='bbox 574 1653 764 1726; x_wconf 65' lang='lat' dir='ltr'>principium</span> <span class='ocrx_word' id='word_1_114' title='bbox 790 1653 870 1710; x_wconf 90' lang='lat' dir='ltr'>unde</span> <span class='ocrx_word' id='word_1_115' title='bbox 894 1659 955 1711; x_wconf 89' lang='lat' dir='ltr'>est:</span> <span class='ocrx_word' id='word_1_116' title='bbox 975 1654 1011 1728; x_wconf 76' lang='lat' dir='ltr'>(ir</span> <span class='ocrx_word' id='word_1_117' title='bbox 1066 1661 1142 1718; x_wconf 90' lang='lat' dir='ltr'>ticos</span> <span class='ocrx_word' id='word_1_118' title='bbox 1161 1661 1285 1732; x_wconf 85' lang='lat' dir='ltr'>dicitur,</span> <span class='ocrx_word' id='word_1_119' title='bbox 1304 1659 1408 1717; x_wconf 90' lang='lat' dir='ltr'>multis</span> <span class='ocrx_word' id='word_1_120' title='bbox 1427 1660 1647 1735; x_wconf 85' lang='lat' dir='ltr'>Scripturarum</span> <span class='ocrx_word' id='word_1_121' title='bbox 1671 1662 1746 1720; x_wconf 88' lang='lat' dir='ltr'>locis</span> <span class='ocrx_word' id='word_1_122' title='bbox 1764 1681 1812 1719; x_wconf 91' lang='lat' dir='ltr'>os·</span> 
     </span>
     <span class='ocr_line' id='line_1_13' title="bbox 265 1744 1812 1822; baseline 0.004 -23"><span class='ocrx_word' id='word_1_123' title='bbox 265 1748 332 1816; x_wconf 79' lang='grc' dir='ltr'>ὰρχῇ</span> <span class='ocrx_word' id='word_1_124' title='bbox 351 1745 464 1800; x_wconf 70' lang='grc' dir='ltr'>ἐποίησιν</span> <span class='ocrx_word' id='word_1_125' title='bbox 485 1747 496 1798; x_wconf 82' lang='lat' dir='ltr'>i</span> <span class='ocrx_word' id='word_1_126' title='bbox 516 1745 589 1819; x_wconf 73' lang='grc' dir='ltr'>Θεὸς)</span> <span class='ocrx_word' id='word_1_127' title='bbox 608 1746 671 1802; x_wconf 75' lang='lat' dir='ltr'>«In</span> <span class='ocrx_word' id='word_1_128' title='bbox 689 1744 833 1818; x_wconf 89' lang='lat' dir='ltr'>principio</span> <span class='ocrx_word' id='word_1_129' title='bbox 852 1746 901 1802; x_wconf 87' lang='lat' dir='ltr'>rel</span> <span class='ocrx_word' id='word_1_130' title='bbox 927 1744 1011 1803; x_wconf 89' lang='lat' dir='ltr'>initio</span> <span class='ocrx_word' id='word_1_131' title='bbox 1066 1750 1212 1822; x_wconf 86' lang='lat' dir='ltr'>tenditur,</span> <span class='ocrx_word' id='word_1_132' title='bbox 1234 1755 1269 1806; x_wconf 88' lang='lat' dir='ltr'>ut</span> <span class='ocrx_word' id='word_1_133' title='bbox 1293 1749 1324 1806; x_wconf 89' lang='lat' dir='ltr'>in</span> <span class='ocrx_word' id='word_1_134' title='bbox 1348 1751 1482 1808; x_wconf 73' lang='lat' dir='ltr'>Samuel:</span> <span class='ocrx_word' id='word_1_135' title='bbox 1506 1749 1627 1809; x_wconf 76' lang='lat' dir='ltr'>«Panis</span> <span class='ocrx_word' id='word_1_136' title='bbox 1649 1749 1759 1808; x_wconf 80' lang='lat' dir='ltr'>deiecit</span> <span class='ocrx_word' id='word_1_137' title='bbox 1779 1749 1812 1806; x_wconf 94' lang='lat' dir='ltr'>in</span> 
     </span>
     <span class='ocr_line' id='line_1_14' title="bbox 265 1834 1415 1913; baseline 0.003 -20"><span class='ocrx_word' id='word_1_138' title='bbox 265 1835 337 1893; x_wconf 83' lang='lat' dir='ltr'>iecit</span> <span class='ocrx_word' id='word_1_139' title='bbox 355 1835 472 1892; x_wconf 83' lang='lat' dir='ltr'>Deus».</span> <span class='ocrx_word' id='word_1_140' title='bbox 491 1834 571 1891; x_wconf 91' lang='lat' dir='ltr'>Hinc</span> <span class='ocrx_word' id='word_1_141' title='bbox 590 1839 714 1894; x_wconf 72' lang='lat' dir='ltr'>arcticos</span> <span class='ocrx_word' id='word_1_142' title='bbox 731 1835 875 1908; x_wconf 81' lang='lat' dir='ltr'>antiquus</span> <span class='ocrx_word' id='word_1_143' title='bbox 895 1835 1012 1909; x_wconf 88' lang='lat' dir='ltr'>dicitur,</span> <span class='ocrx_word' id='word_1_144' title='bbox 1066 1839 1216 1900; x_wconf 72' lang='lat' dir='ltr'>sitarchiis</span> <span class='ocrx_word' id='word_1_145' title='bbox 1235 1840 1415 1913; x_wconf 78' lang='lat' dir='ltr'>nostris»⁴).</span> 
     </span>
     <span class='ocr_line' id='line_1_15' title="bbox 266 1926 1013 2001; baseline 0.001 -17"><span class='ocrx_word' id='word_1_146' title='bbox 266 1931 411 1986; x_wconf 80' lang='lat' dir='ltr'>arctcotis</span> <span class='ocrx_word' id='word_1_147' title='bbox 429 1926 602 2001; x_wconf 84' lang='lat' dir='ltr'>antiquitas.</span> <span class='ocrx_word' id='word_1_148' title='bbox 621 1926 698 1984; x_wconf 89' lang='lat' dir='ltr'>Hinc</span> <span class='ocrx_word' id='word_1_149' title='bbox 713 1929 836 1985; x_wconf 75' lang='lat' dir='ltr'>arction</span> <span class='ocrx_word' id='word_1_150' title='bbox 854 1927 886 1984; x_wconf 93' lang='lat' dir='ltr'>id</span> <span class='ocrx_word' id='word_1_151' title='bbox 904 1935 952 1986; x_wconf 89' lang='lat' dir='ltr'>est</span> <span class='ocrx_word' id='word_1_152' title='bbox 969 1946 1013 1985; x_wconf 87' lang='lat' dir='ltr'>ar·</span> 
     </span>
     <span class='ocr_line' id='line_1_16' title="bbox 264 2015 1475 2090; baseline -0.001 -15"><span class='ocrx_word' id='word_1_153' title='bbox 264 2015 392 2075; x_wconf 84' lang='lat' dir='ltr'>merium</span> <span class='ocrx_word' id='word_1_154' title='bbox 409 2016 441 2074; x_wconf 93' lang='lat' dir='ltr'>in</span> <span class='ocrx_word' id='word_1_155' title='bbox 459 2033 517 2090; x_wconf 91' lang='lat' dir='ltr'>quo</span> <span class='ocrx_word' id='word_1_156' title='bbox 536 2033 586 2074; x_wconf 89' lang='lat' dir='ltr'>res</span> <span class='ocrx_word' id='word_1_157' title='bbox 604 2015 728 2090; x_wconf 87' lang='lat' dir='ltr'>antique</span> <span class='ocrx_word' id='word_1_158' title='bbox 746 2022 893 2075; x_wconf 85' lang='lat' dir='ltr'>servatur.</span> <span class='ocrx_word' id='word_1_159' title='bbox 1406 2051 1475 2064; x_wconf 88' lang='lat'>—-</span> 
     </span>
    </p>
   </div>
   <div class='ocr_carea' id='block_1_4' title="bbox 267 2197 1815 2722">
    <p class='ocr_par' dir='ltr' id='par_1_6' title="bbox 267 2197 1815 2722">
     <span class='ocr_line' id='line_1_17' title="bbox 461 2197 1813 2277; baseline 0.002 -20"><span class='ocrx_word' id='word_1_160' title='bbox 461 2198 641 2257; x_wconf 73' lang='lat' dir='ltr'>Germanou</span> <span class='ocrx_word' id='word_1_161' title='bbox 659 2197 819 2257; x_wconf 84' lang='lat' dir='ltr'>XXXVII.</span> <span class='ocrx_word' id='word_1_162' title='bbox 1102 2204 1187 2262; x_wconf 86' lang='lat' dir='ltr'>Haeo</span> <span class='ocrx_word' id='word_1_163' title='bbox 1205 2209 1278 2262; x_wconf 84' lang='lat' dir='ltr'>sunt</span> <span class='ocrx_word' id='word_1_164' title='bbox 1297 2204 1401 2276; x_wconf 84' lang='lat' dir='ltr'>verba,</span> <span class='ocrx_word' id='word_1_165' title='bbox 1420 2221 1497 2277; x_wconf 87' lang='lat' dir='ltr'>quae</span> <span class='ocrx_word' id='word_1_166' title='bbox 1514 2202 1547 2260; x_wconf 89' lang='lat' dir='ltr'>in</span> <span class='ocrx_word' id='word_1_167' title='bbox 1565 2203 1697 2277; x_wconf 86' lang='lat' dir='ltr'>prologis</span> <span class='ocrx_word' id='word_1_168' title='bbox 1715 2203 1813 2260; x_wconf 88' lang='lat' dir='ltr'>sancti</span> 
     </span>
     <span class='ocr_line' id='line_1_18' title="bbox 1067 2291 1815 2366; baseline -0.003 -16"><span class='ocrx_word' id='word_1_169' title='bbox 1067 2292 1244 2366; x_wconf 81' lang='lat' dir='ltr'>Hieronymi</span> <span class='ocrx_word' id='word_1_170' title='bbox 1256 2291 1451 2365; x_wconf 86' lang='lat' dir='ltr'>reperiuntur,</span> <span class='ocrx_word' id='word_1_171' title='bbox 1466 2293 1503 2349; x_wconf 92' lang='lat' dir='ltr'>de</span> <span class='ocrx_word' id='word_1_172' title='bbox 1515 2291 1626 2364; x_wconf 87' lang='lat' dir='ltr'>quibus</span> <span class='ocrx_word' id='word_1_173' title='bbox 1638 2291 1759 2365; x_wconf 84' lang='lat' dir='ltr'>plurimi</span> <span class='ocrx_word' id='word_1_174' title='bbox 1770 2310 1815 2350; x_wconf 88' lang='lat' dir='ltr'>so·</span> 
     </span>
     <span class='ocr_line' id='line_1_19' title="bbox 301 2377 1815 2458; baseline 0.002 -23"><span class='ocrx_word' id='word_1_175' title='bbox 301 2379 469 2454; x_wconf 82' lang='lat' dir='ltr'>Itamquod</span> <span class='ocrx_word' id='word_1_176' title='bbox 481 2377 526 2436; x_wconf 87' lang='lat' dir='ltr'>ait</span> <span class='ocrx_word' id='word_1_177' title='bbox 537 2382 680 2452; x_wconf 80' lang='lat' dir='ltr'>«sumpto</span> <span class='ocrx_word' id='word_1_178' title='bbox 692 2381 850 2450; x_wconf 77' lang='lat' dir='ltr'>themata»,</span> <span class='ocrx_word' id='word_1_179' title='bbox 864 2382 952 2438; x_wconf 80' lang='lat' dir='ltr'>tlteeis</span> <span class='ocrx_word' id='word_1_180' title='bbox 964 2379 1014 2437; x_wconf 83' lang='lat' dir='ltr'>rel</span> <span class='ocrx_word' id='word_1_181' title='bbox 1068 2383 1132 2439; x_wconf 89' lang='lat' dir='ltr'>lent</span> <span class='ocrx_word' id='word_1_182' title='bbox 1150 2382 1287 2440; x_wconf 88' lang='lat' dir='ltr'>dubitare</span> <span class='ocrx_word' id='word_1_183' title='bbox 1301 2381 1446 2454; x_wconf 86' lang='lat' dir='ltr'>doctores,</span> <span class='ocrx_word' id='word_1_184' title='bbox 1466 2381 1502 2439; x_wconf 90' lang='lat' dir='ltr'>de</span> <span class='ocrx_word' id='word_1_185' title='bbox 1521 2382 1638 2453; x_wconf 87' lang='lat' dir='ltr'>quibus,</span> <span class='ocrx_word' id='word_1_186' title='bbox 1656 2387 1746 2456; x_wconf 88' lang='lat' dir='ltr'>prout</span> <span class='ocrx_word' id='word_1_187' title='bbox 1763 2400 1815 2458; x_wconf 89' lang='lat' dir='ltr'>po·</span> 
     </span>
     <span class='ocr_line' id='line_1_20' title="bbox 267 2468 1750 2548; baseline 0.001 -21"><span class='ocrx_word' id='word_1_188' title='bbox 267 2473 366 2529; x_wconf 76' lang='lat' dir='ltr'>thema</span> <span class='ocrx_word' id='word_1_189' title='bbox 384 2487 492 2544; x_wconf 66' lang='lat' dir='ltr'>gruem</span> <span class='ocrx_word' id='word_1_190' title='bbox 510 2469 619 2528; x_wconf 89' lang='lat' dir='ltr'>dicitur</span> <span class='ocrx_word' id='word_1_191' title='bbox 630 2468 739 2548; x_wconf 77' lang='lat' dir='ltr'>positio</span> <span class='ocrx_word' id='word_1_192' title='bbox 752 2471 900 2545; x_wconf 86' lang='lat' dir='ltr'>cujusque</span> <span class='ocrx_word' id='word_1_193' title='bbox 911 2469 964 2527; x_wconf 89' lang='lat' dir='ltr'>rei.</span> <span class='ocrx_word' id='word_1_194' title='bbox 976 2471 1015 2526; x_wconf 90' lang='lat' dir='ltr'>In</span> <span class='ocrx_word' id='word_1_195' title='bbox 1068 2470 1122 2544; x_wconf 83' lang='lat' dir='ltr'>tui,</span> <span class='ocrx_word' id='word_1_196' title='bbox 1142 2469 1323 2529; x_wconf 85' lang='lat' dir='ltr'>sufficienter</span> <span class='ocrx_word' id='word_1_197' title='bbox 1340 2487 1388 2528; x_wconf 92' lang='lat' dir='ltr'>me</span> <span class='ocrx_word' id='word_1_198' title='bbox 1407 2470 1596 2545; x_wconf 85' lang='lat' dir='ltr'>respondisse</span> <span class='ocrx_word' id='word_1_199' title='bbox 1615 2471 1750 2529; x_wconf 83' lang='lat' dir='ltr'>arbitror.</span> 
     </span>
     <span class='ocr_line' id='line_1_21' title="bbox 267 2557 1016 2632; baseline 0 -18"><span class='ocrx_word' id='word_1_200' title='bbox 267 2558 353 2616; x_wconf 91' lang='lat' dir='ltr'>libris</span> <span class='ocrx_word' id='word_1_201' title='bbox 371 2575 443 2616; x_wconf 82' lang='lat' dir='ltr'>vero</span> <span class='ocrx_word' id='word_1_202' title='bbox 463 2557 571 2616; x_wconf 82' lang='lat' dir='ltr'>diuinis</span> <span class='ocrx_word' id='word_1_203' title='bbox 591 2558 656 2616; x_wconf 89' lang='lat' dir='ltr'>sive</span> <span class='ocrx_word' id='word_1_204' title='bbox 674 2559 801 2632; x_wconf 82' lang='lat' dir='ltr'>paganis</span> <span class='ocrx_word' id='word_1_205' title='bbox 816 2563 948 2616; x_wconf 77' lang='lat' dir='ltr'>themata</span> <span class='ocrx_word' id='word_1_206' title='bbox 966 2576 1016 2614; x_wconf 89' lang='lat' dir='ltr'>vo·</span> 
     </span>
     <span class='ocr_line' id='line_1_22' title="bbox 267 2648 1607 2722; baseline 0.003 -18"><span class='ocrx_word' id='word_1_207' title='bbox 267 2653 374 2706; x_wconf 89' lang='lat' dir='ltr'>cantur</span> <span class='ocrx_word' id='word_1_208' title='bbox 386 2648 524 2722; x_wconf 79' lang='lat' dir='ltr'>singulae</span> <span class='ocrx_word' id='word_1_209' title='bbox 536 2666 638 2706; x_wconf 90' lang='lat' dir='ltr'>rerum</span> <span class='ocrx_word' id='word_1_210' title='bbox 651 2649 804 2720; x_wconf 86' lang='lat' dir='ltr'>stationes,</span> <span class='ocrx_word' id='word_1_211' title='bbox 814 2649 867 2706; x_wconf 92' lang='lat' dir='ltr'>ubi</span> <span class='ocrx_word' id='word_1_212' title='bbox 878 2649 1014 2708; x_wconf 81' lang='lat' dir='ltr'>diversae</span> <span class='ocrx_word' id='word_1_213' title='bbox 1277 2653 1411 2722; x_wconf 72' lang='lat' dir='ltr'>Explicit</span> <span class='ocrx_word' id='word_1_214' title='bbox 1428 2655 1607 2722; x_wconf 81' lang='lat' dir='ltr'>opusculum</span> 
     </span>
    </p>
   </div>
   <div class='ocr_carea' id='block_1_5' title="bbox 267 2736 1687 2974">
    <p class='ocr_par' dir='ltr' id='par_1_7' title="bbox 267 2736 1687 2974">
     <span class='ocr_line' id='line_1_23' title="bbox 267 2736 1687 2816; baseline 0.005 -23"><span class='ocrx_word' id='word_1_215' title='bbox 267 2752 413 2810; x_wconf 85' lang='lat' dir='ltr'>personae</span> <span class='ocrx_word' id='word_1_216' title='bbox 424 2737 647 2810; x_wconf 82' lang='lat' dir='ltr'>loquunturvel</span> <span class='ocrx_word' id='word_1_217' title='bbox 659 2736 796 2794; x_wconf 86' lang='lat' dir='ltr'>diverses</span> <span class='ocrx_word' id='word_1_218' title='bbox 805 2755 854 2794; x_wconf 88' lang='lat' dir='ltr'>res</span> <span class='ocrx_word' id='word_1_219' title='bbox 868 2736 1016 2812; x_wconf 86' lang='lat' dir='ltr'>explican-</span> <span class='ocrx_word' id='word_1_220' title='bbox 1203 2741 1345 2815; x_wconf 64' lang='lat' dir='ltr'>Magistri</span> <span class='ocrx_word' id='word_1_221' title='bbox 1362 2741 1477 2816; x_wconf 80' lang='lat' dir='ltr'>Moysis</span> <span class='ocrx_word' id='word_1_222' title='bbox 1495 2743 1532 2798; x_wconf 84' lang='lat' dir='ltr'>da</span> <span class='ocrx_word' id='word_1_223' title='bbox 1552 2742 1687 2800; x_wconf 67' lang='lat' dir='ltr'>Graecia</span> 
     </span>
     <span class='ocr_line' id='line_1_24' title="bbox 267 2824 1015 2901; baseline 0 -19"><span class='ocrx_word' id='word_1_224' title='bbox 267 2831 326 2896; x_wconf 87' lang='lat' dir='ltr'>tur,</span> <span class='ocrx_word' id='word_1_225' title='bbox 347 2825 426 2884; x_wconf 86' lang='lat' dir='ltr'>sicut</span> <span class='ocrx_word' id='word_1_226' title='bbox 444 2825 525 2898; x_wconf 89' lang='lat' dir='ltr'>apud</span> <span class='ocrx_word' id='word_1_227' title='bbox 543 2824 718 2884; x_wconf 78' lang='lat' dir='ltr'>Terentium</span> <span class='ocrx_word' id='word_1_228' title='bbox 735 2843 790 2901; x_wconf 89' lang='lat' dir='ltr'>per</span> <span class='ocrx_word' id='word_1_229' title='bbox 804 2825 940 2885; x_wconf 64' lang='lat' dir='ltr'>&amp;versas</span> <span class='ocrx_word' id='word_1_230' title='bbox 953 2843 1015 2883; x_wconf 90' lang='lat' dir='ltr'>sce-</span> 
     </span>
     <span class='ocr_line' id='line_1_25' title="bbox 268 2919 494 2974; baseline -0.009 -1"><span class='ocrx_word' id='word_1_231' title='bbox 268 2931 324 2974; x_wconf 84' lang='lat' dir='ltr'>nas</span> <span class='ocrx_word' id='word_1_232' title='bbox 341 2919 494 2973; x_wconf 89' lang='lat' dir='ltr'>notantur.</span> 
     </span>
    </p>
   </div>
   <div class='ocr_carea' id='block_1_6' title="bbox 913 3043 1181 3062">
    <p class='ocr_par' dir='ltr' id='par_1_8' title="bbox 913 3043 1181 3062">
     <span class='ocr_line' id='line_1_26' title="bbox 913 3043 1181 3062; baseline 0.007 -4"><span class='ocrx_word' id='word_1_233' title='bbox 913 3043 1181 3062; x_wconf 58' lang='lat' dir='ltr'>-v--v-——u</span> 
     </span>
    </p>
   </div>
   <div class='ocr_carea' id='block_1_7' title="bbox 353 3377 1642 3535">
    <p class='ocr_par' dir='ltr' id='par_1_9' title="bbox 353 3377 1642 3607">
     <span class='ocr_line' id='line_1_27' title="bbox 353 3377 1642 3535; baseline 0.003 -9"><span class='ocrx_word' id='word_1_234' title='bbox 353 3377 354 3382; x_wconf 5' lang='grc' dir='ltr'><em>Ν</em></span> <span class='ocrx_word' id='word_1_235' title='bbox 449 3391 948 3528; x_wconf 79' lang='lat' dir='ltr'>FASTIDIUS</span> <span class='ocrx_word' id='word_1_236' title='bbox 1004 3397 1642 3535; x_wconf 78' lang='lat' dir='ltr'><strong>BRITANNIOUS</strong></span> 
     </span>
    </p>
   </div>
   <div class='ocr_carea' id='block_1_8' title="bbox 871 3658 1220 3735">
    <p class='ocr_par' dir='ltr' id='par_1_10' title="bbox 871 3658 1220 3735">
     <span class='ocr_line' id='line_1_28' title="bbox 871 3658 1220 3735; baseline 0.003 -1"><span class='ocrx_word' id='word_1_237' title='bbox 871 3658 1220 3735; x_wconf 81' lang='lat' dir='ltr'>EPISCOPUS.</span> 
     </span>
    </p>
   </div>
   <div class='ocr_carea' id='block_1_9' title="bbox 674 4139 1420 4228">
    <p class='ocr_par' dir='ltr' id='par_1_11' title="bbox 674 4139 1420 4228">
     <span class='ocr_line' id='line_1_29' title="bbox 674 4139 1420 4228; baseline 0 -18"><span class='ocrx_word' id='word_1_238' title='bbox 674 4144 800 4227; x_wconf 76' lang='lat' dir='ltr'>Incipit</span> <span class='ocrx_word' id='word_1_239' title='bbox 823 4144 959 4228; x_wconf 78' lang='lat' dir='ltr'>epistota</span> <span class='ocrx_word' id='word_1_240' title='bbox 981 4143 1131 4210; x_wconf 80' lang='lat' dir='ltr'>Fastidit</span> <span class='ocrx_word' id='word_1_241' title='bbox 1153 4143 1199 4210; x_wconf 86' lang='lat' dir='ltr'>ad</span> <span class='ocrx_word' id='word_1_242' title='bbox 1220 4143 1370 4211; x_wconf 85' lang='lat' dir='ltr'>Fatalem</span> <span class='ocrx_word' id='word_1_243' title='bbox 1382 4139 1420 4225; x_wconf 87' lang='lat'>⁵).</span> 
     </span>
    </p>
   </div>
   <div class='ocr_carea' id='block_1_10' title="bbox 274 4356 1824 4876">
    <p class='ocr_par' dir='ltr' id='par_1_12' title="bbox 274 4356 1824 4876">
     <span class='ocr_line' id='line_1_30' title="bbox 318 4356 1815 4446; baseline 0.001 -23"><span class='ocrx_word' id='word_1_244' title='bbox 318 4356 429 4424; x_wconf 79' lang='lat' dir='ltr'>Timeo</span> <span class='ocrx_word' id='word_1_245' title='bbox 452 4361 609 4425; x_wconf 84' lang='lat' dir='ltr'>amatores</span> <span class='ocrx_word' id='word_1_246' title='bbox 632 4359 808 4440; x_wconf 86' lang='lat' dir='ltr'>offendere,</span> <span class='ocrx_word' id='word_1_247' title='bbox 831 4360 887 4425; x_wconf 89' lang='lat' dir='ltr'>sed</span> <span class='ocrx_word' id='word_1_248' title='bbox 909 4359 982 4444; x_wconf 87' lang='lat' dir='ltr'>plus</span> <span class='ocrx_word' id='word_1_249' title='bbox 1004 4359 1103 4425; x_wconf 89' lang='lat' dir='ltr'>timeo</span> <span class='ocrx_word' id='word_1_250' title='bbox 1126 4363 1360 4444; x_wconf 83' lang='lat' dir='ltr'>contemptores</span> <span class='ocrx_word' id='word_1_251' title='bbox 1384 4365 1627 4445; x_wconf 89' lang='lat' dir='ltr'>praeceptorum</span> <span class='ocrx_word' id='word_1_252' title='bbox 1657 4360 1734 4442; x_wconf 85' lang='lat' dir='ltr'>Dei,</span> <span class='ocrx_word' id='word_1_253' title='bbox 1757 4359 1815 4446; x_wconf 90' lang='lat' dir='ltr'>qui</span> 
     </span>
     <span class='ocr_line' id='line_1_31' title="bbox 274 4465 1816 4555; baseline 0.003 -23"><span class='ocrx_word' id='word_1_254' title='bbox 274 4466 407 4532; x_wconf 84' lang='lat' dir='ltr'>verbum</span> <span class='ocrx_word' id='word_1_255' title='bbox 432 4465 490 4531; x_wconf 91' lang='lat' dir='ltr'>Dei</span> <span class='ocrx_word' id='word_1_256' title='bbox 513 4465 622 4532; x_wconf 87' lang='lat' dir='ltr'>audire</span> <span class='ocrx_word' id='word_1_257' title='bbox 644 4466 856 4548; x_wconf 86' lang='lat' dir='ltr'>dissimulant,</span> <span class='ocrx_word' id='word_1_258' title='bbox 880 4466 956 4532; x_wconf 91' lang='lat' dir='ltr'>dum</span> <span class='ocrx_word' id='word_1_259' title='bbox 977 4467 1076 4553; x_wconf 85' lang='lat' dir='ltr'>longo</span> <span class='ocrx_word' id='word_1_260' title='bbox 1098 4469 1281 4534; x_wconf 80' lang='lat' dir='ltr'>vitiositatis</span> <span class='ocrx_word' id='word_1_261' title='bbox 1305 4491 1379 4552; x_wconf 86' lang='lat' dir='ltr'>usu,</span> <span class='ocrx_word' id='word_1_262' title='bbox 1404 4465 1537 4555; x_wconf 71' lang='lat' dir='ltr'>genio⁶t</span> <span class='ocrx_word' id='word_1_263' title='bbox 1560 4469 1658 4536; x_wconf 91' lang='lat' dir='ltr'>moris</span> <span class='ocrx_word' id='word_1_264' title='bbox 1681 4491 1738 4554; x_wconf 86' lang='lat' dir='ltr'>per</span> <span class='ocrx_word' id='word_1_265' title='bbox 1760 4470 1816 4536; x_wconf 86' lang='lat' dir='ltr'>ad·</span> 
     </span>
     <span class='ocr_line' id='line_1_32' title="bbox 274 4573 1820 4662; baseline 0.003 -24"><span class='ocrx_word' id='word_1_266' title='bbox 274 4595 400 4640; x_wconf 82' lang='lat' dir='ltr'>versam</span> <span class='ocrx_word' id='word_1_267' title='bbox 415 4573 677 4640; x_wconf 85' lang='lat' dir='ltr'>consuetudinem</span> <span class='ocrx_word' id='word_1_268' title='bbox 694 4575 848 4659; x_wconf 86' lang='lat' dir='ltr'>corrupti,</span> <span class='ocrx_word' id='word_1_269' title='bbox 865 4573 957 4640; x_wconf 89' lang='lat' dir='ltr'>malis</span> <span class='ocrx_word' id='word_1_270' title='bbox 973 4577 1115 4642; x_wconf 90' lang='lat' dir='ltr'>moribus</span> <span class='ocrx_word' id='word_1_271' title='bbox 1131 4577 1321 4644; x_wconf 89' lang='lat' dir='ltr'>ceciderunt.</span> <span class='ocrx_word' id='word_1_272' title='bbox 1338 4577 1446 4643; x_wconf 83' lang='lat' dir='ltr'>Etiam</span> <span class='ocrx_word' id='word_1_273' title='bbox 1463 4599 1538 4643; x_wconf 88' lang='lat' dir='ltr'>vasa</span> <span class='ocrx_word' id='word_1_274' title='bbox 1553 4578 1649 4662; x_wconf 87' lang='lat' dir='ltr'>plena</span> <span class='ocrx_word' id='word_1_275' title='bbox 1661 4577 1820 4662; x_wconf 87' lang='lat' dir='ltr'>liquorem</span> 
     </span>
     <span class='ocr_line' id='line_1_33' title="bbox 275 4681 1815 4770; baseline 0.001 -21"><span class='ocrx_word' id='word_1_276' title='bbox 275 4683 349 4768; x_wconf 89' lang='lat' dir='ltr'>puri</span> <span class='ocrx_word' id='word_1_277' title='bbox 378 4682 528 4749; x_wconf 89' lang='lat' dir='ltr'>elementi</span> <span class='ocrx_word' id='word_1_278' title='bbox 559 4683 700 4766; x_wconf 89' lang='lat' dir='ltr'>recipere</span> <span class='ocrx_word' id='word_1_279' title='bbox 723 4687 756 4750; x_wconf 88' lang='lat' dir='ltr'>et</span> <span class='ocrx_word' id='word_1_280' title='bbox 786 4683 949 4750; x_wconf 86' lang='lat' dir='ltr'>continere</span> <span class='ocrx_word' id='word_1_281' title='bbox 978 4706 1042 4750; x_wconf 93' lang='lat' dir='ltr'>non</span> <span class='ocrx_word' id='word_1_282' title='bbox 1072 4689 1217 4770; x_wconf 89' lang='lat' dir='ltr'>possunt.</span> <span class='ocrx_word' id='word_1_283' title='bbox 1240 4681 1337 4749; x_wconf 88' lang='lat' dir='ltr'>Modo</span> <span class='ocrx_word' id='word_1_284' title='bbox 1360 4683 1550 4768; x_wconf 78' lang='lat' dir='ltr'>quibusdum</span> <span class='ocrx_word' id='word_1_285' title='bbox 1579 4684 1722 4764; x_wconf 88' lang='lat' dir='ltr'>videtur,</span> <span class='ocrx_word' id='word_1_286' title='bbox 1747 4683 1815 4750; x_wconf 90' lang='lat' dir='ltr'>Deo</span> 
     </span>
     <span class='ocr_line' id='line_1_34' title="bbox 276 4789 1824 4876; baseline 0.001 -22"><span class='ocrx_word' id='word_1_287' title='bbox 276 4789 507 4871; x_wconf 76' lang='lat' dir='ltr'>dissimulante,</span> <span class='ocrx_word' id='word_1_288' title='bbox 531 4810 672 4874; x_wconf 86' lang='lat' dir='ltr'>peccare.</span> <span class='ocrx_word' id='word_1_289' title='bbox 697 4789 760 4856; x_wconf 85' lang='lat' dir='ltr'>Sed</span> <span class='ocrx_word' id='word_1_290' title='bbox 782 4791 843 4856; x_wconf 88' lang='lat' dir='ltr'>erit</span> <span class='ocrx_word' id='word_1_291' title='bbox 866 4789 923 4856; x_wconf 85' lang='lat' dir='ltr'>illa</span> <span class='ocrx_word' id='word_1_292' title='bbox 946 4791 1022 4872; x_wconf 82' lang='lat' dir='ltr'>dies,</span> <span class='ocrx_word' id='word_1_293' title='bbox 1041 4791 1093 4857; x_wconf 91' lang='lat' dir='ltr'>ubi</span> <span class='ocrx_word' id='word_1_294' title='bbox 1110 4790 1197 4857; x_wconf 84' lang='lat' dir='ltr'>fucta</span> <span class='ocrx_word' id='word_1_295' title='bbox 1212 4795 1322 4857; x_wconf 90' lang='lat' dir='ltr'>nostra</span> <span class='ocrx_word' id='word_1_296' title='bbox 1337 4791 1428 4876; x_wconf 88' lang='lat' dir='ltr'>quasi</span> <span class='ocrx_word' id='word_1_297' title='bbox 1444 4791 1556 4858; x_wconf 87' lang='lat' dir='ltr'>tabula</span> <span class='ocrx_word' id='word_1_298' title='bbox 1581 4792 1707 4876; x_wconf 88' lang='lat' dir='ltr'>depicta</span> <span class='ocrx_word' id='word_1_299' title='bbox 1731 4814 1824 4858; x_wconf 91' lang='lat' dir='ltr'>mon·</span> 
     </span>
    </p>
   </div>
   <div class='ocr_carea' id='block_1_11' title="bbox 310 4981 1828 5416">
    <p class='ocr_par' dir='ltr' id='par_1_13' title="bbox 310 4981 1828 5327">
     <span class='ocr_line' id='line_1_35' title="bbox 313 4981 1823 5057; baseline 0.004 -19"><span class='ocrx_word' id='word_1_300' title='bbox 313 4982 334 5055; x_wconf 93' lang='lat'>¹)</span> <span class='ocrx_word' id='word_1_301' title='bbox 353 4981 426 5055; x_wconf 91' lang='lat' dir='ltr'>Opp.</span> <span class='ocrx_word' id='word_1_302' title='bbox 446 4982 534 5040; x_wconf 83' lang='lat' dir='ltr'>Alius</span> <span class='ocrx_word' id='word_1_303' title='bbox 552 4981 624 5039; x_wconf 90' lang='lat' dir='ltr'>alibi</span> <span class='ocrx_word' id='word_1_304' title='bbox 642 4983 832 5054; x_wconf 87' lang='lat' dir='ltr'>quaerendus</span> <span class='ocrx_word' id='word_1_305' title='bbox 852 4983 1008 5057; x_wconf 85' lang='lat' dir='ltr'>prologus.</span> <span class='ocrx_word' id='word_1_306' title='bbox 1081 4989 1242 5057; x_wconf 83' lang='lat' dir='ltr'>pravatur:</span> <span class='ocrx_word' id='word_1_307' title='bbox 1261 4985 1372 5057; x_wconf 81' lang='lat' dir='ltr'>Incipit</span> <span class='ocrx_word' id='word_1_308' title='bbox 1390 4989 1515 5057; x_wconf 78' lang='lat' dir='ltr'>epistota</span> <span class='ocrx_word' id='word_1_309' title='bbox 1532 4988 1644 5043; x_wconf 71' lang='lat' dir='ltr'>Patavi</span> <span class='ocrx_word' id='word_1_310' title='bbox 1659 4987 1701 5042; x_wconf 84' lang='lat' dir='ltr'>ad</span> <span class='ocrx_word' id='word_1_311' title='bbox 1719 4989 1823 5044; x_wconf 79' lang='lat' dir='ltr'>Facta</span> 
     </span>
     <span class='ocr_line' id='line_1_36' title="bbox 311 5071 1828 5144; baseline 0.004 -18"><span class='ocrx_word' id='word_1_312' title='bbox 311 5073 334 5144; x_wconf 87' lang='lat'>²)</span> <span class='ocrx_word' id='word_1_313' title='bbox 352 5071 429 5130; x_wconf 86' lang='lat' dir='ltr'>Ibid.</span> <span class='ocrx_word' id='word_1_314' title='bbox 448 5078 470 5129; x_wconf 77' lang='lat' dir='ltr'>t.</span> <span class='ocrx_word' id='word_1_315' title='bbox 489 5089 530 5144; x_wconf 84' lang='lat' dir='ltr'>rx,</span> <span class='ocrx_word' id='word_1_316' title='bbox 550 5072 604 5128; x_wconf 93' lang='lat' dir='ltr'>ool.</span> <span class='ocrx_word' id='word_1_317' title='bbox 625 5072 704 5128; x_wconf 77' lang='lat'>1433.</span> <span class='ocrx_word' id='word_1_318' title='bbox 1082 5074 1147 5130; x_wconf 80' lang='lat' dir='ltr'>torn.</span> <span class='ocrx_word' id='word_1_319' title='bbox 1166 5072 1245 5140; x_wconf 83' lang='lat' dir='ltr'>Quid</span> <span class='ocrx_word' id='word_1_320' title='bbox 1264 5073 1291 5131; x_wconf 87' lang='lat' dir='ltr'>si</span> <span class='ocrx_word' id='word_1_321' title='bbox 1308 5074 1429 5131; x_wconf 88' lang='lat' dir='ltr'>nomina</span> <span class='ocrx_word' id='word_1_322' title='bbox 1448 5081 1599 5131; x_wconf 88' lang='lat' dir='ltr'>scotorum</span> <span class='ocrx_word' id='word_1_323' title='bbox 1617 5073 1770 5132; x_wconf 83' lang='lat' dir='ltr'>barbarica</span> <span class='ocrx_word' id='word_1_324' title='bbox 1787 5075 1828 5132; x_wconf 85' lang='lat' dir='ltr'>la·</span> 
     </span>
     <span class='ocr_line' id='line_1_37' title="bbox 310 5160 1828 5238; baseline 0.004 -20"><span class='ocrx_word' id='word_1_325' title='bbox 310 5160 335 5235; x_wconf 66' lang='grc'>3)</span> <span class='ocrx_word' id='word_1_326' title='bbox 353 5161 429 5218; x_wconf 79' lang='lat' dir='ltr'>Ibid.</span> <span class='ocrx_word' id='word_1_327' title='bbox 449 5167 470 5218; x_wconf 91' lang='lat' dir='ltr'>t.</span> <span class='ocrx_word' id='word_1_328' title='bbox 490 5178 545 5235; x_wconf 85' lang='lat' dir='ltr'>vn,</span> <span class='ocrx_word' id='word_1_329' title='bbox 564 5163 618 5219; x_wconf 92' lang='lat' dir='ltr'>col.</span> <span class='ocrx_word' id='word_1_330' title='bbox 637 5163 681 5218; x_wconf 83' lang='lat'>20.</span> <span class='ocrx_word' id='word_1_331' title='bbox 1082 5161 1137 5219; x_wconf 91' lang='lat' dir='ltr'>tini</span> <span class='ocrx_word' id='word_1_332' title='bbox 1150 5164 1383 5238; x_wconf 88' lang='lat' dir='ltr'>temperaverint</span> <span class='ocrx_word' id='word_1_333' title='bbox 1394 5164 1425 5222; x_wconf 91' lang='lat' dir='ltr'>iu</span> <span class='ocrx_word' id='word_1_334' title='bbox 1437 5168 1609 5224; x_wconf 78' lang='lat' dir='ltr'>Fastidium</span> <span class='ocrx_word' id='word_1_335' title='bbox 1622 5170 1653 5223; x_wconf 87' lang='lat' dir='ltr'>et</span> <span class='ocrx_word' id='word_1_336' title='bbox 1665 5167 1828 5224; x_wconf 70' lang='lat' dir='ltr'>Fatalem!</span> 
     </span>
     <span class='ocr_line' id='line_1_38' title="bbox 310 5250 1392 5327; baseline 0.003 -20"><span class='ocrx_word' id='word_1_337' title='bbox 310 5250 461 5323; x_wconf 79' lang='lat' dir='ltr'>⁴)1Reg.</span> <span class='ocrx_word' id='word_1_338' title='bbox 481 5268 522 5324; x_wconf 83' lang='lat' dir='ltr'>rx,</span> <span class='ocrx_word' id='word_1_339' title='bbox 541 5251 566 5307; x_wconf 82' lang='grc'>7.</span> <span class='ocrx_word' id='word_1_340' title='bbox 1117 5252 1139 5323; x_wconf 70' lang='lat'>⁶)</span> <span class='ocrx_word' id='word_1_341' title='bbox 1160 5250 1229 5309; x_wconf 76' lang='lat' dir='ltr'>(lod.</span> <span class='ocrx_word' id='word_1_342' title='bbox 1248 5253 1392 5327; x_wconf 68' lang='lat' dir='ltr'>puniunt?</span> 
     </span>
    </p>

    <p class='ocr_par' dir='ltr' id='par_1_14' title="bbox 311 5339 1028 5416">
     <span class='ocr_line' id='line_1_39' title="bbox 311 5339 1028 5416; baseline 0.006 -19"><span class='ocrx_word' id='word_1_343' title='bbox 311 5339 335 5415; x_wconf 75' lang='lat'>⁵)</span> <span class='ocrx_word' id='word_1_344' title='bbox 355 5339 401 5398; x_wconf 75' lang='lat' dir='ltr'>Ex</span> <span class='ocrx_word' id='word_1_345' title='bbox 415 5341 478 5400; x_wconf 88' lang='lat' dir='ltr'>cod.</span> <span class='ocrx_word' id='word_1_346' title='bbox 494 5341 649 5414; x_wconf 85' lang='lat' dir='ltr'>Vossisno,</span> <span class='ocrx_word' id='word_1_347' title='bbox 662 5341 693 5400; x_wconf 93' lang='lat' dir='ltr'>in</span> <span class='ocrx_word' id='word_1_348' title='bbox 710 5357 769 5416; x_wconf 88' lang='lat' dir='ltr'>quo</span> <span class='ocrx_word' id='word_1_349' title='bbox 788 5341 897 5400; x_wconf 89' lang='lat' dir='ltr'>titulus</span> <span class='ocrx_word' id='word_1_350' title='bbox 917 5340 961 5400; x_wconf 88' lang='lat' dir='ltr'>sic</span> <span class='ocrx_word' id='word_1_351' title='bbox 979 5341 1028 5401; x_wconf 90' lang='lat' dir='ltr'>de·</span> 
     </span>
    </p>
   </div>
   <div class='ocr_carea' id='block_1_12' title="bbox 0 0 2036 6068">
    <p class='ocr_par' dir='ltr' id='par_1_15' title="bbox 0 0 2036 6068">
     <span class='ocr_line' id='line_1_40' title="bbox 0 0 2036 6068; baseline 0 0"><span class='ocrx_word' id='word_1_352' title='bbox 0 0 2036 6068; x_wconf 95' lang='lat' dir='ltr'> </span> 
     </span>
    </p>
   </div>
  </div>
 </body>
</html>
