3978 6070
282 521 318 577 96
779 513 919 588 Rectus
937 511 1092 588 Daemon
1112 514 1319 587 animarum.

281 677 482 776 μεταόάσεως
508 685 597 751 εἰκὼν
621 692 640 761 ή
667 675 772 752 τοιάδε
797 678 968 764 διάστασις.
986 693 1022 752 Ei
1045 679 1078 754 δὲ
1102 687 1215 762 θνητοῦ
1235 687 1341 780 γένους
1358 694 1399 766 εἰς
1416 689 1516 778 ἀρχὴν
1541 688 1612 780 άγει
1636 687 1692 766 τάς
1716 687 1829 778 ψυχάς,

280 785 437 885 πρόδηλον
455 800 494 871 ὡς
512 799 546 860 ού
563 794 666 871 πάσης
683 796 767 861 ἐστίν
785 797 965 888 προστάτης
981 809 1040 874 τῆς
1056 789 1201 888 περιόδου
1218 808 1280 863 τῶν
1298 795 1414 888 ψυχῶν,
1432 797 1516 863 ἀλλά
1532 809 1589 876 τῆς
1608 799 1668 863 ἀπὸ
1685 799 1832 888 γενέσεως

280 906 331 971 ἐπί
353 905 482 995 γένεσιν·
505 905 543 970 τὸ
567 905 626 996 γάρ
642 904 667 993 ¹)
694 904 807 980 θνητόν
831 906 884 970 καί
907 906 1123 998 θανατηφόρον
1148 907 1235 997 γένος
1251 919 1346 973 τοῦτο
1363 908 1458 990 ἐστίν,
1475 909 1546 972 όσον
1567 910 1747 997 συμπληροῖ
1767 906 1829 977 τήν

280 1014 410 1106 γένεσιν.
435 1013 558 1086 Θνητδν
583 1012 638 1102 μὲν
663 1007 714 1076 οὖν
739 1014 838 1090 ἔστιν,
862 1018 903 1090 εἰς
928 1013 943 1077 6
968 1013 1108 1078 κάτεισιν
1133 1010 1234 1104 ψυχή·
1258 1013 1472 1106 θανατηφόρος
1498 1007 1531 1079 δὲ
1554 1021 1574 1087 ή
1599 1005 1740 1104 περίοδος
1763 1024 1831 1108 τῶν

240 1143 252 1182 ε
280 1120 387 1212 ψυχῶν
405 1124 518 1200 αὐτῶν,
532 1123 565 1186 ού
583 1120 686 1209 μόνον,
700 1122 766 1186 ἐπεί
782 1122 873 1211 φησίν
891 1120 1098 1212 Ἡράκλειτος,
1113 1121 1245 1198 θάνατος
1262 1119 1408 1211 ψυχαῖσιν
1421 1127 1544 1213 ὑγροῖσι
1556 1121 1699 1214 γενέσθαι
1715 1121 1827 1210 λέγων,

281 1230 364 1296 ἀλλά
388 1230 441 1295 καί
464 1224 483 1318 ᾗ
508 1227 660 1305 πολλάκις
684 1230 776 1306 αύτδς
802 1224 883 1295 εἶπεν
908 1234 924 1294 6
950 1229 1102 1314 Πλάτων,
1126 1224 1184 1309 ζῆν
1207 1236 1291 1319 ήμοῖς
1315 1234 1346 1294 ἑν
1370 1230 1554 1321 τῇγενέσει
1577 1228 1662 1296 κατά
1685 1229 1722 1294 τὀ
1745 1230 1828 1294 πολὺ

280 1351 325 1426 τῷ
350 1339 454 1424 θνητῷ
478 1349 536 1417 τῆς
560 1336 661 1428 ψυχῆς
677 1338 855 1428 ἑπομένους.
872 1345 937 1402 Πᾶν
955 1333 1006 1404 σύν
1024 1341 1061 1404 τ“ο
1079 1339 1191 1413 θνητόν
1209 1330 1325 1414 ἑπιδεὲς
1342 1337 1376 1405 όν
1396 1349 1452 1415 τῆς
1474 1339 1623 1414 τοιαύτης
1648 1333 1729 1418 ζωῆς
1754 1341 1829 1424 (ὑπὸ

280 1447 399 1525 ταύτης
416 1447 477 1539 γάρ
499 1439 688 1526 διασώζεται
705 1449 879 1538 προσεχῶς)
897 1446 1032 1512 θάνατον
1049 1447 1183 1538 ἐπιφέρει
1200 1458 1269 1524 ταῖς
1287 1446 1402 1512 ἀνωθεν
1418 1447 1576 1526 ἡκούσαις,
1593 1447 1646 1512 καί
1663 1438 1713 1511 διά
1732 1457 1829 1512 τοῦτο

280 1557 494 1648 θανατηφόρος
519 1556 602 1622 ἐστὶν
626 1563 645 1632 ή
671 1558 884 1648 γενεσιουργδς
908 1567 970 1622 τῶν
995 1556 1158 1623 ἀθανάτων
1184 1555 1301 1647 ψυχῶν,
1318 1557 1371 1621 καί
1388 1555 1432 1646 ἐφ’
1449 1561 1569 1621 ἑαυτῶν
1594 1555 1736 1619 ἀθάνατα
1762 1551 1831 1618 δια-

280 1666 464 1755 νοουμένων.
488 1665 549 1730 Καὶ
566 1663 627 1753 μήν
645 1663 697 1728 καί
712 1664 768 1740 τάς
786 1661 885 1754 ψυχάς
903 1663 1083 1756 αἱρήσεσθαι
1099 1666 1153 1729 τόν
1170 1655 1303 1752 δαίμονα
1321 1665 1423 1754 φησίν,
1442 1667 1513 1728 ἀλλ’
1532 1665 1602 1753 ούχί
1617 1664 1672 1728 τόν
1694 1654 1829 1750 δαίμονα

280 1769 430 1854 λήξεσθαι
452 1771 509 1850 τάς
533 1772 645 1864 ψυχάς,
669 1777 767 1838 ἐκεῖνο
792 1772 978 1862 θαυμαστῶς
1003 1764 1168 1849 διδάσκων,
1187 1779 1226 1848 ὡς
1245 1772 1304 1862 ἀρα
1320 1777 1345 1838 εἰ
1369 1772 1421 1836 καί
1444 1773 1607 1861 εἰλήχασιν
1632 1778 1660 1836 οἱ
1683 1762 1829 1859 δαίμονες

278 1883 320 1948 τά
345 1875 410 1956 είδη
437 1893 499 1948 τῶν
526 1885 611 1967 βίων,
628 1881 682 1945 καί
699 1881 773 1946 εἰσίν
791 1879 883 1945 ἄλλοι
899 1871 936 1944 δι’
955 1880 1059 1945 ἄλλων
1077 1880 1239 1945 ἐπίσκοποί
1256 1904 1347 1960 τινες,
1365 1878 1494 1969 ἀλλαιῗ)
1519 1883 1574 1945 οὐκ
1599 1872 1828 1972 ἀναγκάζουσιν

280 1990 338 2069 τάς
362 1989 463 2082 ψυχάς
488 1997 529 2068 είς
553 1982 644 2057 τόνδε
668 1990 722 2055 τόν
748 1991 813 2075 βίον
838 2000 949 2080 χωρεῖν
973 1988 992 2063 ή
1018 1990 1131 2080 ἕτερον·
1148 1991 1257 2063 ἀλλ’ή
1284 1990 1405 2054 ἐκείνων
1431 1993 1554 2080 αἵρεσις,
1578 1989 1680 2079 ὥσπερ
1702 1993 1742 2064 εἰς
1760 1990 1828 2074 βίον

281 2101 377 2178 αύτάς
401 2125 472 2166 τινα
495 2099 641 2193 προάγειν

212 2400 215 2404 ,
279 2320 302 2385 f.
323 2321 366 2386 90
383 2343 424 2399 v.‚
442 2320 563 2403 partim
580 2316 733 2383 deficiunt
752 2318 769 2382 7
787 2336 889 2382 versa
909 2312 1020 2406 ...γάρ
1037 2318 1171 2404 αἱρεῖται
1184 2368 1190 2382 .
1203 2367 1228 2381 ..
1244 2325 1300 2379 τοῦ
1319 2316 1385 2398 βίου
1402 2312 1581 2391 πάντως...
1605 2313 1666 2407 γάρ
1690 2314 1826 2405 ἄναρχον

279 2431 310 2493 ἐν
334 2438 380 2512 τῷ
404 2427 512 2515 κόσμῳ
536 2435 598 2490 τῶν
621 2424 815 2492 πάντων...
839 2434 897 2488 ποῦ
921 2417 1009 2501 λῆξις
1026 2426 1080 2487 οὐκ
1098 2415 1217 2509 ἄνοδος,
1234 2428 1268 2489 ού
1285 2414 1416 2500 κάθοδος
1433 2423 1516 2488 ἀλλά
1539 2423 1601 2488 πάν
1617 2477 1624 2492 .
1640 2435 1669 2492 ’..
1691 2434 1827 2500 ταῖς...

280 2537 474 2612 ἐπιστασίαις
488 2535 541 2599 καὶ
553 2539 593 2610 ὡς
610 2534 702 2608 αὐτὸς
720 2527 834 2600 εἶπεν...
851 2538 892 2608 εἰς
908 2532 963 2596 τόν
981 2535 1114 2622 ἔσχατον
1132 2533 1219 2604 ήκειν
1234 2533 1409 2623 μερισμόν...
1427 2543 1489 2598 τῶν
1506 2535 1586 2598 όλων
1603 2524 1827 2622 ύποδιαιροῦσα

280 2643 410 2729 ἑαυτήν,
434 2643 487 2708 καί
510 2653 657 2735 γεννῆσαι
680 2643 823 2732 προνοίας
847 2634 879 2719 ἐξ
903 2640 1007 2706 ἀλλων
1034 2641 1143 2716 ἀλλας,
1169 2647 1203 2706 ἐκ
1226 2652 1288 2706 τῶν
1313 2643 1507 2732 όλικωτέρων
1530 2641 1587 2718 τάς
1610 2643 1825 2733 μερικωτέρας,

279 2756 314 2817 ἑκ
329 2761 392 2817 τῶν
409 2751 570 2842 θειοτέρων
582 2750 640 2828 τάς
657 2742 909 2841 δαιμονιωτέρας,
924 2750 1007 2814 Είσίν
1025 2744 1076 2814 οὖν
1090 2750 1218 2814 καὶτῶν
1232 2761 1455 2842 γενεσιουργῶν
1470 2752 1543 2834 βίων
1558 2751 1659 2841 ἔφοροι
1672 2741 1825 2839 δαίμονες,

279 2866 308 2925 οί
332 2859 387 2936 τάς
411 2857 511 2950 ψυχάς
535 2859 806 2949 ἐπιτροπεύουσιν,
827 2855 884 2934 τάς
909 2857 993 2922 κατά
1023 2856 1144 2923 τούτων
1174 2849 1328 2935 διαζώσας
1352 2857 1422 2934 τοὺς
1449 2858 1532 2942 βίους
1547 2858 1583 2943 ³),
1607 2856 1659 2921 καί
1683 2855 1825 2922 εἰώθασιν

279 2968 410 3044 τούτους
434 2966 620 3059 ἀγγελικούς
644 2972 760 3044 καλεῖν,
786 2957 1096 3043 ἀντιδιαστέλλοντες
1112 2975 1178 3043 τοῖς
1197 2967 1256 3056 πρό
1271 2966 1391 3032 τούτων
1415 2977 1481 3043 τοῖς
1505 2964 1596 3042 θείοις
1622 2956 1772 3055 δαίμοσιν,
1799 2969 1831 3030 οἵ

278 3101 359 3153 τινες
384 3075 480 3152 αύτάς
504 3075 560 3152 τάς
577 3070 721 3166 ὑπάρξεις
738 3086 800 3141 τῶν
818 3071 923 3165 ψυχῶν
942 3066 1100 3140 συνδέουσι
1116 3075 1190 3166 πρὸς
1207 3072 1278 3151 τούς
1295 3075 1452 3165 ἡγεμόνας
1478 3079 1579 3139 αὐτῶν
1597 3073 1692 3160 θεοὺς,
1710 3078 1751 3149 είς
1775 3075 1826 3149 ούς

283 3211 335 3278 μοι
360 3177 445 3250 δοκεῖ
467 3185 521 3250 καί
545 3184 560 3249 ό
584 3183 748 3274 προφήτης
773 3176 976 3260 ἀπούλέπων,
1003 3188 1097 3248 εἰπεῖν
1121 3184 1195 3274 πρὸς
1219 3182 1276 3260 τάς
1301 3180 1418 3274 ψυχάς·
1443 3197 1488 3258 ÷
1511 3185 1579 3272 Ούχ
1603 3187 1681 3271 ὑμᾶς
1706 3172 1826 3270 δαίμων

281 3287 426 3377 λήξεται,
442 3307 487 3370 ÷
502 3293 561 3366 τήν
586 3286 734 3383 διαφοράν
751 3292 871 3359 τούτων
887 3303 949 3358 τῶν
966 3303 1189 3384 γενεσιουργῶν
1208 3293 1260 3356 καί
1278 3293 1423 3382 μοιραίων
1436 3293 1463 3375 ⁴)
1487 3292 1560 3382 πρὸς
1575 3290 1647 3367 τοὺς
1671 3282 1826 3366 ούσιέιδεις

278 3408 367 3492 ήμῶν
392 3402 516 3494 ἐφόρους
531 3403 556 3489 ⁵)
579 3394 819 3491 ἐνδεικνύμενος.
842 3401 972 3496 Ἐκεῖνοι
995 3400 1055 3492 γάρ
1073 3397 1157 3466 οὗτοι
1177 3411 1218 3484 τῷ
1243 3403 1309 3466 όντι
1332 3399 1529 3491 λαγχάνουσι
1552 3399 1609 3475 τάς
1634 3397 1742 3488 ψυχάς,
1766 3401 1826 3488 πρό

280 3516 383 3578 αὐτῶν
409 3503 611 3601 διαιρεθέντες
628 3510 700 3600 περί
716 3509 788 3587 τοὺς
806 3508 900 3592 θεοὺς,
917 3509 970 3573 καί
986 3508 1042 3586 τάς
1059 3507 1159 3600 ψυχάς
1176 3514 1297 3584 ἑαυτοῖς
1318 3500 1598 3597 συνδιανείμαντες,
1622 3499 1726 3579 ἐπειδὴ
1751 3512 1824 3570 κατ’

280 3622 385 3687 ούσίαν
402 3622 504 3685 αὐτῶν
522 3619 596 3684 εἰσίν
614 3619 776 3710 ήγεμόνες.
790 3624 829 3683 Οί
845 3610 878 3684 δὲ
895 3629 1028 3708 μοιραῖοι
1040 3617 1066 3700 6)
1085 3610 1136 3682 διά
1152 3643 1224 3683 τινα
1244 3620 1308 3702 βίον
1327 3620 1429 3681 αὐτῶν
1447 3615 1604 3705 ἄρχουσιν,
1622 3609 1689 3688 ούή
1710 3617 1826 3704 αἵρεσις

278 3733 320 3795 ἐπ’
350 3734 477 3805 αύταῖς·
502 3731 552 3794 ἐπ’
575 3729 699 3794 ἐκείνων
725 3728 779 3818 μὲν
803 3722 855 3792 οὖν
878 3726 1060 3817 ήρχθημεν,
1085 3729 1133 3790 ίνα
1167 3731 1367 3815 ὑποστῶμεν·
1393 3725 1443 3789 ἐπί
1467 3723 1587 3789 τούτων
1620 3715 1653 3789 δὲ
1677 3721 1827 3812 εἱλόμεθα

278 3828 409 3903 τοιῶσδε
432 3832 500 3921 ζῆν,
526 3839 575 3901 ἵνα
599 3835 774 3927 ἀρχθῶμεν.
799 3835 859 3899 Καὶ
882 3834 942 3926 γάρ
967 3835 1064 3900 ἔοικεν
1089 3839 1203 3911 ἐκεῖνος
1228 3834 1282 3925 μὲν
1299 3839 1315 3898 6
1333 3825 1452 3924 δαίμων
1466 3835 1501 3920 ⁷),
1518 3833 1575 3898 ἀτε
1599 3824 1748 3908 ούσιιύδης
1772 3829 1826 3912 ῶν,

222 3976 251 4015 ιο
279 3943 395 4011 ἄνωθεν
419 3951 502 4035 ἡμᾶς
527 3941 589 4010 οἷον
606 3947 641 4009 έκ
662 3942 803 4034 πρύμνης
820 3934 955 4028 διοικεῖν,
982 3942 1033 4009 ἀπ’
1059 3948 1156 4021 αὐτῆς
1179 3953 1237 4020 τῆς
1261 3945 1364 4020 οὐσίας
1387 3949 1477 4035 ήμῶν
1503 3943 1683 4034 ἀρχόμενος,
1707 3941 1761 4006 καί
1784 3931 1824 4004 δι’

278 4059 395 4120 ἐκεῖνον
418 4057 438 4127 ή
464 4050 548 4142 ψυχή
574 4053 628 4119 καί
650 4063 788 4118 πεσοῦσα
812 4052 928 4117 ἀνιέναι
951 4051 996 4116 πά

277 4272 302 4338 f.
327 4273 380 4352 91,
405 4271 559 4339 deficiunt
583 4273 602 4339 8
627 4293 727 4337 vers.:
754 4271 914 4337 ...αὐτοῦ
933 4273 949 4332 ό
967 4267 1102 4338 θεόν...
1127 4271 1142 4332 6
1159 4279 1217 4344 τῆς
1240 4268 1374 4334 ἐνταῦθα
1390 4323 1397 4336 .
1411 4321 1419 4336 .
1434 4322 1441 4336 .
1455 4291 1530 4344 σεως
1550 4269 1654 4358 ἔφορος
1678 4263 1823 4356 ὑπάρχων

278 4389 337 4456 τῆς
360 4379 434 4469 πρὸς
450 4378 510 4451 τήν
526 4432 533 4446 .
548 4431 578 4447 ..
603 4381 665 4462 όσῳ
683 4370 720 4449 δή
741 4371 792 4442 ούν
809 4381 824 4441 6
842 4369 954 4466 δεσμός
971 4387 1016 4462 τῷ
1034 4369 1163 4468 δεσμούς
1185 4379 1326 4469 γονή...
1351 4382 1366 4440 6
1390 4377 1463 4468 πρός
1487 4377 1525 4442 τό
1550 4377 1613 4440 ἀνω
1635 4374 1729 4465 λέγω,
1753 4371 1825 4447 τούς

278 4489 352 4579 πρός
376 4488 413 4553 τό
438 4486 591 4556 κάτω...
616 4478 766 4562 ούσιώδης
791 4485 871 4576 ἀρχή
898 4497 956 4563 τῆς
980 4485 1063 4551 κατὰ
1091 4487 1196 4576 σχέσιν
1212 4540 1219 4555 .
1235 4540 1264 4554 .,
1289 4485 1342 4550 καί
1365 4489 1479 4561 ἐκεῖνος
1503 4489 1519 4547 ὁ
1550 4476 1688 4574 δαίμων,
1711 4479 1825 4546 τούτου

225 4623 251 4660 ιο
280 4588 479 4670 διέστηκε...
496 4596 550 4660 καί
566 4596 683 4661 Ιεκείνου
699 4589 803 4674 λήξεις
817 4594 918 4682 ἐσμὲν,
932 4595 1036 4660 ούκέτι
1048 4596 1102 4660 καί
1117 4591 1204 4670 οθτος
1216 4648 1259 4663 ...
1275 4594 1438 4686 τυγχάνει.
1453 4593 1513 4683 Πρὸ
1527 4591 1586 4684 γάρ
1600 4602 1657 4668 τῆς
1671 4591 1825 4680 αἱρέσεως,

280 4709 335 4770 ούκ
359 4704 448 4794 ἐσμὲν
473 4703 522 4768 ὑπ’
549 4705 653 4768 αὐτόν·
678 4704 818 4793 ἑλόμενοι
843 4695 876 4769 δὲ
899 4704 954 4768 τὀν
979 4705 1150 4795 ἀρχόμενον
1175 4709 1225 4769 ὑπ’
1244 4707 1338 4770 αύτοῦ
1365 4705 1442 4788 βίον,
1466 4701 1518 4765 καί
1538 4707 1629 4789 ἡμεῖς
1653 4695 1825 4790 γιγνόμεθα

279 4823 341 4879 τῶν
367 4813 546 4905 ἀρχομένων
570 4811 640 4878 καθ’
666 4813 698 4878 θν
723 4813 782 4886 τήν
806 4807 889 4893 ζωήν
914 4815 1034 4887 ἐκείνην
1058 4808 1174 4906 ζῶμεν,
1199 4813 1249 4878 ότι
1273 4805 1306 4878 δέ
1330 4817 1345 4876 6
1371 4803 1490 4900 δαίμων
1515 4805 1602 4886 οὗτος
1626 4811 1657 4873 ἓν
1680 4812 1824 4898 λογικαῖς

316 5008 338 5084 l)
356 5009 391 5066 Α.
411 5027 468 5066 0111.
488 5013 515 5065 τό
535 5017 583 5084 γὰρ
601 5028 698 5083 usque
717 5010 755 5068 ad
775 5012 818 5069 τήν
838 5011 937 5085 γένεσιν.
1113 5012 1136 5085 ⁴)
1155 5010 1271 5067 Eadem
1288 5026 1394 5066 manu:
1414 5010 1461 5061 τῶν
1482 5007 1596 5081 ἀγγέλων
1616 5005 1737 5061 δηλονότι.

315 5101 338 5175 ²)
359 5105 433 5154 ἄλλοι
452 5100 572 5160 τίθεται
590 5101 680 5158 alicui
698 5101 858 5160 abundare.
1114 5100 1137 5173 5)
1156 5103 1211 5160 τοὺς
1225 5101 1344 5170 δαίμονας
1364 5096 1468 5153 eadem
1486 5093 1604 5152 notavit
1622 5092 1652 5154 in
1671 5111 1766 5166 marg.
1780 5091 1825 5149 ίιο

314 5192 336 5261 ³)
355 5189 515 5247 Recentior
533 5189 697 5247 scholiasta
715 5190 833 5248 notavib
852 5193 1023 5264 sequentia:
1079 5195 1109 5248 οι
1129 5188 1294 5262 sequentia.

279 5282 316 5332 ὅτι
335 5284 465 5352 συμφωνεῖ
480 5287 524 5334 καί
544 5281 580 5353 μή
602 5281 747 5352 βουλόμενος
765 5285 796 5353 τῇ
810 5283 857 5334 τῶν
877 5285 1024 5353 χριστιοινῶν
1113 5281 1136 5351 θ)
1155 5281 1269 5334 δηλονότι
1289 5282 1310 5331 οἱ
1330 5279 1451 5350 δαίμονες.

279 5369 346 5442 δέξῃ.
484 5401 489 5412 ·
1113 5371 1136 5443 7)
1155 5369 1170 5428 ή
1190 5372 1202 5422 6
1223 5374 1336 5444 ἄγγελος.
