3978 6070
310 494 362 550 132
472 483 610 557 Censuit
629 484 756 574 duplex
774 484 908 556 αηίιιιιισ
923 503 1032 574 glenus
1048 481 1086 552 ίιι
1105 480 1217 554 brutis
1231 503 1301 555 esse
1318 505 1360 555 ια
1377 484 1689 576 ίνυκεικίρνοίίοηο.

307 660 409 747 ἕτερον
428 660 530 722 αὐτῶν
544 647 656 721 εἰδέναι
668 655 783 746 τρόπον
800 651 977 744 ψυχώσεως,
990 653 1044 718 καί
1056 656 1111 718 οόκ
1128 655 1189 720 ἀπὸ
1201 659 1337 747 λογικῶν
1355 653 1460 746 ψυχῶν
1478 658 1578 744 μόνων
1594 661 1625 741 1)·
1639 658 1756 724 όποτάν
1773 661 1861 750 λέγῃ

307 767 361 830 καί
377 770 412 830 ἐκ
430 765 535 856 θηρίου
553 761 655 854 ψυχὴν
674 762 866 853 ἀφικνεῖσθαι
882 763 977 827 πάλιν
995 765 1036 840 εἰς
1054 760 1222 852 ἄνθρωπον,
1237 765 1268 840 ός
1284 783 1362 830 ποτε
1379 765 1536 854 ἄνθρωπος
1552 762 1600 841 ἦν·
1622 770 1685 831 “ού
1702 767 1761 858 γάρ
1779 771 1799 841 ἤ
1819 793 1864 858 γε

308 874 433 962 μήποτε
448 865 557 939 ἰδοῦσα
573 872 632 946 τὴν
651 870 810 953 ἀλήθειαν,
828 893 932 960 φησιν,
948 894 989 945 εις
1005 861 1080 935 τοδε
1096 865 1162 950 ηξει
1175 871 1212 936 τύ
1226 882 1336 962 σχῆμα
1351 893 1376 953 ,·
1392 883 1494 964 σαφῶς
1507 873 1561 938 καί
1574 874 1667 951 αὐτὸς
1683 876 1787 966 ὥσπερ
1801 876 1864 939 καὶ

307 982 530 1073 Ἀριστοτέλης
548 975 638 1065 ἀξιοῖ,
655 972 794 1073 διορίζων
812 978 855 1071 μὴ
874 978 934 1050 τὴν
950 989 1108 1068 τυχοῦσαν
1125 976 1229 1068 ψυχὴν
1246 985 1286 1056 εἰς
1302 979 1345 1045 τά
1361 981 1503 1071 τυχόντα
1520 981 1654 1073 σώματα
1671 973 1863 1065 εἰσδύεσθαι,

267 1115 279 1153 ε
306 1089 360 1155 καί
383 1089 644 1156 κατατάττεσθαι
668 1094 699 1155 ἐν
724 1092 840 1169 αὐτοῖς,
857 1088 911 1153 καί
929 1092 1130 1178 συμπληροῦν
1146 1082 1283 1173 ζῶονὲν·
1300 1088 1359 1161 τὴν
1377 1089 1431 1177 μὲν
1449 1088 1508 1182 γάρ
1531 1089 1725 1181 ἀνθρωπίνην
1748 1087 1863 1180 ψυχὴν

307 1204 338 1264 ἐν
364 1200 469 1291 ἀλόγῳ
493 1197 635 1289 γενέσθαι
659 1189 802 1275 δυνατόν,
827 1190 936 1274 ἔξωθεν
961 1205 1112 1284 σχετικῶς
1138 1207 1298 1275 συνοῦσαν,
1322 1200 1399 1263 ὅπου
1415 1223 1452 1289 γε
1476 1199 1529 1263 καί
1552 1204 1583 1264 έν
1607 1205 1683 1290 ῇμῒν
1708 1191 1865 1290 δαίμονος

308 1307 414 1395 σχέσιν
430 1306 504 1396 πρός
521 1307 558 1370 τύ
575 1300 653 1386 ζῶον
670 1310 686 1369 ό
705 1306 834 1395 Τίμαιος
851 1314 891 1389 τῇ
910 1308 1023 1396 λογικῇ
1039 1300 1121 1394 ψυχῇ
1138 1294 1280 1371 δέδωκεν·
1295 1310 1403 1390 πολλῷ
1420 1298 1459 1379 δι)
1477 1301 1530 1372 ούν
1545 1318 1591 1392 τῷ
1608 1308 1714 1399 ἀλόγῳ
1732 1313 1864 1397 μᾶλλον

307 1420 347 1491 ὡς
372 1407 492 1503 δαίμων
517 1415 697 1504 ἐφέστηκεν,
723 1405 773 1477 διά
797 1424 855 1486 τῆς
880 1416 1009 1505 ἀλογίας
1035 1404 1130 1486 δῆλον
1156 1418 1240 1496 αύτῷ
1264 1414 1435 1504 συνκφθείς·
1458 1415 1518 1486 τὴν
1543 1407 1577 1482 δὲ
1601 1416 1715 1507 άλογον
1739 1421 1770 1482 ἑν
1796 1443 1865 1481 22.

307 1517 440 1602 τατάξει
464 1523 519 1612 μέν
544 1521 687 1613 γενέσθαι
711 1526 741 1588 ἑν
760 1520 921 1611 ἀνθριόπου
940 1521 1075 1611 σώματι,
1091 1522 1216 1599 πάντως
1233 1515 1387 1589 ἀδύνατον
1404 1516 1455 1588 διά
1478 1524 1538 1596 τὴν
1554 1525 1717 1618 εἰρημένην
1738 1528 1864 1602 αἰτίαν,

252 1655 280 1692 ιο
307 1643 347 1718 τῇ
375 1632 480 1721 ἀλόγῳ
504 1626 568 1718 ζωῇ
593 1642 649 1696 τοῦ
675 1630 863 1722 ἀνθρωπείου
895 1632 1061 1722 σχήματος
1091 1629 1133 1718 μὴ
1169 1624 1410 1720 συμύαίνοντος·
1436 1643 1531 1700 τοῦτο
1556 1633 1610 1724 μὲν
1634 1633 1695 1726 γάρ
1719 1633 1812 1725 φησίν
1844 1639 1863 1700 ὁ

307 1741 447 1830 Τίμαιος,
472 1744 513 1817 είς
537 1739 663 1830 οὐρανόν
689 1739 953 1828 άνακρεμάννυσιν

306 1961 329 2026 f.
350 1960 429 2025 183:
448 1953 506 2028 τὴν
524 1952 664 2044 κεφαλὴν
677 1952 714 2039 ²),
740 1945 874 2020 δείκνυσι
898 1959 937 2031 ὡς
954 1957 1022 2020 ἐστι
1038 1953 1133 2042 φυτόν
1151 1955 1206 2019 οὐκ
1223 1955 1354 2046 ἔγγειον,
1372 1959 1443 2022 ἀλλ’
1461 1957 1610 2048 οὐράνιον·
1628 1960 1683 2024 τόν
1699 1961 1815 2026 ἐκεῖνον
1833 1961 1848 1998 ³
1851 1989 1862 2048 ρ

306 2057 340 2131 δὲ
355 2063 443 2128 κάτω
462 2061 580 2148 βλέπει,
598 2060 652 2125 καί
668 2051 755 2127 οὐδέν
772 2062 836 2152 ἔχει
852 2061 926 2152 πρὸς
943 2063 1070 2152 οὺρανθν
1087 2066 1242 2129 ἀνανεῦον·
1257 2056 1368 2142 ἔξωθεν
1386 2057 1419 2130 δέ
1436 2068 1600 2157 ἑφεστᾶναι
1616 2079 1657 2155 τῇ
1678 2067 1859 2161 ἀνθρωπίνῃ

305 2170 389 2262 ψυχῇ
415 2169 499 2237 κατά
516 2171 622 2260 σχέσιν
639 2174 679 2246 ὡς
695 2169 798 2256 ταύτῃ
816 2179 879 2235 τῶν
897 2170 1032 2264 ἀλόγων,
1048 2171 1148 2262 φαμὲν
1165 2161 1410 2264 ἀδυνατώτερον·
1427 2184 1485 2240 ποῦ
1501 2174 1561 2267 γάρ
1577 2177 1664 2266 λόγῳ
1680 2178 1719 2242 τὸ
1736 2178 1859 2268 ἄλογον

252 2301 278 2338 ¹⁵
305 2284 370 2372 ἔχει
387 2280 474 2371 φύσιν
492 2277 678 2371 ἐφεστάναις
697 2318 738 2328 -
755 2280 798 2344 Τό
812 2279 915 2344 τοίνυν
939 2289 994 2344 τοῦ
1013 2278 1198 2370 Σωκράτους
1215 2279 1363 2371 λέγοντος
1373 2281 1397 2368 ⁸)
1415 2282 1446 2357 ὅς
1463 2306 1542 2347 ποτε
1567 2281 1725 2374 ἄνθρωπος
1748 2281 1787 2360 ἧν
1811 2291 1857 2363 εἰς

306 2390 468 2480 άνθρωπον
486 2389 636 2477 μετιέναι,
656 2378 774 2466 δόξειεν
791 2385 827 2451 ἄν
844 2412 891 2464 τις
908 2386 961 2452 καί
978 2386 1072 2463 ἄλλος
1091 2381 1168 2452 εἶναι
1184 2383 1351 2477 ψυχόισεως
1367 2387 1482 2478 τρόπος
1498 2399 1561 2454 τῶν
1578 2391 1701 2483 ἀλόγων
1718 2393 1779 2458 ἀπό
1796 2403 1859 2468 τῆς

307 2491 384 2574 ἰδίας
408 2499 530 2564 ἐκείνων
555 2494 667 2588 ψυχῆς,
685 2495 816 2561 ἀλλὀύκ
833 2497 894 2562 ἀπό
910 2507 969 2573 τῆς
985 2495 1177 2585 ἀνθρωπίνης
1194 2495 1302 2585 μόνης,
1320 2496 1422 2587 ὥσπερ
1446 2488 1532 2564 δοκεῖ
1552 2497 1689 2591 λέγεινὸ
1711 2503 1856 2590 Τίμαιος·

306 2609 340 2671 ού
366 2605 428 2692 μὴν
453 2604 536 2670 ἀλλά
560 2606 613 2670 καί
636 2603 697 2678 τὴν
723 2613 777 2668 τοῦ
796 2610 978 2694 Σωκράτους
997 2593 1089 2682 δόξαν
1107 2606 1319 2694 ἐπαναγαγεῖν
1339 2595 1475 2669 δυνατόν
1498 2611 1540 2682 εἰς
1563 2606 1622 2678 τὴν
1639 2618 1695 2673 τοῦ
1719 2611 1856 2698 ’Τιμαίου

304 2705 486 2805 παράδοσιν·
503 2714 584 2778 ἔστω
603 2712 663 2805 γάρ
680 2716 712 2778 έν
729 2713 827 2778 ἅπασι
843 2722 908 2787 τοῖς
926 2711 1051 2803 ἀλόγοις
1069 2709 1244 2801 ἀνθρωπίνη
1264 2709 1360 2802 ψυχὴ,
1378 2711 1460 2801 μετά
1477 2705 1511 2780 δὲ
1533 2715 1653 2792 ταύτης
1668 2723 1688 2790 ἡ
1714 2707 1775 2782 ἰδία
1798 2727 1856 2782 τοῦ

250 2851 277 2890 ιο
305 2822 422 2911 ἀλόγου
447 2815 526 2899 ζώου
551 2821 604 2884 καί
626 2821 685 2910 πρό
709 2820 839 2896 ταύτης·
866 2821 946 2893 αύτη
972 2813 1024 2884 οὖν
1048 2819 1201 2884 ἐπάνεισιν
1227 2825 1268 2896 είς
1293 2819 1463 2910 ἄνθρωπον,
1483 2827 1503 2895 ῇ
1529 2825 1560 2888 ὲν
1584 2825 1688 2913 σχέσει
1711 2821 1857 2914 ψυχοῦσα

304 2931 342 2994 τό
367 2929 495 3022 ἄλογον,
521 2927 590 2993 ἀλλ’
616 2930 674 3018 ούχ
698 2934 716 3003 ν)
736 2934 767 2994 ἑν
783 2922 966 3013 κατατάξει,
990 2929 1044 2993 καί
1060 2937 1155 2993 τοῦτο
1179 2927 1215 2992 ἀν
1232 2928 1321 3019 λέγοι
1337 2930 1423 2994 καίὁ
1448 2929 1617 3020 Σωκράτης
1641 2932 1752 3025 λέγων·
1780 2937 1854 2998 “Ού

304 3037 365 3128 γάρ
382 3037 402 3109 ἥ
420 3061 458 3128 γε
476 3038 601 3127 μήποτε
620 3028 726 3101 ἰδοῦσα
744 3036 803 3110 τὴν
821 3035 980 3112 ἀλήθειαν,
997 3042 1037 3113 εἰς
1054 3027 1128 3102 τόδε
1144 3029 1212 3114 ἥξει
1227 3037 1393 3128 τὸσχῇμα
1410 3086 1437 3121 ,,
1461 3035 1520 3110 τήν
1546 3029 1707 3126 μηδέποτε
1730 3031 1854 3105 ἰδοῦσαν

304 3146 364 3218 τὴν
389 3144 539 3220 ἀλήθειαν
561 3147 682 3218 ἐκείνην
707 3145 819 3237 λέγων,
836 3145 896 3218 τὴν
911 3145 970 3236 πρό
987 3155 1044 3223 τῆς
1062 3145 1253 3238 ἀνθρωπίνης
1270 3141 1463 3234 ψυχώσασαν
1480 3147 1517 3212 τό
1534 3146 1661 3239 άλογον,
1685 3148 1740 3213 καί
1761 3150 1857 3222 ποιή-

306 3279 405 3320 σασαν
429 3247 462 3332 ἐξ
485 3258 599 3329 ἑαυτῆς
611 3253 635 3337 ⁶)
652 3253 705 3318 καί
721 3256 839 3330 ἐκείνης
856 3247 934 3333 ζῶον
952 3253 982 3319 έν
999 3257 1081 3318 ὅλον·
1099 3253 1154 3318 καί
1169 3252 1229 3326 τὴν
1246 3262 1301 3317 τοῦ
1319 3255 1453 3344 Τιμαίου
1471 3255 1579 3343 μέντοι
1603 3257 1700 3347 κρίσιν
1726 3261 1767 3332 εἰς
1791 3256 1853 3326 τόν

247 3390 277 3454 Ιιε
304 3373 399 3428 πᾶσιν
422 3365 583 3454 πρόχειρον
607 3373 662 3428 τοῦ
681 3362 865 3454 Σωκράτους
883 3355 984 3442 δόξαν,
1001 3363 1072 3455 περί
1087 3372 1146 3439 τῇς
1164 3353 1273 3438 διττῆς
1290 3357 1468 3452 ψυχιύσεως.
1487 3363 1547 3428 Καὶ
1567 3363 1627 3456 γάρ
1642 3369 1669 3430 εἰ
1685 3369 1726 3441 είς
1746 3363 1855 3430 πάντα

306 3469 409 3562 ἄλογα
433 3465 498 3550 ζῶα
523 3462 656 3535 δυνατόν
680 3481 793 3561 χωρεῖν
817 3469 918 3562 ψυχὴν
944 3469 1115 3562 ἀνθρώπου,
1131 3470 1186 3535 καί
1207 3469 1314 3536 πάντα
1332 3461 1371 3536 δι’
1388 3475 1503 3549 ἑαυτῆς
1520 3468 1648 3562 ψυχοῦν,
1672 3476 1743 3538 ἀλλ’
1767 3476 1854 3539 ούπω

305 3579 434 3670 λέγεται
458 3580 508 3643 ότι
532 3578 585 3643 καί
610 3577 687 3668 μόνη
715 3576 851 3670 ψύχωσις
876 3581 956 3653 αύτη
974 3589 1037 3645 τῶν
1054 3578 1177 3671 ἀλόγων
1194 3581 1278 3644 ἐστιν
1295 3579 1353 3644 ὑπό
1371 3591 1426 3645 τοῦ
1443 3582 1588 3670 Τιμαίου·
1613 3581 1727 3648 κωλύει
1749 3585 1853 3648 τοίνυν

306 3679 405 3770 ουδέν,
429 3678 483 3750 δύο
506 3685 630 3776 τρόπων
654 3687 751 3752 όντων
776 3697 834 3762 τῇς
859 3683 1035 3776 ψυχιύσεως,
1059 3687 1114 3752 τόν
1139 3686 1240 3778 ἕτερον
1267 3685 1322 3776 μὲν
1347 3687 1440 3777 μόνον

305 3905 329 3968 f.
356 3906 418 3970 183
442 3926 491 3969 με
516 3896 700 3982 ἐκλέξασθαι
723 3902 778 3968 τόν
803 3903 946 3991 Τίμαιον,
971 3890 1011 3966 δι’
1029 3903 1132 3979 αἰτίας
1149 3904 1359 3994 εὐλογίστους,
1380 3901 1414 3978 ἀς
1438 3905 1563 3994 εἴπομεν
1588 3907 1619 3968 έν
1643 3914 1708 3980 τοῖς
1732 3908 1772 3980 εἰς
1796 3903 1852 3968 τόν

250 4035 278 4075 ει
306 4012 439 4097 ’Τίμαιον
455 4001 677 4099 έκδεδομένοις,
695 4010 809 4102 μηκέτι
826 4001 859 4076 δέ
875 4009 1059 4101 προσθέντα,
1077 4011 1131 4076 καί
1147 4013 1198 4076 ὅτι
1214 4012 1307 4102 μόνον
1324 4013 1424 4078 οἴεται
1447 4021 1559 4078 τοῦτον
1583 4004 1660 4076 εἶναι
1683 4006 1852 4100 ψυχόσεως

305 4127 368 4182 τῶν
393 4119 517 4208 ἀλόγων
541 4118 667 4203 τρόπον,
692 4118 796 4212 χώραν
815 4111 935 4184 διδόναι
951 4120 1004 4184 καί
1020 4130 1089 4196 ταῖς
1105 4131 1161 4187 τοῦ
1178 4121 1363 4212 Σωκράτους
1380 4121 1449 4212 περί
1470 4119 1653 4210 ἀμφοτέρων
1678 4109 1852 4197 ἐνδείξεσιν.

307 4226 415 4313 Ταύτῃ
437 4217 469 4292 δὲ
493 4237 665 4317 συμφωνεῖν
690 4219 866 4318 δυναμένων
891 4231 994 4293 αύτῶν
1020 4226 1221 4315 ἀλλήλοιςθ),
1247 4230 1324 4295 αύτίι
1348 4227 1417 4294 καθΙ
1442 4229 1536 4294 ἑαυτό
1553 4229 1591 4294 τύ
1615 4219 1720 4319 δόγμα
1743 4229 1852 4292 λοιπόν

307 4335 432 4426 θεωρίας
461 4336 545 4402 ἐστίν
570 4329 672 4413 ἄξιον,
697 4337 760 4401 εἴτε
783 4336 837 4400 καί
860 4344 921 4400 πᾶν
945 4330 1024 4414 ζῶον
1048 4334 1162 4427 ἄλογον
1187 4337 1285 4425 μόνως
1309 4333 1465 4426 ψυχοῦται
1488 4337 1550 4401 ἀπό
1576 4347 1636 4412 τῆς
1659 4333 1850 4427 ἀνθρωπίνης

307 4442 420 4534 ψυχῆς,
444 4447 506 4511 είτε
528 4444 582 4508 καί
605 4445 689 4509 ἔστιν
714 4443 785 4509 ἀνευ
810 4444 930 4521 ταύτης
955 4436 1017 4510 ἰδία
1040 4469 1087 4521 τις
1111 4454 1174 4511 τῶν
1199 4444 1323 4536 ἀλόγων
1347 4441 1494 4536 ψύχωσις.
1511 4445 1556 4510 Τό
1572 4442 1628 4534 μέν
1652 4437 1704 4510 οὖν
1727 4443 1851 4526 ἑκάστῳ

252 4572 279 4612 ει
306 4565 369 4620 τῶν
395 4547 621 4650 ἀλόγωνιζώων
636 4564 778 4645 παρεῖναι
795 4545 920 4633 δόξειεν,
938 4556 977 4618 ἵν’
994 4553 1062 4644 ἔχοι
1074 4552 1102 4639 ⁷)
1125 4551 1184 4625 τὴν
1200 4563 1358 4644 προσεχῶς
1375 4553 1568 4642 ἐμπνέουσαν
1586 4553 1663 4618 αὐτὸ
1685 4546 1769 4631 ζωὴν
1793 4562 1851 4628 τῆς

306 4666 337 4726 ἑν
361 4655 535 4740 κατατάξει
560 4653 612 4727 διά
634 4660 693 4732 τλν
718 4666 748 4726 ἑν
773 4670 818 4746 τῷ
835 4661 959 4751 σώματι
975 4671 1020 4745 τῷ
1038 4651 1231 4754 σκιδναμένῳ
1250 4654 1424 4740 κατάταξιν
1449 4664 1548 4739 αὐτῆς
1572 4661 1688 4734 ἑαυτὴν
1711 4662 1850 4751 συνέχειν

307 4768 493 4846 ἀσθενούσης
506 4769 560 4834 καί
573 4759 722 4858 δεομένης
735 4769 835 4846 άλλης
849 4763 959 4848 ἔξωθεν
976 4769 1069 4866 τῆςί)
1087 4764 1250 4862 ζωογονεῖν
1264 4768 1364 4842 αὐτὴν
1378 4759 1552 4861 δυναμένης
1569 4761 1850 4860 άποσύεννυμένην,

345 5059 367 5134 1)
385 5059 420 5116 Α.
441 5063 520 5132 μόνον.
1139 5060 1163 5134 ⁵)
1181 5058 1218 5118 A.
1237 5059 1323 5121 αύτίίς.

343 5149 367 5222 ²)
386 5148 425 5204 M.
445 5165 540 5222 pauca
558 5165 615 5204 om.
635 5147 661 5202 A
680 5149 794 5203 δεικνύοι.
1139 5150 1162 5224 ⁶)
1181 5149 1216 5206 Α.
1237 5152 1329 5210 ἀλλοις.

343 5235 367 5309 ³)
387 5237 423 5294 A.
442 5238 559 5308 οὐράνιον,
579 5236 657 5292 ἰκιίνη
678 5238 712 5291 δι’.
1137 5240 1214 5312 ⁷)A.
1233 5239 1286 5307 ἔχη·
1305 5239 1339 5294 Ρ.
1359 5237 1420 5293 119.
1439 5237 1478 5293 Μ.
1498 5255 1568 5294 mox
1588 5239 1656 5310 αύτῷ
1676 5238 1783 5311 σάματι.

343 5325 366 5397 ⁴)
384 5327 496 5396 λέγοντες
516 5325 579 5382 cod.
599 5325 718 5383 caetori.
1136 5331 1159 5402 ⁸)
1179 5329 1213 5384 A.
1233 5333 1283 5389 ταῖς
1303 5330 1377 5401 ζωογ.
1397 5349 1421 5380 α.
1441 5317 1591 5398 δυναμέναις.
