4006 6074
790 486 828 568 0.
865 485 905 565 V.
935 487 1124 584 Aquilium
1150 487 1326 567 Juvencus'

567 669 629 747 Qui
652 689 799 749 renuens,
823 667 911 732 divos
934 670 1091 733 memorat
1115 668 1174 733 sibi
1198 669 1337 736 vindices
1360 691 1438 736 csse.

502 773 545 814 ³⁹⁰
569 777 612 843 Et
634 775 748 841 debere
771 796 838 855 sua,
862 773 888 838 si
911 773 985 854 sint,
1008 775 1190 860 vivantque,
1214 776 1308 843 tueri.

611 883 750 969 Spiritus
773 883 825 949 hio
847 882 978 948 Domini
1001 881 1129 949 Gedeon
1154 885 1194 951 ad
1216 884 1338 969 praelia
1360 885 1477 968 firmat,

566 991 705 1060 Classica
727 991 853 1075 iamque
875 993 999 1072 sonant,
1022 990 1078 1057 dat
1100 1012 1213 1058 cornea
1235 993 1368 1060 buccina
1390 995 1529 1081 signum,

566 1102 686 1170 Oratur
708 1101 874 1180 Dominus,
899 1099 1045 1165 candenti
1068 1103 1105 1165 ut
1127 1101 1243 1168 vellere
1266 1101 1358 1169 lanae

565 1212 726 1280 Ooelestes
749 1209 876 1275 fluitent
899 1212 1057 1274 nocturno
1079 1209 1113 1275 in
1136 1214 1279 1295 tempore
1301 1233 1406 1278 rores:

498 1317 540 1355 ³⁰⁸
563 1320 632 1387 Nec
655 1341 745 1385 mora
767 1315 959 1401 permaduit,
983 1337 1020 1381 ac
1042 1316 1168 1401 pelvem
1191 1340 1300 1403 pressa
1322 1319 1469 1405 replevit.

562 1428 640 1494 Inde
663 1425 750 1493 aliud
772 1423 877 1509 poscit
901 1444 1021 1504 rursus,
1045 1427 1196 1508 terraque
1220 1425 1376 1508 madente,

562 1536 652 1605 Sicca
674 1535 844 1620 pruinoeos
868 1553 931 1598 non
956 1532 1054 1598 sensit
1077 1532 1153 1599 lana
1175 1534 1328 1620 liquores.

604 1642 743 1711 Additur
765 1640 815 1707 his
838 1640 941 1707 alinde
966 1640 1015 1706 bis
1038 1639 1118 1708 dena
1141 1645 1178 1707 ut
1200 1642 1303 1710 millia
1324 1644 1428 1730 plebis

562 1752 671 1837 Atque
694 1750 757 1816 duo
780 1749 889 1815 iubeat
912 1770 1022 1815 rursus
1045 1770 1187 1816 remeare
1210 1751 1382 1818 timentum

500 1857 542 1896 ³¹⁰
565 1859 721 1940 Millibus,
743 1859 840 1942 inque
863 1856 970 1924 decem
993 1857 1137 1925 certandi
1158 1861 1196 1925 ut
1218 1883 1343 1927 summa
1364 1861 1497 1944 locetur,

563 1967 659 2034 Hunc
681 1967 779 2032 etiam
802 1964 941 2030 monitus
963 1965 1089 2047 minuit,
1113 1987 1154 2030 ne
1175 1964 1272 2032 turba
1294 1973 1404 2035 coacta

563 2076 691 2143 Robore
713 2072 777 2140 fida
800 2093 868 2154 suc,
892 2072 1022 2138 Domini
1045 2093 1109 2138 non
1132 2078 1276 2141 cerneret
1299 2098 1398 2143 arma.

565 2185 610 2252 At
632 2184 783 2250 iuvenum
805 2181 955 2266 princeps
977 2181 1077 2248 aciem
1101 2182 1227 2248 deducit
1250 2183 1289 2248 ad
1312 2207 1448 2268 amnem,

562 2292 671 2378 Atque
693 2312 808 2357 canum
830 2289 895 2355 ritu
918 2289 1082 2356 fluitantes
1103 2288 1244 2356 lambere
1266 2291 1414 2378 lymphas

497 2397 539 2436 ³¹⁵
563 2398 733 2482 Praecipit,
757 2401 794 2463 ut
817 2396 918 2463 socios
940 2395 1043 2462 lectae
1065 2397 1194 2481 virtutis
1217 2398 1362 2466 haberet.

563 2508 780 2574 Tercentum
804 2504 951 2589 placuere
974 2503 1051 2570 viri:
1075 2527 1150 2571 nam
1173 2511 1299 2574 coetera
1321 2509 1417 2575 turba
1430 2505 1455 2592 ¹)

562 2614 760 2703 [Lymphae]
784 2619 977 2681 monstratos
999 2636 1064 2680 non
1087 2615 1223 2700 sumpsit
1246 2616 1398 2703 languida
1422 2621 1546 2704 gustus,

561 2724 615 2807 [ln
637 2720 740 2804 sedes]
764 2720 907 2786 reditura
928 2741 1012 2803 suas,
1036 2743 1091 2788 seu
1115 2723 1222 2790 nescia
1243 2744 1391 2809 pugnae;

563 2831 681 2915 [Parvo
704 2828 792 2912 cunr]
816 2849 916 2894 cuneo
938 2829 1058 2896 bellum
1082 2833 1132 2896 tot
1155 2830 1297 2897 millibus
1319 2831 1435 2899 infert:

496 2936 538 2974 ³²⁰
562 2939 666 3022 [Quae
688 2936 800 3018 nume]
823 2957 895 3002 rare
918 2936 979 3002 viri
1001 2943 1174 3022 nequeunt,
1200 2939 1315 3023 quibus
1338 2943 1407 3006 arte
1430 2942 1596 3028 magistris

561 3044 751 3131 [Porrectis]
775 3064 843 3109 mos
868 3048 916 3110 est
939 3044 1050 3130 digitis
1073 3045 1259 3112 concludere
1283 3069 1422 3114 summas
1435 3045 1471 3135 ²).

562 3152 655 3238 [Tot]
679 3152 762 3218 acies
785 3151 939 3237 equitum,
963 3153 1072 3218 mixtis
1094 3153 1301 3239 peditumque
1325 3157 1485 3243 maniplis,

565 3260 730 3345 [lusimul]
753 3260 935 3325 innumeros
958 3263 1052 3326 torva
1075 3281 1147 3328 cum
1170 3261 1254 3327 mole
1278 3263 1426 3347 camelos,

563 3368 721 3454 [Gedeon]
745 3369 975 3454 improperans,
999 3368 1122 3436 famulo
1144 3369 1267 3437 Farane
1289 3372 1428 3457 sequaci,

465 3469 468 3476 ’
497 3477 539 3515 ³²⁵
564 3477 727 3564 [Hostica]
751 3482 856 3544 castra
878 3479 973 3562 petit,
997 3500 1034 3545 ac
1056 3483 1149 3546 nocte
1173 3479 1325 3546 obtentus
1348 3503 1459 3567 opaca,

562 3587 788 3675 [Ingredi]tur,
812 3587 1016 3672 lustransque
1040 3588 1148 3670 situm,
1172 3593 1356 3675 mentesque
1379 3592 1565 3676 animosque

561 3694 723 3782 [Audiuit]
748 3695 833 3760 socio
856 3698 1039 3760 narrantem
1062 3697 1185 3761 somnia
1208 3697 1387 3782 quemdam,

561 3805 663 3890 [Quae
686 3801 786 3886 m]ale
809 3801 941 3887 sopitus,
965 3824 1057 3867 sensu
1082 3802 1247 3888 vigilante,
1271 3810 1409 3872 notarat.

558 3912 660 3999 [lpse]
684 3911 854 3977 videbatur
876 3932 992 3995 panem
1015 3911 1076 3976 sibi
1099 3912 1199 3978 visere
1223 3914 1319 3995 volvi,

490 4018 533 4056 ³³⁰
557 4019 679 4105 [Hord]
702 4041 740 4084 ea
762 4039 857 4102 quem
879 4017 1014 4099 faciunt,
1038 4019 1162 4102 quoties
1184 4018 1348 4088 frumenta
1370 4027 1540 4108 negantur.

559 4127 618 4212 [Et
640 4125 762 4209 va]rios
785 4125 964 4212 glomerare
988 4125 1096 4192 modos
1119 4148 1178 4212 per
1201 4135 1315 4210 castra,
1340 4151 1398 4214 per
1421 4151 1550 4216 agmen,

560 4235 698 4321 [Donec]
722 4256 780 4319 per
802 4233 907 4301 media
929 4235 1016 4300 venit
1039 4235 1215 4301 munimina
1239 4235 1324 4318 valli,

562 4343 620 4429 [Et
642 4342 811 4430 praeceps]
836 4343 940 4428 regias
963 4343 1080 4409 invasit
1102 4345 1242 4429 pondere
1265 4346 1365 4412 sedes.

561 4451 680 4535 [Haeo]
706 4455 832 4517 ostenta
854 4450 916 4515 viri
939 4450 1121 4517 cecinerunt
1144 4453 1308 4537 sanguinis
1331 4475 1400 4518 esse

495 4556 537 4594 ³³⁵
561 4559 773 4646 [Augurium]
797 4558 957 4642 finemque
980 4558 1089 4623 ferunt
1112 4559 1232 4625 venisse
1255 4557 1393 4626 Mediae.
1448 4647 1452 4654 Ι

561 4667 675 4752 [Hine]
699 4669 869 4753 postquam
893 4666 1067 4732 Dominum
1089 4671 1259 4734 veneratus
1283 4667 1406 4734 iuvenis
1429 4668 1538 4744 abivit,

316 4882 338 4955 ¹)
356 4878 494 4952 'friginta
512 4877 581 4938 inde
599 4899 707 4939 versus
726 4886 894 4954 sequuntur
912 4879 963 4952 qui
985 4895 1033 4935 eo·
1084 4878 1184 4952 gulari
1197 4897 1278 4950 casu,
1291 4878 1468 4952 geminatur.
1482 4875 1527 4932 De
1540 4893 1598 4950 quo
1612 4875 1675 4933 dixi
1688 4875 1832 4948 inspicit

282 4969 347 5027 dem
368 4970 487 5028 omnino
505 4971 629 5028 vulnere
648 4969 679 5027 in
699 4970 796 5027 tribus
821 4969 933 5027 nostris
952 4968 1033 5025 oodi·
1083 4977 1105 5026 t.
1127 4987 1140 5026 1
1167 4972 1279 5043 proleg.
1306 4985 1472 5043 p.xxxv11,
1496 4967 1548 5026 abi
1574 4969 1643 5027 vide
1671 4968 1835 5027 varietates

280 5061 365 5118 eibns
384 5059 520 5134 confossi,
541 5059 639 5134 capito
658 5065 853 5128 truncantur;
873 5058 952 5116 unde
974 5057 1033 5114 tria
1085 5059 1221 5134 stipatas.

282 5151 372 5209 simul
391 5151 574 5226 exemplaria
593 5152 630 5208 ab
650 5150 754 5208 eodem
774 5152 937 5226 archetypo
957 5148 1033 5207 deri·
1120 5149 1143 5222 ²)
1162 5149 1228 5208 Mos
1246 5156 1335 5208 vetus
1354 5147 1439 5207 varia
1459 5148 1623 5222 digitorum
1647 5147 1833 5222 porrectione

280 5247 397 5314 vantur,
416 5241 525 5313 inquo
543 5259 636 5298 unum
654 5239 760 5299 folium
784 5260 803 5297 a
827 5239 962 5314 margine
981 5255 1032 5296 en·
1082 5258 1198 5297 omnem
1218 5258 1374 5297 nnmerum
1394 5239 1590 5313 significandi.
1612 5238 1657 5298 Of.
1675 5239 1783 5299 Juven.
1804 5257 1833 5310 x,

280 5336 397 5390 sectum
416 5339 471 5390 est.
490 5330 526 5388 Id
545 5329 624 5406 quod
642 5329 690 5389 bie
703 5330 837 5405 subinde,
851 5331 915 5388 diro
928 5334 960 5388 et
971 5328 1031 5388 sin·
1082 5331 1145 5389 258.
1164 5331 1248 5390 Ovid
1267 5333 1351 5390 Post.
1371 5347 1417 5405 111,
1438 5331 1629 5389 manasen.
1648 5348 1693 5404 ep.
1712 5345 1765 5405 vu,
1784 5329 1811 5387 7.
