3940 6072
1037 507 1198 602 Orphica.

965 789 1075 866 Ἥλιος
1100 793 1130 856 ἐν
1155 789 1258 881 ταύρῳ

692 1011 727 1070 Εἰ
751 997 779 1071 δ’
804 1005 864 1070 ἀννί
888 1015 1001 1096 ταῦρον
1025 1006 1125 1082 ἰόντος
1150 1006 1320 1096 ἑφορμήσει
1342 996 1394 1070 διτί
1418 1005 1517 1069 νύκτα

654 1115 795 1204 Σεισμός,
821 1115 957 1204 πήματα
983 1115 1038 1204 μέν
1063 1139 1099 1180 τε
1124 1113 1402 1204 καταφθινύθουσιν
1428 1115 1556 1196 ὀπίσσω,

650 1223 827 1314 Εὑφροσύνη
854 1215 879 1289 δ’
907 1222 966 1289 ὰναί
991 1223 1070 1288 ἄστυ
1094 1224 1148 1289 καί
1171 1223 1275 1314 εἰρήνη
1303 1221 1462 1288 τεθαλυῖα·

577 1358 604 1399 ιο
642 1332 797 1423 Ἡμερινός
822 1326 856 1397 δὲ
879 1333 962 1422 φέρει
984 1331 1125 1422 πολέμου
1151 1331 1301 1424 μεγάλοιο
1325 1331 1426 1404 πόληΐ

626 1439 755 1531 Ἔργον·
781 1439 987 1531 ἐπερχομένου
1013 1449 1078 1516 τοῖς
1102 1440 1287 1530 κρείττοσιν·
1315 1435 1397 1503 οἰλλοί
1421 1435 1592 1527 φυλοίσσου.

950 1763 1058 1842 Ἥλιος
1083 1766 1114 1830 ὲν
1140 1753 1278 1853 διδύμοις

694 1983 729 2043 Εἰ
753 1971 786 2044 δέ
809 2003 860 2045 κεν
885 1983 916 2045 ὲν
941 1971 1080 2068 διδύμοις
1104 1977 1331 2070 στρωφωμένου
1355 1979 1475 2051 ἠελίοιο

649 2089 819 2178 Νυκτερίνη
847 2098 938 2176 μῆνις
962 2082 1145 2168 ἑλελίζηται
1169 2087 1253 2152 καταί
1278 2097 1384 2180 γαῖαν·

647 2195 813 2284 Δυομενέες
839 2195 945 2285 βροτοί
959 2249 966 2263 .
982 2247 989 2262 .
1005 2249 1012 2263 .
1036 2197 1241 2286 ἑγχεσίχειρες

572 2327 601 2368 οο
638 2301 807 2392 Ἠμετέρην
831 2303 1039 2368 πελάοοουσιν
1064 2308 1116 2368 ὑπ’
1141 2303 1242 2395 ἄλγεα
1266 2313 1359 2394 γαῖαν
1385 2301 1520 2368 ἅπασαν.

648 2411 683 2473 Εἰ
708 2399 741 2474 δέ
765 2433 818 2474 κεν
842 2410 986 2500 ήμερινλ,
1012 2411 1087 2476 τότε
1111 2435 1162 2477 κεν
1188 2413 1335 2495 βασιλῆες
1359 2410 1468 2499 ἄτιμοι

624 2516 767 2583 ’Έσοονθ
795 2520 949 2610 ἡγεμόνες
973 2543 1008 2586 τε
1032 2518 1108 2585 θεῶν
1134 2509 1279 2610 διομηνίῃ
1305 2517 1433 2609 ὲχθρῶν.

949 2844 1059 2922 Ἥλιος
1083 2847 1114 2908 ἐν
1139 2846 1274 2936 καρκίνῳ

693 3062 728 3122 Εἰ
750 3049 778 3122 δ’
804 3057 862 3124 ἰιναί
886 3057 946 3134 τὴν
970 3061 1081 3150 μοίρην
1106 3070 1161 3125 τοῦ
1186 3061 1332 3151 καρκίνον
1355 3060 1474 3134 ἠελίοιο

647 3169 845 3256 Στείχοντος,
869 3168 945 3233 τότε
970 3160 1007 3242 δὴ
1035 3168 1134 3258 θερινὴ
1161 3169 1261 3258 τρόπη
1288 3171 1412 3258 ἔννυχος
1436 3171 1526 3234 ἔσται

570 3299 598 3341 ιο
646 3278 706 3350 Γῆς
730 3275 838 3358 ἔνοσις,
862 3283 957 3340 τοῦτο
981 3269 1089 3366 φράζει
1113 3275 1280 3348 κακότητα
1305 3278 1441 3366 βαρεάν·
1560 3261 1574 3284 “

638 3382 815 3473 Ἀργαλέην
838 3385 958 3459 πενίην,
983 3377 1157 3472 ὰλλαξέμεν
1182 3383 1324 3473 ημερινός
1349 3375 1393 3469 δὲ,

647 3485 765 3580 Φράζει
787 3497 867 3581 πῆμ’
893 3493 998 3568 αὐτοῖς
1022 3491 1076 3556 καί
1100 3491 1273 3558 ἀπόστασιν
1298 3494 1487 3560 ὠλεσίοικον.

960 3815 1070 3892 ’Ἤλιος
1095 3817 1125 3881 ἐν
1149 3813 1254 3880 λέοντι

686 4033 722 4094 Εἰ
744 4019 778 4096 δέ
803 4053 853 4098 κεν
877 4035 994 4108 ἠελίοιο
1017 4032 1143 4110 λέοντος
1168 4043 1277 4123 μοῖραν
1301 4032 1401 4108 ἰόντος

642 4139 793 4230 Νύκτερος
817 4141 947 4232 ὡρμηθῆ
974 4145 1069 4234 γαίης
1094 4143 1198 4221 σοίλος,
1223 4144 1336 4208 αὐτίκα
1359 4139 1470 4224 πένθη,

567 4270 595 4313 οο
642 4248 806 4340 Κλαυθμοί
830 4275 865 4315 τε
890 4254 1043 4342 στοναχαί
1066 4275 1102 4316 τε
1125 4252 1216 4316 πόλιν
1241 4252 1294 4315 καί
1316 4251 1393 4315 λαόν
1418 4249 1544 4315 ἅπαντα

620 4349 761 4439 ’Ἐξοοσ’,
785 4358 929 4448 ἡμερινὸς
955 4351 988 4425 δὲ
1011 4360 1116 4449 φανείς
1140 4361 1194 4424 καί
1217 4370 1321 4425 ταῦτα
1344 4357 1501 4448 πιφσίοκει.

366 4642 395 4683 v.
414 4625 457 4683 12.
476 4623 515 4682 M.
535 4626 674 4698 ίφορμίισῃ.
1169 4647 1197 4686 v.
1216 4629 1261 4685 22.
1279 4627 1318 4683 M.
1339 4631 1380 4680 διὰ
1399 4629 1498 4698 μκνίας.

363 4732 393 4773 V·
413 4717 455 4772 15.
468 4715 507 4774 Μ.
520 4715 616 4768 ίσοιται
628 4717 749 4787 ἣμερινίς.
762 4714 799 4770 In
811 4714 870 4772 fine
882 4719 970 4790 rupto
982 4721 1077 4774 metro
1168 4735 1196 4775 v.
1215 4717 1259 4772 23.
1278 4715 1319 4772 M.
1336 4717 1421 4787 ἠοῖρκν
1441 4736 1465 4768 τι
1484 4713 1534 4770 sic.

330 4804 398 4877 μίγα
417 4805 496 4877 ἔργον.
1167 4824 1195 4863 v.
1214 4805 1258 4860 24.
1277 4805 1311 4860 B.
1331 4807 1367 4857 ίθι
1386 4806 1424 4860 δή.
1443 4833 1479 4846 -
1497 4803 1536 4858 M.
1555 4807 1644 4873 θιριναί
1663 4803 1761 4874 τροπαί.

363 4911 392 4952 v.
413 4895 456 4951 18.
474 4892 514 4950 Μ.
535 4895 666 4965 ἰρχαμίνου
685 4901 734 4958 τοῖς
754 4897 864 4968 ἰκρίσεσιν
884 4899 934 4953 εἰσ.
1166 4913 1195 4954 v.
1213 4895 1258 4951 25.
1276 4895 1316 4950 M.
1335 4897 1350 4951 ἰ.
1371 4897 1464 4955 κίνησις
1485 4898 1556 4947 τοῦτο
1577 4896 1649 4966 φίριι.

364 5000 394 5039 v.
414 4983 456 5038 19.
476 4984 514 5039 M.
533 4989 630 5040 totum
643 5002 721 5042 vers.
735 5003 791 5042 om.
810 4985 845 5042 B.
865 4986 986 5059 supplet
1004 4986 1079 5044 infe·
1166 5003 1195 5041 v.
1214 4985 1258 5041 26.
1277 4985 1310 5040 P.
1331 4985 1472 5054 ἰλλιξίμιν.

327 5071 426 5130 liciter
448 5077 572 5144 [σημαίνει
590 5077 636 5142 ὅτι]
653 5081 726 5147 δυομ.
1165 5091 1194 5131 v.
1212 5074 1256 5129 27.
1275 5073 1309 5127 Β.
1329 5077 1471 5126 ἀντίστασιν.

280 5179 283 5184 ’
361 5180 390 5219 v.
406 5163 451 5219 20.
465 5162 498 5219 Β.
510 5165 628 5236 ύμιτίρην
646 5172 792 5220 πιλιίοουσιν
808 5166 845 5222 ἰπ’
862 5173 956 5242 ἄλγεσι.
970 5168 1010 5224 Μ,
1023 5167 1077 5224 im-
1165 5182 1194 5223 v,
1213 5165 1257 5220 28.
1275 5166 1309 5221 P.
1330 5171 1418 5237 μοίροιν
1439 5166 1553 5226 ἀνιόντος.
1572 5161 1611 5218 Μ.
1632 5163 1700 5235 μοῖρ’
1719 5162 1797 5218 ἰόντος.

325 5252 406 5308 mani
424 5252 574 5310 barbarie:
592 5256 687 5327 ἢμίραν
707 5264 777 5312 παλιλ
791 5263 872 5316 σοισῆν
892 5261 1015 5331 ύπάλγια.
1165 5273 1194 5314 v.
1213 5257 1257 5313 31.
1276 5257 1316 5312 Μ.
1334 5255 1368 5313 Β.
1388 5257 1531 5329 πιφαύσκοι.

323 5363 325 5367 ·
361 5358 390 5400 v.
409 5343 453 5400 21.
471 5343 511 5401 Μ.
530 5347 652 5417 θμιρινός.
