4022 6072
271 537 307 591 64
365 618 369 624 ¹
844 532 1033 623 Antipater
1052 533 1248 608 Bostaaas

271 725 310 788 υρ
346 725 452 790 ετερου
477 701 543 791 ἅμα.
569 713 633 778 τοῖς
658 699 741 768 οὖσιν
765 703 825 774 τὸν
849 699 938 783 τάξιν
962 715 1018 770 τοῦ

271 802 348 872 εἶνοιι
371 801 492 891 timisa,
517 811 589 874 οὔτε
613 809 654 873 τὸ
680 811 836 900 γεγονότα
860 813 1018 900 ὁμοτίμοις

273 918 389 1004 ἔχοντα
413 925 458 998 τῷ
485 920 552 999 Θεῷ
576 929 688 1006 φυσικῇ
719 918 794 1006 πρὸς
828 918 921 981 αὐτὸν
948 921 1020 981 ἀκο-

271 1021 381 1108 λουθίᾳ
405 1027 472 1112 ἔχει
495 1025 532 1089 τὸ
558 1020 652 1089 εἶναι·
677 1029 732 1090 οὐκ
757 1024 816 1115 ἄρα
840 1024 907 1112 ἅμα
931 1027 1017 1109 Θεὸς,

272 1131 338 1220 ἅμα
361 1131 475 1198 πάντα.

317 1465 353 1523 Ei
365 1459 432 1546 ἅμα
445 1458 531 1533 Θεὸς,
546 1456 613 1546 ἅμα
628 1457 745 1540 πάντᾳ,
763 1456 910 1533 ὡσαύτως
926 1457 1019 1548 ἀνάγ-

262 1585 311 1641 'uu
338 1570 422 1656 ἔχειν
445 1567 500 1631 τὸν
518 1567 595 1631 Θεὸν
614 1565 668 1630 καὶ
683 1565 846 1630 τὸπάντα
870 1567 907 1631 τὸ
932 1561 1017 1632 εἶναι·

271 1683 297 1741 εἰ
321 1668 354 1740 δέ
379 1701 426 1752 τις
443 1680 474 1740 ἐν
491 1675 613 1751 τούτοις
631 1685 685 1740 τοῦ
702 1670 779 1740 εἶναι
797 1667 937 1766 ὸιυρορᾶ,
962 1681 1018 1740 οὑν.

274 1782 349 1872 ἅμα.

317 1896 353 1956 Εἰ
377 1893 443 1981 ἅμα
460 1892 547 1974 Θεὸς,
565 1891 631 1980 ἅμα
650 1890 766 1974 πάντα,
782 1900 869 1978 πᾶσα
886 1882 1018 1980 διαφορὰ

270 2001 395 2090 πρώτου
420 2000 474 2064 uui
491 1991 645 2089 ὸεντέρον,
662 2009 824 2073 ποιοῦντος
841 1997 895 2061 καὶ
916 2021 1019 2062 ποιου-

272 2109 364 2198 μένου
390 2113 559 2198 ἀναρεῐτοιι,
586 2109 653 2172 ἐπεὶ
676 2111 732 2172 οὐκ
756 2110 833 2196 ἅμα.

317 2334 352 2392 Εἰ
369 2329 435 2418 ἅμα
450 2327 536 2404 Θεὸς,
550 2326 616 2413 ἅμα
629 2324 777 2410 uitauit
796 2325 922 2414 γέγονεν
939 2321 1017 2411 ἅμα,

270 2435 290 2508 τὸ
317 2438 480 2511 ἀπονήτως
506 2437 627 2524 ἔχουσιν
645 2435 682 2497 τὸ
707 2433 773 2521 ἅμα
797 2427 884 2512 εἶναι,
909 2421 1014 2501 ἐπειδὴ

271 2548 302 2610 ἐν
327 2544 429 2627 τούτῳ
455 2541 576 2631 ἀνάγκη
603 2538 812 2630 σημαίνεσθαι
836 2540 874 2603 τὸ
895 2537 971 2626 ἅμα.

317 2767 352 2825 Εἰ
377 2761 442 2850 ἅμα
467 2759 555 2834 Θεὸς,
582 2759 648 2845 ἅμα
671 2756 788 2838 πάντα,
809 2765 874 2830 πῶς
898 2754 935 2819 τὸ
961 2755 1016 2842 μὲν

273 2863 456 2951 ἀδέσποτον,
478 2866 519 2931 τοὶ
544 2859 578 2931 δὲ
602 2857 816 2952 ὸεσποζὸμενε
840 2874 898 2939 τῆς
922 2863 1019 2952 ὑπάρ-

270 2973 356 3059 ξεως,
382 2969 432 3042 διὸ.
457 2987 512 3040 τοῦ
530 2975 597 3066 ἅμα
614 2975 767 3066 ὁμοτίμου
789 2975 883 3049 οὔσης
907 2971 959 3036 καὶ
983 2974 1016 3036 οὐ

271 3077 417 3175 διάφορον
433 3081 473 3167 ι);

315 3199 351 3258 Εἰ
364 3193 430 3283 ἅμα
444 3192 532 3267 Θεὸς,
550 3190 617 3280 ἅμα
628 3187 746 3274 πάντα,
764 3179 850 3253 onitu
864 3195 927 3251 τῶν
944 3186 1019 3250 ’.τάν-

270 3327 332 3366 των
358 3301 478 3392 γέγονε·
502 3303 529 3364 εἰ
548 3291 581 3362 δὲ
606 3296 646 3362 τὰ
669 3296 775 3361 πάντα
800 3296 940 3385 γέγονεν,
964 3296 1017 3385 γε’-

270 3433 359 3500 γονεν
384 3407 450 3495 ἅμα
474 3406 560 3470 auti
583 3405 668 3485 Θεὸς,
694 3404 760 3468 ἐπεὶ
784 3406 840 3467 οὐκ
861 3403 927 3489 ἅμα
951 3413 1016 3477 τοῖς

271 3516 432 3609 γεγονόσιν
454 3519 469 3577 ὁ
494 3515 531 3578 τὸ
557 3511 600 3601 μὴ
627 3514 753 3603 γεγονὸς
777 3513 842 3600 ἔχει
866 3511 903 3575 τὸ
928 3505 1015 3577 εἶναι.

316 3737 351 3796 Εἰ
375 3729 442 3820 ἅμα
460 3729 547 3812 Θεὸς,
566 3728 632 3816 ἅμα
648 3727 764 3802 πάντα,
783 3727 931 3800 ἀλλήλων
957 3717 1017 3789 δεῖ·

270 3865 326 3906 ται
349 3843 389 3914 εἱς
414 3838 451 3902 τὸ
476 3832 562 3919 εἶναι,
581 3837 684 3922 ὥσπερ
701 3833 743 3898 τοὶ
768 3835 844 3923 μέρη
864 3841 919 3896 τοῦ
944 3831 1017 3894 κόσ-

272 3969 341 4034 μου,
358 3943 377 4015 ἢ
396 3947 559 4018 παντελῶς
574 3943 733 4013 ἀλλήλων·
748 3945 781 4004 οὐ
798 3933 909 4030 χρήζει
927 3931 959 4002 it
976 3936 1017 4000 rei

270 4053 376 4118 πάντα
389 4059 479 4130 Θεοῦ,
493 4054 549 4116 οὐκ
563 4050 620 4140 ἄρα.
634 4050 701 4138 ἅμα
717 4049 805 4125 Θεὸς,
819 4047 885 4136 ἅμα
900 4045 1016 4112 πάντα.

316 4268 360 4332 Τὸ
383 4276 489 4331 ποιοῦν
507 4274 561 4329 τοῦ
579 4263 757 4354 γενομένου,
784 4261 905 4354 ἀνάγκη
932 4271 1017 4326 πᾶοοι

270 4374 493 4466 προυπάρχειν,
511 4373 564 4437 uni
580 4373 617 4437 τὸ
635 4372 796 4462 γινόμενον
820 4379 877 4434 τοῦ
900 4379 1020 4434 ποιοῦν-

270 4508 324 4561 τος
348 4481 556 4572 μεθυπάρχειν
580 4479 714 4555 πάντως.
734 4481 808 4554 Θεὸς
827 4470 859 4544 ὸὲ
882 4476 1018 4552 ποιητὸς

271 4601 333 4655 τῶν
350 4590 488 4670 πάντων,
502 4591 557 4653 οὐκ
571 4589 628 4676 ἄρα
644 4588 709 4675 ἅμα
723 4589 808 4664 Θεὸς,
823 4586 889 4676 ἅμα
902 4583 1017 4650 πάντα.

316 4700 359 4764 Τὸ
384 4689 481 4764 &tirou
507 4707 562 4762 τοῦ
586 4691 663 4762 εἶναι
686 4700 741 4762 οὐκ
768 4689 899 4786 ἤρξατο,
923 4693 960 4758 τὸ
985 4685 1018 4757 ὸὲ

271 4808 445 4899 γινόμενον,
471 4807 538 4872 ἐπεὶ
563 4804 606 4894 μὴ
632 4803 680 4882 ἦν,
698 4807 828 4895 γίνεται·
853 4802 1016 4892 γενόμενον

272 4907 305 4984 δὲ
321 4927 376 4982 τοῦ
393 4909 471 4981 εἶναι
488 4915 629 5003 ἄρχεται·
647 4913 683 4977 τὸ
701 4905 735 4977 ὸὲ
756 4913 939 5002 ἀρχόμενον,
963 4912 1019 4974 οὐκ

271 5017 379 5091 &tirou
405 5027 461 5089 οὐκ
486 5023 544 5113 ἄρα
568 5020 610 5086 τὰ
634 5014 790 5110 ἀρξόμενοι
814 5029 860 5102 τῷ
885 5022 1017 5110 ἀρχυγῷ

271 5133 348 5220 ἅμα.

308 5365 328 5436 ¹)
347 5363 425 5418 Foru.
445 5365 570 5434 διαφόρου.

1073 731 1112 774 ex
1126 709 1213 774 illius
1229 709 1434 794 dispositione
1451 713 1511 796 qui
1522 735 1591 776 earn
1608 714 1738 779 dederit.
1756 715 1817 782 Sed

1072 839 1202 902 prorsus
1225 819 1348 884 anullo
1365 819 1428 885 alio
1445 821 1530 885 Deus
1546 845 1610 886 uua
1626 845 1697 888 cunr
1721 824 1816 890 rebus

1074 925 1269 989 exstantibus
1293 925 1530 1010 dispositionem
1560 930 1690 1014 recepit,
1714 953 1817 1015 neque

1073 1037 1235 1097 creaturae
1253 1034 1397 1126 eumdem
1413 1049 1450 1101 a‘c
1468 1035 1552 1100 Deus
1568 1037 1720 1117 honorem
1743 1061 1816 1104 nae-

1072 1144 1134 1220 ὸεε,
1159 1163 1195 1206 ex
1218 1146 1334 1206 natura
1356 1141 1416 1206 Dei
1432 1148 1670 1227 consequenter,
1695 1144 1816 1208 habent

1072 1250 1156 1314 unde
1180 1251 1329 1316 existant.
1354 1250 1442 1335 Ergo
1465 1273 1530 1316 non
1546 1251 1632 1318 Deus
1653 1251 1759 1333 simul,
1775 1253 1817 1317 si·

1073 1356 1141 1421 mul
1163 1359 1280 1423 omnia.

1118 1465 1151 1531 si
1176 1465 1261 1531 Deus
1284 1466 1390 1546 simul,
1409 1467 1504 1532 simul
1528 1463 1644 1545 omnin,
1668 1465 1816 1533 similiter

1072 1595 1198 1652 necesse
1229 1578 1338 1639 estut
1362 1574 1504 1640 Deuset
1532 1575 1638 1640 omnia
1668 1574 1815 1640 existant.

1072 1681 1135 1747 Sed
1165 1681 1192 1747 si
1222 1683 1376 1766 quaedam
1400 1687 1449 1747 est
1472 1683 1650 1750 differentia
1679 1683 1713 1748 in
1741 1681 1815 1763 illie,

1073 1811 1151 1874 ergo
1174 1812 1237 1854 non
1262 1790 1348 1855 Dens
1371 1791 1477 1870 simul,
1502 1791 1597 1856 simul
1620 1789 1736 1856 omnia.

1117 1895 1151 1962 si
1175 1897 1261 1962 Deus
1284 1897 1396 1977 simul,
1420 1897 1516 1962 simul
1541 1896 1665 1977 omnia,
1689 1895 1816 1961 tollitur

1071 2025 1290 2089 quaecumque
1314 2003 1494 2069 differentia
1513 2001 1597 2068 inter
1620 2001 1759 2086 primum
1783 2013 1816 2066 et

1071 2112 1255 2191 secundnm,
1267 2111 1351 2177 inter
1364 2111 1532 2178 facientem
1546 2114 1579 2175 et
1592 2110 1723 2190 fautum,
1737 2107 1816 2174 alio-

1072 2221 1149 2306 quin
1172 2241 1236 2284 non
1259 2218 1355 2284 simul
1378 2223 1464 2284 sunt.

1117 2325 1151 2391 Si
1176 2325 1261 2392 Deus
1282 2325 1387 2406 simul,
1403 2325 1500 2391 simul
1515 2325 1630 2406 omnia,
1647 2324 1698 2389 vel
1720 2323 1816 2390 simul

1071 2433 1156 2500 sacta
1180 2437 1264 2515 sunt,
1288 2434 1340 2498 vel
1363 2433 1431 2498 sine
1446 2435 1606 2500 creatione
1625 2431 1755 2514 habent,
1779 2435 1816 2528 ut

1071 2543 1166 2608 simul
1189 2544 1264 2623 sint,
1281 2542 1357 2627 quin
1373 2543 1433 2608 hoe
1449 2542 1543 2608 modo
1560 2563 1685 2608 neeesse
1705 2546 1753 2607 est
1775 2541 1816 2608 si·

1071 2651 1217 2736 gnificari
1241 2651 1301 2716 hoc
1325 2650 1456 2716 verbum
1480 2650 1584 2715 simul.

1116 2756 1150 2824 si
1173 2756 1260 2822 Deus
1282 2755 1389 2838 simul,
1406 2757 1501 2822 simul
1518 2757 1635 2837 omnia,
1659 2755 1817 2840 quomodo

1073 2887 1169 2930 unum
1193 2864 1255 2929 erit
1276 2864 1343 2929 sine
1367 2864 1510 2945 domino,
1535 2869 1568 2928 et
1591 2863 1736 2950 eliasub
1762 2865 1817 2930 do·

1071 2974 1157 3038 mino
1180 2974 1214 3038 in
1230 2972 1422 3038 existentia?
1438 2973 1522 3057 quod
1537 2973 1622 3038 enim
1637 2973 1733 3039 simul
1757 2975 1816 3054 est,

1071 3083 1212 3168 ejusdem
1237 3085 1286 3147 est
1308 3081 1448 3162 honoris,
1472 3081 1540 3146 sine
1563 3081 1754 3148 discrimine.

1116 3189 1149 3254 si
1173 3188 1259 3254 Deus
1275 3188 1381 3269 simul,
1398 3188 1494 3254 simul
1510 3189 1626 3271 omnia,
1643 3189 1732 3255 nulla
1748 3211 1816 3254 om·

1071 3296 1158 3360 nium
1172 3317 1278 3360 rerum
1290 3295 1376 3361 faeta
1389 3299 1455 3372 est;
1472 3296 1498 3360 si
1511 3297 1618 3362 omniu
1634 3296 1815 3377 factasunt,

1070 3425 1148 3488 ergo
1163 3402 1251 3468 Deus
1264 3424 1390 3487 quoque
1403 3401 1506 3468 faetus
1522 3407 1579 3484 est,
1597 3403 1716 3487 quippe
1732 3404 1816 3488 qnod

1071 3532 1134 3575 non
1157 3509 1278 3577 factum
1291 3510 1533 3591 est,nonsimul
1549 3511 1727 3578 hebetasse
1744 3534 1815 3580 cum

1071 3621 1237 3687 creaturis.

1116 3727 1150 3793 Si
1173 3726 1261 3792 Deus
1284 3727 1391 3809 simul,
1415 3727 1510 3798 simul
1535 3729 1650 3808 omnis,
1671 3727 1722 3794 uel
1745 3728 1816 3794 aliie

1070 3835 1216 3919 indigent
1240 3838 1276 3898 ut
1299 3833 1374 3913 sint,
1392 3834 1474 3900 sieut
1491 3835 1601 3900 mundi
1624 3840 1742 3919 partes,
1766 3835 1816 3901 vel

1070 3965 1133 4008 non
1147 3942 1292 4027 indigent
1304 3965 1443 4027 prorsus.
1457 3943 1608 4030 Indigent
1624 3937 1732 4010 autern
1748 3966 1815 4009 om·

1071 4051 1124 4116 nia
1148 4050 1232 4130 Deo;
1257 4073 1335 4136 ergo
1364 4074 1427 4116 non
1459 4051 1544 4118 Deus
1573 4053 1679 4133 simul,
1708 4050 1816 4119 omnia

1072 4157 1176 4223 simul.

1116 4265 1254 4331 Necesse
1263 4270 1313 4331 est
1323 4265 1451 4333 omnino
1463 4270 1500 4331 ut
1510 4266 1594 4351 quod
1604 4267 1720 4348 existit,
1729 4267 1815 4334 facto

1072 4375 1277 4458 praeexistat,
1294 4380 1326 4440 et
1342 4375 1426 4460 quod
1442 4376 1563 4441 factum
1580 4379 1628 4440 est
1645 4375 1758 4441 factori
1774 4375 1816 4440 eit

1060 4484 1241 4567 *posterius
1259 4484 1358 4568 Atqui
1376 4484 1461 4550 Deus
1478 4483 1580 4549 factor
1593 4488 1640 4548 est
1657 4484 1814 4563 omnium

1072 4612 1150 4675 ergo
1173 4614 1237 4657 non
1260 4591 1356 4656 simul
1380 4591 1476 4671 Deae,
1500 4591 1597 4656 simul
1620 4591 1736 4657 omnia.

1118 4697 1209 4774 Quod
1233 4701 1399 4762 aeternum
1422 4703 1480 4776 est,
1506 4719 1572 4762 esse
1598 4718 1661 4761 non
1684 4696 1815 4781 incipit;

1073 4803 1157 4888 quod
1180 4804 1301 4868 factum
1325 4807 1383 4882 eet,
1407 4805 1481 4887 quia
1504 4826 1568 4870 non
1591 4807 1670 4884 erat,
1694 4803 1817 4870 factum

1073 4915 1131 4976 est.
1148 4909 1283 4975 Factum
1299 4913 1407 4974 autem
1423 4930 1490 4974 esse
1506 4909 1635 4994 incipit;
1660 4909 1744 4994 quod
1767 4910 1815 4975 in-

1072 5017 1160 5100 cipit,
1173 5038 1237 5081 non
1250 5019 1297 5080 est
1313 5019 1486 5081 aeternum.
1503 5015 1598 5081 Haud
1613 5015 1715 5101 igitur
1730 5015 1814 5101 quod

1072 5122 1194 5207 incipit,
1204 5121 1299 5187 simul
1310 5126 1357 5187 est
1367 5144 1438 5188 cunr
1449 5123 1606 5206 principio
1616 5123 1815 5189 existentiae.
