3978 6070
250 562 286 617 56
393 551 455 625 Αιι
472 553 587 626 lumen
604 553 803 626 animarum
820 551 1041 644 corporeum?
1055 591 1099 600 -
1114 549 1176 624 Αιι
1194 551 1251 624 via
1268 551 1376 625 lactea
1393 550 1445 624 vel
1462 551 1648 625 zodiacus?

249 715 284 790 δὲ
306 723 415 789 λοιπὸν
439 725 501 790 ἀτί)
525 725 628 801 οὐσίας
653 715 706 790 διά
720 717 802 802 ζωῆς
820 723 870 789 ἐπί
886 733 1009 815 γνῶσιν·
1028 713 1077 789 δεῖ
1090 722 1149 814 γάρ
1166 716 1354 814 πρσύάλλειν
1375 723 1431 813 μέν
1455 722 1515 797 τὴν
1540 724 1655 802 οὐσίαν,
1679 722 1739 795 τὴν
1763 715 1797 790 δέ

249 825 333 911 ζωὴν
357 831 518 922 ὀρέγεσθαι
541 843 596 899 τοῦ
621 831 752 925 ἀγαθοῦ,
776 831 836 905 τὴν
855 823 888 898 δὲ
911 833 1009 922 κρίσιν
1030 829 1213 896 σκοπεῖσθαι
1236 833 1270 897 τί
1288 832 1327 896 τὸ
1351 829 1470 921 ἀγαθὸν
1494 833 1525 896 ἐν
1549 842 1615 930 τοῖς
1638 853 1798 920 προκεχει-

250 938 400 1030 ρισμένοις
418 941 504 1023 βίοις·
519 951 661 1006 τοσαῦτα
676 939 745 1030 περί
761 941 882 1006 τούτων
900 943 1025 1031 εἴχομεν
1041 941 1152 1032 λέγειν.
1172 980 1214 989 -
1226 939 1359 1006 Ἔπεται
1376 931 1410 1004 δέ
1425 932 1544 1021 ζητεῖν,
1562 941 1594 1004 τί
1617 939 1696 1005 ποτέ
1713 942 1796 1004 ἐστιν

248 1055 344 1112 τοῦτο
367 1047 405 1110 τὸ
430 1055 502 1136 φῶς,
526 1045 542 1111 θ
567 1038 605 1118 δὴ
631 1047 724 1136 φησὶν
749 1048 883 1140 καθορᾶν
900 1047 957 1126 τάς
974 1045 1074 1138 ψυχάς
1091 1053 1107 1113 ὁ
1125 1047 1229 1138 μῦθος.
1245 1048 1306 1112 Καί
1321 1058 1443 1139 πρῶτον
1467 1041 1627 1137 λάθωμεν,
1652 1051 1701 1112 ίνα
1723 1047 1797 1136 πρὸς

208 1180 221 1218 ι
248 1153 430 1246 τεταγμένα
455 1153 539 1220 άττα
564 1155 744 1239 βλέποντες,
768 1155 973 1246 ποιησώμεθα
989 1156 1048 1229 τὴν
1064 1158 1134 1248 περί
1152 1159 1246 1222 αὑτοῦ
1264 1151 1408 1242 ζήτησιν,
1426 1153 1476 1222 σία
1492 1157 1562 1246 περὶ
1586 1159 1681 1222 αὐτοῦ
1705 1156 1797 1245 φησὶν

248 1268 264 1328 ὁ
281 1263 375 1354 λόγος
391 1274 447 1328 τοῦ
464 1287 500 1329 τε
516 1263 643 1329 θεᾶσθαι
659 1263 833 1355 φάσκοντος
850 1269 945 1332 αὐτοῦ
962 1277 1074 1357 φανῶς,
1091 1266 1194 1356 λέγειν
1211 1267 1315 1331 τοίνυν
1332 1257 1504 1354 σύνδεσμον
1521 1265 1576 1354 μὲν
1597 1263 1675 1329 αύτὸ
1690 1273 1745 1330 τοῦ
1762 1287 1798 1329 τε

248 1376 375 1462 ούρανοῦ
399 1373 453 1438 καί
475 1383 534 1450 τῆς
557 1383 617 1464 γῆς
640 1373 800 1465 ὑπάρχειν,
824 1375 996 1465 τεταμένον
1014 1368 1048 1438 δὲ
1065 1369 1142 1439 εἶναι
1159 1365 1211 1439 διά
1230 1374 1347 1450 παντὸς
1371 1378 1510 1463 ούρανοῦ,
1535 1373 1588 1438 καί
1612 1373 1689 1438 αύτὸ
1714 1375 1799 1455 αύτῷ

249 1478 383 1568 συνεχές,
407 1489 520 1569 χρῶμα
543 1495 583 1551 -ζζ-
607 1471 641 1545 δέ
656 1482 738 1571 ἔχειν
754 1493 795 1567 τῇ
814 1473 887 1572 ἴριδι
902 1480 1080 1572 προσρερές,
1099 1481 1318 1573 λαμπρότερον
1335 1474 1368 1548 δὲ
1385 1484 1468 1572 ὅμως
1492 1485 1621 1565 ἐκείνης,
1645 1473 1800 1572 ηδρᾶσθαι

249 1577 283 1653 δέ
306 1590 385 1652 κίονι
408 1590 644 1678 παραπλησίως,
663 1591 802 1677 συνέχειν
820 1580 853 1654 δὲ
868 1597 972 1653 πᾶσαν
988 1587 1048 1660 την
1064 1588 1242 1678 περιφορὰν,
1259 1587 1301 1653 τά
1318 1581 1352 1654 δὲ
1368 1588 1449 1680 άκρα
1470 1592 1564 1654 αὐτοῦ
1588 1597 1651 1653 τῶν
1675 1578 1798 1677 δεσμῶν

194 1718 221 1757 ιι
248 1695 397 1785 ἄρχεσθαι
415 1696 476 1761 ἀπὸ
493 1705 547 1760 τοῦ
564 1701 703 1786 ούρανοῦ,
720 1694 773 1760 καί
789 1689 868 1760 εἶναι
883 1694 942 1767 τὴν
957 1695 1057 1786 ἀρχὴν
1070 1699 1144 1773 ἐκεῖ,
1161 1696 1215 1760 καί
1231 1694 1347 1762 ἐκεῖθεν
1365 1699 1407 1772 εἰς
1422 1694 1465 1761 τά
1485 1695 1653 1785 κατωτέρω
1670 1685 1796 1768 διήκειν.

248 1802 388 1896 Ἀνάγκη
414 1805 529 1888 τοίνυν,
553 1803 676 1869 τούτων
699 1804 758 1869 ύπὸ
782 1814 838 1868 τοῦ
854 1803 939 1894 Ἠρὸς
957 1803 1141 1892 σαφέστατα
1160 1803 1345 1894 εἰρημένων,
1368 1803 1388 1878 ἢ
1415 1802 1583 1894 ἀσώματον
1603 1798 1681 1868 εἶναι
1703 1813 1798 1868 τοῦτο

247 1913 285 1978 τὸ
310 1922 383 2004 φῶς,
407 1912 461 1977 καί
486 1913 660 2001 ἀσωμάτως
684 1911 814 2004 ὁρᾶσθαι
834 1914 902 2003 παρ’
932 1912 1047 1977 ἐκείνου
1071 1922 1136 1988 τοῖς
1160 1911 1312 2000 ὄμμα[σιν
1336 1923 1394 1989 τῆς
1414 1910 1528 2003 ψυχῆς]

249 2128 274 2195 f.
294 2131 368 2210 133,
385 2129 404 2194 7
423 2151 507 2195 vers.
523 2129 630 2196 manci
643 2129 718 2215 plus
730 2100 854 2194 minus':
879 2127 1035 2194 ...πάντα
1052 2128 1258 2218 ἀσωμάτων...
1277 2124 1339 2194 οἷον
1356 2125 1398 2192 τά
1418 2125 1526 2200 πλάτη
1553 2125 1694 2191 καί...τά
1717 2124 1799 2216 χρώ·

249 2258 337 2322 ματα
354 2236 457 2299 αὐτῶν
475 2235 547 2300 ούτε
563 2234 606 2298 τά
621 2233 743 2300 πάντα.
755 2285 761 2298 .
773 2285 779 2299 .
790 2245 893 2314 τικῶς·
911 2233 973 2302 οἷον
989 2234 1047 2312 τάς
1063 2238 1176 2327 Μοίρας
1193 2235 1247 2300 καί
1263 2234 1323 2309 τὴν
1341 2259 1383 2324 μη
1391 2234 1487 2325 [τέρα]
1503 2240 1633 2324 Μοιρῶν,
1650 2231 1708 2298 κάν
1722 2256 1799 2320 συμ-

195 2358 221 2396 1⁵
248 2335 381 2420 ύολικῶς
398 2334 475 2430 δοκῇ
494 2340 622 2409 θεᾶσθαι
637 2345 799 2433 [ὁρῶν]τας
812 2355 1009 2434 σωματικῶς,
1026 2343 1213 2436 ἀσωμάτους
1229 2347 1348 2419 οὔσας...
1364 2342 1418 2408 καί
1435 2353 1530 2409 τοῦτο
1546 2341 1583 2406 τὸ
1601 2351 1673 2430 φῶς,
1686 2342 1798 2431 ὁρατὸν

248 2451 345 2530 ὅντως
363 2450 396 2518 δν
415 2457 472 2542 ὁρᾷ
487 2451 542 2516 καί
559 2452 750 2542 σωματικόν·
766 2451 785 2524 ἢ
804 2451 974 2542 ἀσώματον
992 2453 1058 2543 μὲν,
1075 2459 1115 2529 ὡς
1132 2453 1315 2544 φαινόμενον
1332 2443 1366 2518 δέ
1383 2442 1579 2539 συμύολικῶς
1597 2448 1801 2540 ἀρερμηνεύει

247 2561 285 2626 τὸ
302 2559 482 2650 ἀσώματον,
500 2561 552 2625 καί
564 2571 705 2626 τοιοῦτον
723 2551 757 2626 δέ
772 2563 799 2626 εί
814 2562 909 2645 ἔστιν,
926 2567 965 2638 ὡς
982 2562 1078 2638 ὄντως
1093 2557 1169 2626 εἶναι
1183 2571 1273 2651 σῶμα
1287 2560 1340 2624 καί
1353 2559 1464 2649 ὁρατὸν
1478 2567 1676 2648 σωματικῶς
1697 2555 1715 2628 ἢ
1733 2565 1796 2621 τῶν

247 2674 368 2759 ὁρατῶν
392 2672 460 2734 ἐστι
483 2669 624 2746 καὶτοῖς
647 2669 809 2759 ἡμετέροις
833 2667 1015 2759 ὁρθαλμσῖς,
1032 2669 1051 2742 ἣ
1071 2679 1133 2734 τῶν
1159 2668 1300 2760 ἀοράτων
1324 2665 1446 2742 τούτοις
1463 2688 1499 2757 γε
1522 2675 1587 2742 τοῖς
1611 2675 1666 2730 τοῦ
1690 2661 1797 2728 ἐνάλου

248 2776 401 2866 σώματος.
427 2784 528 2843 Τοῦτο
552 2777 606 2867 μὲν
631 2777 745 2860 τοίνυν,
762 2776 817 2840 καί
839 2775 1039 2841 παντάπασιν
1064 2775 1192 2854 άτοπον,
1216 2775 1329 2866 ὁρατὸν
1346 2776 1423 2838 αὐτὸ
1444 2783 1508 2848 τοῖς
1532 2773 1653 2864 ὄμμασι
1676 2770 1798 2846 τούτοις

194 2900 221 2939 ²⁰
246 2895 356 2967 ποιεῖν,
381 2885 464 2975 εἴπερ
488 2875 559 2950 ούδέ
573 2894 637 2960 τοῖς
654 2887 686 2949 ἐν
702 2893 747 2966 τῷ
764 2887 892 2972 λειμῶνι
909 2874 1120 2973 διατρίύουσιν
1138 2887 1210 2974 ὁραῖν
1228 2883 1322 2948 αύτὸν
1348 2872 1481 2947 δυνατὸν
1504 2875 1553 2961 ἧν,
1578 2875 1662 2942 ἀλλά
1684 2899 1799 2965 τεταρ-

247 2993 347 3068 ταίοις
371 2997 413 3068 εἱς
436 2993 474 3057 τὸ
491 2991 554 3057 ἀνω
571 2990 771 3082 πορευθεῖσιν.
789 2997 824 3056 Εἰ
840 2983 875 3057 δέ
888 2989 975 3057 τοῦτ’
994 2991 1119 3077 ἀληθὲς,
1136 2988 1198 3057 οἷον
1214 2990 1353 3080 πόρισμα
1368 2987 1518 3072 ληπτέον,
1543 2991 1584 3062 ὡς
1608 2986 1667 3075 ἀρα
1692 2983 1798 3073 μάτην

247 3100 391 3191 λέγουσιν
416 3106 444 3166 οἱ
467 3101 522 3165 τὸν
546 3094 702 3192 γαλαξίαν
735 3095 812 3166 εἶναι
842 3111 937 3166 τοῦτο
969 3101 1109 3177 είπὸντες
1141 3099 1180 3164 τὸ
1205 3107 1284 3187 φῶς,
1309 3096 1328 3169 ἢ
1354 3097 1408 3162 τὸν
1432 3104 1495 3160 τῶν
1527 3083 1645 3174 ζωδίων
1668 3091 1799 3156 κύκλον·

248 3211 381 3285 ἐκείνους
405 3207 465 3299 γάρ
490 3209 544 3274 καί
560 3209 611 3273 ἐπί
626 3219 685 3300 γῆς
702 3208 788 3284 ὄντες
805 3213 932 3299 ὁρῶμεν·
949 3211 1003 3274 καί
1019 3199 1090 3273 ούδέ
1106 3199 1158 3273 διά
1174 3207 1292 3282 παντός
1307 3211 1366 3271 εἰσι
1389 3215 1444 3270 τοῦ
1468 3207 1596 3294 ούρανοῦ
1620 3202 1800 3289 τεταμένοι,

249 3315 303 3381 καί
326 3319 360 3381 ού
385 3317 564 3406 συνέχουσιν
587 3315 647 3390 τὴν
664 3316 840 3407 περιφοράν,
858 3317 929 3382 ἀλλ’
948 3321 978 3382 ἐν
996 3318 1081 3407 μέρει
1097 3317 1158 3382 τινί
1174 3327 1239 3392 τοῖς
1256 3313 1363 3390 ἀλλοις
1380 3315 1492 3402 ὁμοίως
1508 3312 1633 3386 κύκλοις
1650 3301 1799 3388 διέξωσαν

194 3445 222 3482 ²⁵
249 3425 304 3491 τὸν
329 3428 455 3500 ἀπλανῆ
481 3425 604 3490 κύκλον.
620 3429 656 3489 Εἰ
673 3417 707 3490 δέ
724 3424 766 3514 μὴ
785 3425 976 3515 σωματικὸν,
995 3417 1077 3515 μηδὲ
1093 3425 1205 3516 ὁρατὸν
1221 3429 1298 3513 ἡμῖν
1315 3433 1380 3498 τοῖς
1396 3420 1530 3486 ἐνταῦθα
1554 3417 1799 3507 κατῳκισμένοις

248 3531 326 3602 εἶναι
349 3533 387 3599 τὸ
412 3543 473 3622 φῶς
496 3533 691 3609 ὑποθήσεταί
713 3559 772 3618 τις,
797 3532 966 3622 ἀσώματον
991 3523 1024 3598 δὲ
1047 3533 1101 3597 καί
1116 3530 1272 3606 ἀνιούσαις
1295 3533 1336 3604 εἰς
1360 3529 1398 3594 τὸ
1422 3527 1552 3604 ἄναντες
1577 3524 1707 3616 ὁρᾶσθαι
1729 3533 1799 3598 ταῖς

249 3638 373 3731 ψυχαῖς,
399 3637 461 3707 οῖον
485 3635 568 3718 ζωήν
593 3667 665 3708 τινα
688 3651 746 3708 τοῦ
768 3641 886 3718 παντὸς
910 3639 929 3714 ἢ
955 3639 1034 3705 άλλο
1058 3664 1092 3705 τι
1114 3649 1267 3715 τοιοῦτον,
1291 3627 1361 3702 οὐδὲ

250 3857 273 3925 f.
293 3861 356 3926 133
373 3882 414 3939 v.‚
432 3859 545 3926 eadem
560 3860 694 3926 lacuna:
720 3909 725 3921 .
741 3906 748 3922 .
762 3908 769 3922 .
784 3856 974 3947 ἀσωμάτου.
989 3906 995 3921 .
1011 3907 1017 3920 .
1042 3854 1283 3946 σχηματίστου.
1297 3902 1324 3916 ..
1349 3849 1558 3941 ὑπαρχούσης·
1576 3847 1686 3914 ἔπειτα
1702 3851 1729 3912 εἰ
1745 3845 1800 3911 καί

250 3989 314 4055 συμ
328 4017 336 4034 .
351 4018 380 4034 ..
403 3966 458 4030 καί
481 3965 532 4030 ἐπί
548 3975 606 4042 τῆς
623 3964 793 4054 ἀσωμάτου
810 3964 989 4056 φύσεως...
1014 3965 1052 4030 τὸ
1069 3973 1182 4054 χρῶμα
1196 3953 1412 4052 παραύάλλειν
1429 3959 1467 4024 τὸ
1492 3949 1687 4046 συμύολικῶς
1708 3954 1798 4046 ῥηθὲν

196 4087 223 4126 ³⁰
248 4073 323 4162 πρὸς
347 4072 385 4137 τὸ
409 4071 480 4138 κατ’
505 4072 656 4147 ἀλήθειαν
681 4072 897 4163 κεχρωσμένον
921 4070 981 4145 τὴν
1010 4074 1078 4162 ἶριν,
1102 4070 1157 4135 καί
1179 4070 1282 4160 λέγειν
1314 4065 1531 4158 λαμπρότερον
1555 4064 1594 4129 τὸ
1617 4072 1674 4128 τοῦ
1698 4061 1799 4152 ρωτὸς

248 4181 367 4246 ἐκείνου
391 4189 505 4271 χρῶμα
529 4190 583 4246 τοῦ
608 4191 665 4257 τῆς
688 4173 782 4270 ἴριδος
806 4181 860 4245 καί
884 4179 1110 4271 καθαρώτερον·
1130 4182 1161 4244 ἐν
1186 4177 1245 4269 γάρ
1262 4186 1326 4252 τοῖς
1351 4173 1529 4266 ὁμογενέσιν
1554 4176 1586 4237 αἱ
1608 4163 1796 4261 παραύσλαὶ,

249 4289 302 4355 καὶ
326 4291 382 4354 οὐκ
406 4293 437 4355 ἐν
461 4300 527 4366 τοῖς
549 4293 713 4364 παντελῶς
737 4289 873 4364 ἀλλοίοις
896 4288 950 4352 καί
969 4287 1053 4353 κατά
1076 4311 1148 4352 τινα
1172 4277 1366 4378 συμύρλικὴν
1392 4282 1581 4372 ἀρομοίωσιν
1606 4276 1798 4369 λεγομένοις.

250 4399 398 4463 Αείπεται
420 4397 525 4462 τοίνυν
550 4396 735 4486 σωματικὴν
754 4396 809 4486 μὲν
827 4391 905 4462 είναι
921 4395 980 4470 τὴν
998 4397 1104 4461 οὐσίαν
1121 4394 1236 4460 τούτου
1253 4401 1308 4456 τοῦ
1324 4391 1436 4480 ρωτὸς,
1453 4392 1659 4480 ἀπρὸσωπτον
1677 4376 1711 4450 δὲ
1734 4395 1798 4461 τοῖς

249 4503 374 4581 θνητοῖς
398 4505 535 4594 ὄμμασιν
559 4505 613 4570 καί
637 4502 853 4594 ἀσύμμετρον,
877 4503 931 4567 καί
955 4503 1059 4591 μόνοις
1089 4512 1156 4578 τοῖς
1186 4511 1249 4566 τῶν
1274 4491 1444 4592 αύγοειδῶν
1473 4496 1647 4589 ’σχημάτων
1671 4491 1800 4584 ὁρᾶσθαι

194 4623 221 4661 ³⁵
251 4605 431 4704 δυνάμενον,
456 4611 510 4677 καί
533 4612 657 4688 τούτοις
681 4609 912 4701 ἐκκαθαρθεῖσιν
938 4615 980 4686 είς
1005 4603 1145 4699 δύναμιν,
1171 4614 1210 4684 ὡς
1235 4611 1311 4672 ὅταν
1335 4631 1371 4698 γε
1395 4607 1575 4670 καὶταῦτα
1598 4613 1661 4669 τῶν
1685 4605 1799 4665 ύλικῶν

249 4722 423 4810 ἐρέλκηταί
446 4745 478 4786 τι
500 4713 758 4811 περιύλημάτων,
776 4711 846 4784 οὐδὲ
861 4718 984 4794 τούτοις
1008 4723 1175 4808 εἰλικρινεῖς
1199 4717 1312 4807 ὁρατὸν
1336 4713 1487 4804 ὑπάρχον·
1512 4704 1559 4778 διὸ
1583 4711 1725 4786 καὶτοῖς
1748 4719 1799 4773 νῦν

250 4831 328 4896 αὐτὸ
353 4829 481 4896 θεᾶσθαι
504 4827 684 4919 λεγομένοις
701 4827 798 4903 ἐοικὸς
815 4837 855 4914 τῇ
881 4818 954 4918 ἴριδι
977 4830 1132 4917 φαίνεται,
1155 4824 1240 4897 πλὴν
1265 4826 1315 4888 ὅτι
1338 4821 1557 4913 λαμπρότερον
1581 4820 1635 4884 καί
1657 4815 1801 4908 καθαράν·

248 4961 348 5029 τερον·
366 4945 386 5014 ἡ
405 4930 439 5004 δέ
455 4933 510 5026 ἶρις
534 4937 583 5002 ὅτι
608 4935 766 5025 συμμιγής
783 4938 867 5000 ἐστιν
884 4934 944 5007 τὴν
961 4934 1070 5024 χρόαν,
1086 4935 1242 4998 παντίπου
1261 4923 1370 5005 δῆλον.
1388 4935 1423 4994 Εἰ
1440 4923 1491 4994 οὖν
1513 4933 1638 4994 κάκεῖνο
1658 4937 1799 4992 τοιοῦτον

249 5051 370 5137 ὁρῶσιν,
394 5049 453 5135 οὐχ
470 5046 599 5122 άπλσυν,
616 5043 686 5108 ἀλλ’
704 5043 1006 5135 ὑποσυγκεχυμένον,
1024 5041 1152 5132 ρανερὸν
1170 5042 1220 5105 ὅτι
1238 5031 1289 5106 διά
1306 5038 1366 5112 τὴν
1390 5048 1453 5102 τῶν
1478 5036 1619 5126 ὁρώντων
1640 5033 1798 5099 ἀσθένειαν

193 5178 222 5217 ιι
249 5167 343 5222 τοῦτο
375 5147 548 5245 συμύαίνει,
572 5153 626 5218 καί
649 5155 683 5217 ού
708 5141 760 5216 διά
783 5150 843 5221 τὴν
867 5151 983 5216 ἐκείνου
1007 5149 1112 5239 φύσιν·
1137 5154 1157 5222 ὁ
1185 5139 1219 5213 δὲ
1243 5145 1385 5211 ἀσθένεια
1408 5137 1459 5210 διά
1482 5144 1542 5216 τὴν
1567 5137 1713 5233 σύμμιξιν
1736 5151 1800 5207 τῶν

250 5265 435 5354 ἀλλοτρίων,
459 5264 533 5352 πρὸς
557 5260 600 5328 τά
624 5269 749 5349 συμφυῆ
775 5267 838 5323 τῶν
856 5255 962 5348 ψυχῶν
979 5259 1141 5348 ὀχήματα·
1159 5255 1300 5347 καθάπερ
1325 5254 1384 5346 γάρ
1407 5252 1450 5321 τά
1474 5254 1568 5320 ίνυλα
1590 5253 1722 5342 ὄμματα
1746 5250 1800 5315 καί

250 5363 417 5446 θνητοειδῆ
444 5394 524 5436 κατε
