4022 6072
283 509 336 564 100

281 685 347 756 τοῦ,
372 675 425 738 καί
446 671 585 763 Ιοψόμεθα
602 675 668 764 ἁμα
684 673 790 739 πάντα
807 675 898 740 οἱονεί
914 699 1029 764 παρεσ-

284 793 374 846 τῶτα
390 787 465 870 ήμῖν
482 781 524 846 τὰ
540 785 616 872 ἔργα
634 774 684 847 διὰ
700 794 758 858 τῆς
776 783 902 872 μνήμης
914 781 949 866 ¹).
969 783 1028 847 Kui

281 889 454 979 ραινόμενα
479 891 701 979 ἀντιπρόσωποι
724 900 765 974 τῇ
794 882 914 974 διανοίᾳ
937 897 1027 978 ήμῶν

283 997 364 1086 μετά
388 1007 451 1062 τῶν
477 988 560 1062 ἰδίων
584 997 701 1082 τύπων,
725 1004 764 1074 ὡς
792 999 912 1064 ἕκαστα
927 998 953 1084 ²)
975 999 1028 1063 πέ·

281 1107 420 1197 πράκται
443 1107 462 1177 a
488 1111 528 1182 ὡς
552 1107 716 1171 λέλεκται·
741 1110 790 1171 ἰ’να
814 1110 917 1171 τοίνυν
943 1101 1027 1192 δείξῃ

282 1223 358 1306 ἡμῖν
381 1216 419 1280 το
437 1207 556 1280 δίκαιον
574 1216 626 1279 καὶ
650 1218 874 1306 ἀναντίρρητον
899 1226 957 1291 τῆς
982 1208 1029 1278 δι-

283 1327 374 1400 καίας
398 1325 536 1414 κρίσεως,
553 1327 657 1413 ρηοίν·
675 1318 792 1416 ἐλέγξω
813 1348 858 1390 σε.
876 1321 1029 1388 Ἐνταῦθα

285 1432 339 1520 μὲν
357 1425 408 1496 οὖν
427 1442 589 1522 μαρτυρεῖ·
606 1441 745 1521 παριστὰ
761 1435 776 1494 ὁ
794 1434 970 1521 κατήγορος
989 1436 1030 1507 εἰς

284 1544 415 1630 ἔλεγχον
439 1550 501 1604 τῶν
526 1539 738 1631 ἐγκλημάτων
763 1551 818 1604 τοῦ
836 1563 1032 1632 κατηγορου-

285 1650 387 1738 μένου.
407 1655 460 1712 Ἐν
477 1640 510 1714 δὲ
527 1659 571 1731 τῷ
589 1659 650 1712 τῶν
669 1659 812 1738 κρυπτῶν
827 1640 1031 1737 δικαστηρίῳ,

286 1755 367 1823 aaa&
384 1757 425 1821 τὰ
442 1761 619 1848 πράγματα
634 1759 827 1846 παρίσταται
844 1765 919 1846 ἡμῖν
936 1761 967 1824 ἐν
987 1767 1032 1840 τῷ

287 1857 352 1948 ίδίῳ
377 1867 522 1955 σχήματι
545 1865 681 1941 ἑκάστης
696 1860 861 1956 ἁμαρτίας
878 1891 1033 1955 παριστα-

286 1973 380 2062 μένης
405 1984 470 2049 τοῖς
486 1973 699 2063 ἡμαρτηκόσι.
716 1973 777 2037 Καὶ
793 1972 926 2039 ἐνταῦθα
944 1973 999 2062 μὲν
1017 1979 1033 2037 ό

286 2084 417 2172 ἔλεγχος
441 2087 482 2157 εἰς
500 2073 658 2170 διόρθωσιν
682 2091 745 2147 τῶν
763 2085 803 2170 ἐρ’
825 2079 868 2158 οἷς
885 2109 932 2158 τις
949 2083 1035 2174 ἐλέγ-

286 2211 382 2277 χεται
405 2189 544 2279 γίνεται,
568 2193 633 2254 ἐκεῖ
664 2179 698 2254 δε
721 2190 769 2264 τίς
798 2189 946 2254 σύστασιν
975 2201 1033 2265 τῆς

287 2288 507 2390 δικαιοκρισίας
529 2291 824 2390 παραλαμόοίνετοιι.

894 501 1043 574 Sanetus
1062 499 1218 572 Basilius

1083 677 1134 742 nin
1151 677 1340 743 sieubuobis
1363 697 1461 761 opera
1483 675 1663 744 consistunt
1686 695 1744 759 per
1765 695 1831 739 me·

1083 785 1217 850 morium
1236 836 1268 864 „.,
1287 785 1374 862 Quae
1397 788 1553 869 apparant
1580 783 1670 867 quasi
1697 782 1830 848 adverso

1084 893 1175 958 vuliu
1198 901 1339 958 montem
1368 897 1512 958 nostram
1535 891 1728 958 adumbrant
1759 913 1831 956 oum

1083 1003 1195 1068 formis
1218 1003 1367 1087 propriis,
1391 1007 1488 1086 prout
1503 1023 1647 1086 quaeque
1670 1000 1721 1065 vel
1737 1000 1831 1065 ⁸faeta

1084 1110 1134 1174 vol
1150 1111 1235 1177 dicia
1251 1114 1337 1176 suni.
1354 1109 1482 1175 Interea
1498 1115 1535 1174 ut
1551 1107 1644 1174 uobis
1660 1106 1745 1192 quod
1763 1107 1831 1191 juo-

1084 1225 1152 1284 ίιιιιι
1176 1223 1235 1299 esi,
1252 1219 1410 1298 ostendat,
1427 1223 1460 1285 ab
1476 1218 1636 1302 quomodo
1656 1216 1831 1283 contradici

1085 1333 1222 1412 nequeat
1241 1329 1330 1413 justo
1350 1328 1481 1412 judicio,
1505 1328 1567 1392 ait:
1596 1325 1832 1410 “Redarguam

1086 1443 1117 1503 be
1135 1489 1160 1516 „.
1185 1437 1248 1504 Hio
1264 1438 1366 1522 igitur
1381 1437 1443 1503 hoo
1458 1440 1615 1502 testatur:
1633 1438 1719 1500 asiai
1742 1455 1834 1500 aeau-

1085 1551 1173 1612 saior
1197 1546 1236 1610 ad
1261 1546 1460 1630 arguendum
1484 1550 1592 1612 reatus
1614 1543 1764 1611 accusati.
1788 1541 1834 1606 At

1085 1656 1119 1720 in
1143 1655 1297 1720 tribunali
1320 1655 1371 1722 oui
1395 1654 1519 1721 ooouliu
1541 1653 1739 1734 deferuntur,
1763 1651 1835 1736 ipsa

1088 1762 1217 1848 negotia
1247 1762 1340 1827 nobis
1364 1783 1469 1827 coram
1501 1765 1609 1826 asiani
1637 1761 1671 1824 in
1702 1757 1833 1843 propria

1088 1862 1240 1953 cujusque
1263 1869 1386 1953 peceati
1401 1868 1492 1947 facie,
1509 1889 1590 1952 quae
1612 1865 1833 1951 peecatoribus

1088 1977 1224 2062 patebit:
1238 1977 1272 2042 in
1283 1978 1344 2043 hae
1356 1977 1422 2042 viia
1433 1976 1617 2060 redargutio
1630 1975 1668 2038 fit
1680 1973 1719 2038 ad
1731 1993 1835 2038 emen·

1088 2087 1207 2153 dandos
1230 2093 1337 2152 reatus
1361 2087 1416 2170 qui
1439 2085 1644 2164 deferuntur,
1667 2082 1735 2150 illio
1757 2103 1834 2147 voro

1088 2195 1129 2261 ad
1151 2193 1423 2261 confirmationem
1444 2195 1551 2279 justae
1575 2187 1754 2258 sententiae
1777 2187 1832 2254 ad·

1090 2303 1229 2368 hibetur.

931 2621 1131 2690 PSALMUS
1155 2621 1191 2688 L.

607 2863 636 2906 v.
661 2841 692 2905 4.
717 2842 897 2903 Ἐπιπλεῖον
922 2837 1037 2902 πλῦνόν
1063 2861 1103 2926 με
1128 2833 1189 2900 ἁπό
1213 2845 1273 2912 τῆς
1297 2837 1424 2926 ἀνομίας
1449 2857 1521 2923 μου.

717 2950 871 3030 Amplius
894 2949 969 3014 iuva
993 2969 1041 3013 ure
1063 2948 1103 3013 ub
1127 2949 1305 3030 iniquitate
1328 2967 1407 3013 ineu.

335 3162 421 3226 Ἐπεί
445 3151 478 3226 δὲ
501 3165 517 3224 ό
549 3151 646 3226 Δανὶδ
678 3155 958 3252 ἑξομολογοόμενρς
982 3160 1035 3224 καί

291 3268 443 3334 πλυθῦναι
468 3261 550 3346 ἀξιοῖ
573 3269 625 3331 καί
649 3267 884 3359 καθαρισθῆναι,
902 3267 955 3331 καὶ
978 3267 1037 3338 τήν

293 3377 346 3467 μὲν
371 3378 503 3462 ἀνομίαν
527 3375 587 3449 τήν
611 3375 662 3440 ἐπὶ
677 3386 717 3460 τῇ
738 3377 874 3465 μοιχείᾳ,
899 3375 1038 3451 πλύσεως

292 3483 368 3574 onai
382 3475 511 3565 δεῖσθαι,
524 3483 583 3554 τήν
598 3475 631 3549 δὲ
644 3485 799 3573 ἁμαρτίαν
818 3483 876 3556 τήν
893 3491 938 3566 τῷ
957 3483 1039 3570 φόνῳ

292 3590 496 3682 καθαρισμοῦ,
520 3593 622 3656 ἰστεθν
648 3594 698 3656 ότι
721 3591 763 3656 τά
788 3591 843 3681 μὲν
870 3593 1039 3656 ἐπιπόλαια

257 3710 263 3723 ’
292 3707 355 3762 τῶν
379 3697 630 3788 ἁμαρτημάτων,
648 3698 732 3788 ρόπῳ
750 3699 875 3763 ἐοικότα
899 3700 1041 3781 τινί,καί

293 3805 353 3876 τὴν
377 3806 554 3896 ἒπιράνειαν
571 3817 629 3882 τῆς
646 3805 748 3896 ψυχῆς
767 3801 968 3895 ἁρανίζοντα,
994 3811 1042 3871 ἑκ-

294 3914 435 3990 πλόσεως
460 3905 591 3980 δέονται
610 3915 651 3978 τά
676 3907 710 3980 δὲ
734 3907 785 3980 δά
811 3914 923 3998 βάθους
941 3907 1044 3980 ἐκδια-

295 4020 403 4097 θέσεως
427 4033 484 4098 τῆς
507 4025 581 4112 πρός
614 4023 651 4087 τό
676 4025 771 4088 κακόν
796 4033 859 4088 τῶν
891 4027 1042 4112 πλημμε-

294 4130 433 4195 λοόντων
457 4131 711 4221 ἁμαρτανόμενα,
729 4132 842 4220 αἵματι
858 4125 1044 4222 παρεικαζό-

295 4263 384 4328 μονα,
409 4237 601 4328 καθαρισμὸν
625 4235 801 4330 χρήζοιισιν.

1135 3164 1240 3242 Quum
1262 3161 1366 3227 David
1389 3165 1556 3246 peecatum
1583 3159 1765 3241 confessus,
1790 3159 1839 3225 di·

1094 3295 1177 3359 gnus
1193 3275 1240 3337 esi
1256 3270 1311 3354 qui
1327 3269 1453 3334 lavetur
1469 3273 1501 3334 εί
1517 3268 1715 3349 emundetur,
1732 3271 1765 3333 ei
1780 3268 1840 3332 ini·

1094 3383 1249 3466 quitatem
1260 3380 1295 3445 in
1311 3377 1469 3444 adulterio
1485 3377 1685 3443 commissam
1697 3376 1839 3442 declarat

1094 3489 1236 3573 indigere
1253 3486 1381 3566 lotione,
1397 3489 1563 3570 peoeaium
1584 3505 1661 3548 vero
1676 3483 1838 3550 homicidii

1095 3595 1326 3682 purificatione,
1350 3593 1511 3659 sciendum
1526 3597 1575 3658 esi
1590 3591 1675 3676 quod
1698 3592 1839 3677 plerum·

1096 3729 1158 3792 que
1175 3727 1214 3770 ex
1228 3703 1367 3789 peccatis
1383 3702 1445 3769 alia
1461 3701 1677 3768 assimilantur
1693 3701 1759 3767 labi
1775 3702 1841 3768 oui-

1096 3816 1179 3892 dam,
1195 3817 1227 3878 et
1249 3833 1348 3895 quum
1371 3811 1508 3876 animaru¹
1533 3809 1702 3892 maculent,
1720 3809 1840 3876 lotione

1095 3921 1277 4006 indigenum
1302 3918 1365 3984 alia
1383 3923 1517 4004 propior
1540 3919 1733 4004 gravitatem
1753 3940 1841 3985 oom-

1096 4029 1193 4094 missa
1216 4049 1254 4092 ex
1271 4027 1435 4092 voluntate
1449 4027 1700 4112 delinquentium
1718 4026 1758 4092 ad
1773 4049 1841 4092 ma-

1097 4135 1164 4200 lum
1193 4134 1344 4218 proclivi,
1368 4134 1516 4219 sanguini
1540 4138 1783 4220 comparantur,
1809 4138 1842 4201 et

1098 4243 1352 4328 purificationem
1374 4243 1551 4327 requirunt.

682 4589 711 4633 v.
730 4562 880 4639 6.”οπω;
898 4563 934 4630 ἁν
952 4557 1120 4652 δικαιωθῇς
1136 4569 1166 4632 ἐν
1184 4579 1249 4644 τοῖς
1265 4568 1371 4656 λόγοις
1388 4587 1452 4629 σου.

643 4675 683 4744 Ui
705 4677 818 4742 uineas
841 4697 937 4759 οιιιιιιι
953 4677 1122 4763 judicaris
1145 4681 1182 4746 iu
1205 4680 1406 4748 sermonibus
1429 4678 1506 4743 uria.

343 4894 387 4956 Οίι
411 4889 473 4981 μὴν
490 4891 619 4982 χρόνους
637 4915 674 4982 γε
690 4891 840 4981 προσήκοι
857 4895 1044 4956 καταναλω·

296 4996 447 5071 θήσεσθαι
460 4992 595 5088 νομίζειν
609 5003 649 5076 εἰς
662 5001 700 5065 τὸ
713 5000 845 5066 ἕκαστον
858 4991 946 5077 ίδεῖν,
960 4997 1044 5088 μετὰ

298 5117 361 5172 τῶν
385 5111 497 5172 ἑαυτοῦ
521 5101 674 5198 πράξεων,
698 5109 752 5174 καὶ
775 5109 830 5174 τόν
855 5106 965 5198 κριτήν
990 5107 1044 5172 καί

337 5339 360 5414 ¹)
379 5339 456 5398 ano
475 5357 528 5412 vu,
547 5342 573 5398 2.

1142 4895 1293 4981 Ineptum
1316 4899 1365 4960 est
1380 4897 1532 4978 reputare
1548 4895 1697 4977 tempora
1719 4890 1845 4974 impen-

1098 5005 1200 5071 denda
1224 5025 1303 5084 esse,
1327 5007 1364 5069 ui
1387 5003 1531 5088 quisque,
1550 5007 1625 5087 posi
1646 5006 1737 5068 auius
1760 5023 1844 5081 suos,

1098 5117 1210 5181 oernai
1233 5116 1265 5177 ab
1285 5111 1426 5197 judicem
1449 5115 1482 5176 at
1513 5131 1655 5196 eaquae
1681 5110 1715 5174 in
1738 5109 1844 5175 divino

1135 5341 1158 5416 ²)
1178 5339 1248 5397 Ood.
1268 5343 1380 5397 ίκιιοτον.
