4022 6072
260 569 297 627 88
876 557 1023 634 Sanctae
1042 557 1197 636 Basilius

260 727 419 811 τοίπληξιν
435 743 497 798 τῶν
515 732 632 823 ἐχθρῶν
651 759 711 824 μου
732 732 829 810 ἦλθον
847 735 901 798 καὶ
924 737 1009 823 ἐφαί-

260 865 363 909 aseae.
388 843 449 907 Καὶ
473 843 554 906 οὕτω
572 843 626 930 μέν
645 842 729 908 κατὰ
746 844 890 935 γράμμα.
916 844 1007 908 Karai

265 975 296 1015 τε
313 943 463 1034 διάνοιαν,
478 950 538 1014 ἀπὸ
552 960 609 1026 τῆς
626 953 853 1040 τηλαυγήσεως
870 961 927 1014 τοῦ
944 957 1010 1015 Σω-

260 1069 372 1148 τῆρος,
396 1059 544 1123 τουτέστι
567 1068 624 1133 τῆς
657 1064 802 1150 λαμπρᾶς
831 1063 1008 1150 ἐπιφανείας

261 1169 356 1230 αὐτοῦ
380 1165 399 1236 ἢ
426 1175 481 1229 τοῦ
501 1143 730 1255 κηρθγριαέος,
752 1173 793 1242 εἰς
826 1165 918 1256 μέσον
947 1191 1008 1231 ποι-

263 1273 375 1364 ρῆλθον
392 1272 447 1336 καί
463 1275 631 1361 έφοιίνησαν
650 1280 682 1338 αἱ
694 1275 830 1363 νεφέλαι,
844 1275 1007 1338 τουτέστιν

261 1383 281 1448 e
304 1385 411 1472 ἔλεγον
436 1387 465 1447 οἱ
483 1383 652 1472 προφηταί·
677 1381 775 1474 ἂγαίρ
800 1388 910 1448 ἐκεῖνοι
932 1409 1008 1473 προ-

261 1502 358 1576 εῖπον,
375 1500 479 1555 ταῦτα
500 1501 565 1565 τοῖς
582 1493 681 1579 ἔργοις
698 1495 713 1554 ὁ
732 1491 822 1556 aare
829 1518 842 1580 ρ
868 1493 1008 1576 έπέτελε,

192 1639 194 1646 ›
262 1600 343 1662 ὥστε
367 1598 405 1661 τὸ
429 1607 491 1686 φῶς
507 1608 565 1672 τῆς
590 1599 768 1686 ἐπιφανείας
794 1601 889 1664 αὑτοῦ
914 1622 1008 1687 φανε-

263 1716 314 1796 ρᾶς
338 1705 395 1782 τὰς
412 1708 604 1795 προφητείας
621 1708 775 1789 ἐποίησεν,
794 1707 847 1772 καί
866 1705 1008 1797 παρῆλθε

261 1815 299 1878 τὸ
323 1813 410 1902 νέφος
434 1823 489 1877 τοῦ
507 1824 667 1878 σκοτεινοῦ
684 1813 791 1902 νόμου,
810 1815 864 1880 καί
884 1812 1009 1903 ὑπεχώ-

263 1945 349 2010 ρησε,
363 1931 421 1997 τῆς
435 1919 583 1997 ἀληθείας
599 1919 748 1997 ἐλθούσης
763 1923 816 1985 καί
828 1919 1007 2010 λαμψοίσης.

256 2027 295 2093 Ἣ
307 2031 434 2118 νεφέλας
452 2028 586 2094 ἐνταῦθα
600 2028 672 2104 τοὺς
690 2031 796 2120 ἁγίους
809 2030 901 2119 φησίν
916 2035 1009 2094 enoe-

261 2139 373 2213 τέλους
390 2138 444 2200 καί
461 2138 699 2228 ευαγγελίστας,
717 2141 745 2200 οἱ
762 2140 896 2224 νεφελῶν
918 2130 1007 2208 δίκην

261 2248 316 2311 τὀν
330 2240 362 2324 έΕ
375 2249 502 2336 οθρανοῡ
520 2244 676 2320 καθιέντες
693 2246 799 2335 λόγον,
814 2247 891 2316 ὅλην
905 2247 1007 2334 ὥσπερ

261 2346 452 2446 κατάρδουσι
469 2355 527 2424 τὴν
545 2355 724 2444 ὑπούρανον,
749 2356 904 2443 ἔγκαρπον
930 2358 1009 2418 ἁπο-

265 2470 433 2539 τελοῦντες·
448 2469 476 2528 οἱ
488 2463 540 2526 καί
550 2471 665 2552 πρῶτοι
677 2460 848 2551 παρῆλθον,
861 2463 1006 2526 τουτέστι

178 2597 181 2603 ·
262 2572 512 2663 παρηνέχθησαν
530 2577 571 2646 εἰς
589 2572 680 2660 μέσον
694 2572 747 2634 καί
764 2570 936 2661 ἔμπροσθεν
953 2583 1007 2636 τοῦ

264 2688 405 2771 Χριστοῦ.

1061 761 1125 804 nna
1147 761 1220 805 eum
1243 739 1380 806 accensis
1404 737 1587 823 fulguribus
1611 737 1725 804 densae
1744 761 1805 804 nu-

1062 847 1118 912 bes
1141 847 1174 911 in
1197 847 1361 913 cumulum
1379 851 1532 913 venerunt
1548 851 1580 914 et
1595 846 1803 912 emicuerunt.

1062 955 1105 1020 Et
1116 955 1162 1021 ita
1175 957 1303 1040 quidem
1316 956 1355 1021 ad
1368 955 1522 1021 litteram.
1536 953 1647 1031 Quoad
1668 977 1742 1020 vero
1759 955 1806 1020 in-

1062 1061 1237 1144 tellectum,
1261 1085 1280 1128 a
1303 1061 1471 1147 splendore
1493 1059 1668 1126 Salvatoris
1692 1062 1804 1146 procul

1062 1173 1267 1253 coruscantis,
1285 1173 1349 1236 sive
1365 1172 1407 1236 ob
1421 1171 1618 1256 splendidam
1631 1171 1699 1255 ejus
1716 1171 1807 1236 theu-

1062 1279 1212 1364 phaniam
1235 1279 1286 1345 rel
1308 1280 1585 1364 praedicationem,
1610 1279 1643 1344 in
1667 1279 1805 1344 medinm

1062 1387 1248 1470 prodierunt
1270 1391 1303 1452 et
1326 1387 1524 1452 emicuerunt
1541 1387 1652 1466 nubes,
1678 1407 1734 1452 ceu
1751 1408 1807 1451 ra-

1062 1495 1172 1561 tiainia
1187 1496 1426 1580 prophetarum.
1445 1493 1533 1570 Quae
1550 1495 1635 1560 enim
1652 1500 1747 1562 antea
1763 1495 1808 1561 di·

1062 1607 1185 1684 nerant,
1196 1625 1241 1668 ea
1257 1602 1403 1668 Salvator
1423 1601 1516 1666 factis
1532 1602 1690 1686 implevit,
1707 1603 1753 1668 ita
1769 1608 1806 1668 nt

1062 1705 1250 1790 epiphaniae
1273 1703 1359 1770 illins
1386 1703 1494 1768 lumen
1523 1703 1707 1771 manifestas
1737 1707 1809 1772 red·

1062 1814 1142 1880 didit
1164 1813 1366 1898 prophetias,
1395 1818 1428 1880 et
1461 1814 1668 1898 pertransivit
1691 1813 1808 1881 nebula

1062 1919 1278 1989 tenebricosae
1307 1920 1389 2006 legis
1413 1927 1446 1987 et
1469 1923 1609 2002 recessit,
1634 1944 1732 2008 quum
1758 1945 1809 1988 ve-

1062 2031 1140 2096 ritas
1172 2028 1308 2095 occurrit
1333 2033 1365 2095 et
1388 2029 1597 2114 resplenduit.
1622 2029 1682 2096 Vel
1709 2031 1809 2096 nubes

1061 2136 1128 2203 illie
1155 2135 1310 2221 intelligit
1333 2135 1494 2220 apostolos
1522 2142 1555 2202 et
1582 2137 1808 2226 evangelistas,

1062 2244 1116 2328 qui
1134 2244 1267 2309 nubium
1290 2243 1402 2338 instar,
1418 2244 1456 2309 de
1471 2244 1560 2310 eaelo
1580 2245 1714 2309 verbum
1730 2245 1810 2310 emi·

1061 2357 1181 2434 serunt,
1197 2352 1380 2417 uniuersum
1396 2352 1487 2436 quasi
1503 2353 1675 2438 irrigantes
1695 2353 1804 2418 orbern

1061 2460 1276 2540 sublunarem,
1290 2465 1328 2524 nt
1340 2483 1412 2526 eum
1425 2461 1619 2547 frugiferum
1632 2462 1804 2540 efficerent,

1063 2571 1118 2654 qui
1133 2571 1166 2636 in
1179 2575 1376 2636 antecessum
1392 2571 1493 2650 ibant,
1518 2571 1665 2636 videlieet
1680 2569 1806 2654 prodie-

1063 2684 1139 2745 runt
1151 2680 1183 2744 in
1194 2678 1332 2744 medium
1344 2677 1546 2744 etOhristum
1557 2681 1806 2764 praecesserunt.

263 3027 292 3070 ι.
320 3006 432 3070 1547.
457 2995 718 3080 Ἐξαπείστελλεν
743 2993 774 3078 ἐξ
799 2995 902 3088 ὕψους,
926 2999 980 3064 καί
1003 2991 1097 3064 ἔλαθέ
1115 3021 1163 3086 με,
1180 2989 1393 3088 προσελάθετό
1411 3021 1451 3086 με
1468 2991 1500 3076 ἐξ
1524 2989 1646 3062 tiata-aur
1670 3000 1808 3064 πολλῶν.

398 3115 498 3178 Misit
521 3113 559 3178 de
582 3133 713 3178 surrrmu.
738 3118 768 3175 et
790 3111 908 3192 accepit
931 3131 988 3188 ure,
1012 3116 1041 3174 et
1064 3109 1239 3189 ussrnnpsr't
1264 3129 1310 3171 me
1334 3108 1372 3173 de
1394 3109 1489 3190 auaris
1512 3108 1626 3173 maritis
1641 3101 1676 3190 ¹).

309 3331 476 3416 Πυλλαχοῦ
497 3324 557 3415 γὰρ
573 3313 675 3389 diurn
693 3325 746 3387 καί
770 3321 931 3387 θάλασσαν
955 3325 1009 3387 atu

266 3438 331 3518 βίον
346 3444 455 3498 τοῦτον
471 3436 650 3522 εὑρίσκομεν
664 3433 792 3507 ὑπὸτῆς
806 3443 927 3523 γραφῆς
940 3435 1012 3496 ὠνο-

266 3543 437 3630 μανι-μένον,
461 3547 501 3615 ὡς
526 3538 670 3605 ἐνταῦθα·
694 3531 851 3628 πρέθηλον
876 3539 935 3628 γαρ
960 3542 1010 3603 ὅτι

265 3647 325 3721 τὴν
349 3647 495 3737 ταραχὴν
520 3659 574 3713 τοῦ
607 3649 673 3730 βίου
705 3647 759 3710 καί
785 3646 844 3721 τὴν
870 3646 1009 3712 ἄστατον

266 3757 353 3845 φθσιν
378 3766 440 3820 τῶν
466 3755 663 3844 ἀνθρωπίνων
689 3757 884 3846 πραγμάτων
907 3747 1010 3819 utere

265 3866 359 3954 λέγει·
385 3865 487 3953 ὥσπερ
511 3863 570 3954 γαίρ
592 3863 745 3928 θάλασσεν
771 3865 935 3954 ἀμήχανον
961 3866 1011 3928 ἐπὶ

265 3973 372 4046 πέλοις
396 3971 454 4042 τὴν
480 3971 579 4041 α’»την
596 3961 755 4059 διαρκέσαι
780 3971 851 4053 (τὴν
876 3970 935 4061 γὰρ
960 3983 1010 4035 νῦν

266 4079 425 4170 σταθηρέιν
444 4078 549 4168 μικρὸν
565 4080 692 4168 ὕστερον
715 4077 822 4168 ἄνεμοι
846 4071 1013 4167 ἐξετράχυ-

265 4211 332 4272 ναν,
356 4186 410 4250 καὶ
428 4188 534 4274 μέντοι
550 4184 609 4255 τὴν
628 4187 846 4276 ἀγριαίνουσαν
867 4186 1011 4276 γαλήνην

265 4295 348 4386 ταχὺ
372 4295 617 4383 κατεστόρισεν),
634 4293 716 4357 οὕτω
732 4293 843 4358 καὶτὰ
864 4303 918 4358 τοῦ
944 4296 1011 4378 βίου

266 4402 443 4494 πράγματα
462 4391 571 4491 ῥαδίως
584 4392 742 4488 λαριθοίνει
755 4399 812 4475 τὰς
824 4399 1012 4489 περιτροπές

267 4513 312 4599 ἐφ’
337 4507 480 4599 ἑκάτερα.

1103 3323 1229 3390 Etenim
1239 3324 1415 3389 invenimus
1425 3345 1651 3407 saepenumero
1661 3323 1694 3388 in
1705 3321 1809 3407 Serip-

1066 3438 1140 3498 tnra
1155 3433 1255 3498 vitam
1270 3433 1353 3498 haue
1368 3432 1475 3498 vocari
1492 3453 1589 3516 aquas
1605 3436 1637 3498 et
1659 3445 1757 3511 mare,
1774 3436 1811 3495 ut

1066 3543 1098 3608 in
1122 3543 1183 3609 hue
1206 3541 1286 3607 loeo.
1311 3539 1405 3605 Patet
1428 3562 1567 3624 numque
1583 3539 1666 3604 vitae
1690 3538 1810 3603 turnul-

1066 3653 1134 3714 tnm
1152 3653 1184 3714 et
1200 3648 1381 3713 instabilem
1394 3646 1500 3712 rerum
1513 3647 1723 3712 humanarum
1735 3669 1811 3712 aon-

1065 3756 1217 3821 ditionem
1240 3778 1312 3822 eum
1337 3755 1420 3820 unda
1442 3752 1589 3821 conferri.
1614 3754 1702 3820 Sicut
1726 3754 1810 3818 enim

1066 3865 1134 3930 fieri
1159 3865 1269 3948 nequit
1284 3869 1321 3928 ut
1342 3885 1428 3928 mare
1451 3864 1553 3946 ipsum
1578 3863 1610 3925 in
1635 3863 1716 3946 polis
1740 3863 1811 3926 fixis

1067 3972 1221 4037 consistat
1244 3970 1325 4055 (ejus
1349 3972 1434 4035 enim
1461 3970 1616 4034 modicam
1646 3968 1813 4052 placidita-

1067 4085 1132 4146 tem
1148 4080 1350 4163 postmodum
1366 4078 1454 4143 venti
1471 4100 1587 4161 susque
1609 4077 1811 4155 convolvunt,

1067 4193 1163 4272 atque
1179 4189 1381 4254 serenitatem
1399 4186 1493 4252 faeile
1509 4191 1724 4270 exasperatam
1741 4186 1814 4250 sub·

1066 4297 1222 4374 vertunt),
1238 4296 1333 4359 itaet
1349 4293 1434 4359 vitae
1450 4293 1581 4378 negotia
1604 4294 1636 4356 in
1661 4296 1811 4376 promptu

1067 4404 1244 4488 reciprocae
1267 4401 1442 4467 admittant
1465 4400 1708 4466 vinissitndines.

374 4785 404 4829 ι.
422 4765 475 4828 32.
487 4757 563 4824 Ὀτι
580 4760 626 4835 τίς
645 4759 719 4834 Θεὸς
735 4751 831 4849 παρὲξ
849 4769 903 4823 τοῦ
922 4762 1033 4848 Κυρίου
1044 4756 1087 4842 ’);
1105 4758 1158 4822 καί
1175 4761 1220 4834 τίς
1237 4759 1313 4836 Θεὸς
1329 4757 1413 4833 πλὴν
1431 4769 1486 4823 τοῦ
1503 4763 1581 4823 Θεοῦ
1599 4762 1707 4845 ημῶνς

308 4870 466 4954 Quoniam
489 4872 561 4955 quis
584 4869 674 4936 Dens
692 4876 825 4952 praeter
847 4869 1045 4936 Dominum?
1069 4874 1098 4934 et
1121 4870 1193 4952 quis
1216 4868 1306 4935 Dens
1326 4875 1455 4951 praeter
1478 4867 1582 4934 Deam
1605 4868 1779 4933 austrrnu?

312 5085 356 5148 Τὸ
381 5082 498 5171 μέντοι·
525 5084 577 5158 Τίς
595 5083 672 5158 Θεὸς
688 5077 784 5173 παρὲξ
801 5093 856 5148 τοῦ
881 5083 1012 5174 Κυρίυυ;

266 5189 320 5254 καὶ
342 5189 398 5254 τό·
423 5189 504 5279 Ἐγὼ
530 5189 605 5266 Θεὸς
629 5199 750 5280 πρῶτος
768 5191 822 5254 καί
845 5189 907 5284 ἐγὼ
932 5189 1013 5279 μετέ

305 5383 327 5457 ¹)
346 5383 430 5450 (itt
449 5397 494 5456 ιιι,
513 5383 575 5440 417.

1112 5080 1203 5158 Quod
1219 5086 1343 5165 spectat
1359 5081 1436 5147 hoe:
1457 5083 1469 5114 '¹
1487 5079 1564 5157 Quis
1581 5079 1668 5144 Deus
1684 5081 1814 5162 praeter

1068 5192 1294 5268 Dominumt,
1321 5194 1354 5254 et
1376 5188 1475 5254 illud:
1502 5187 1604 5272 ‘Ego
1637 5187 1724 5254 Deus
1748 5185 1814 5270 pri·

1104 5383 1127 5456 ²)
1146 5381 1237 5454 Vulgo
1257 5383 1321 5440 πλέν
1341 5385 1384 5436 τοῦ
1404 5384 1501 5453 Κυρίου.
