4006 6074
827 509 865 582 0.
902 506 942 582 V.
973 505 1161 600 Aquiliana
1187 505 1364 583 Juvcncrcs

604 681 704 770 Signa
726 686 843 764 moret,
867 682 1037 767 hostesque
1059 681 1164 768 fugat,
1187 704 1267 767 qnos
1289 681 1384 748 caede
1407 685 1539 748 cruente

531 788 576 825 ⁴⁴⁰
600 790 786 873 conficiens,
809 811 945 876 propere
970 791 1017 855 bis
1039 790 1135 856 denas
1159 790 1285 857 subruit
1309 791 1415 856 nrbes.

602 897 665 966 Sed
686 898 762 965 dum
786 898 980 983 regreditur,
1003 898 1079 964 dum
1102 898 1205 964 laudis
1228 899 1361 964 nuntius
1383 899 1452 983 ipae
1476 901 1535 976 est,

603 1009 647 1076 Et
670 1006 815 1091 seqnitur
838 1005 937 1092 longa
958 1006 1088 1071 veniens
1109 1006 1243 1074 victoria
1267 1027 1394 1091 pompa,

602 1115 695 1196 Filia,
718 1135 800 1198 quae
823 1114 945 1198 patrios
967 1113 1116 1180 servabat
1139 1113 1207 1180 sola
1228 1113 1366 1195 labores,

604 1223 751 1290 Occurrit
772 1222 943 1306 laudesque
966 1222 1052 1288 canit
1074 1243 1147 1288 cnm
1169 1242 1330 1308 congrege
1352 1221 1458 1302 turba,

535 1329 578 1368 ⁴⁴⁵
601 1332 644 1397 Et
668 1330 746 1397 levis
769 1332 877 1395 erecta
899 1329 1064 1414 consurgit
1087 1329 1127 1394 ed
1149 1328 1257 1396 oscula
1280 1328 1402 1415 planta.

599 1439 702 1515 Quam
724 1441 817 1523 pater
839 1442 877 1503 ut
899 1436 989 1517 vidit,
1013 1438 1202 1505 constrictos
1225 1438 1340 1504 scindit
1362 1437 1509 1519 amictus,

600 1545 642 1611 Et
664 1544 750 1612 mals
772 1549 937 1612 cernentes
960 1544 994 1609 in
1017 1545 1128 1612 fletum
1151 1546 1290 1612 concitat
1313 1545 1423 1612 orbes:

602 1653 723 1720 “Heul
747 1652 841 1720 fectis
864 1652 993 1720 funeste
1015 1653 1093 1720 meis
1115 1653 1259 1734 victoria,
1283 1658 1395 1720 votum

607 1761 706 1841 „Hoc
729 1761 837 1846 potius
859 1761 976 1828 hostile
999 1761 1079 1828 luit!
1104 1761 1184 1844 Quo,
1208 1761 1285 1845 filia,
1309 1763 1435 1829 curris?

534 1865 577 1904 ⁴⁵⁰
605 1869 704 1951 „Quo
727 1869 816 1936 ruis?
839 1868 1030 1936 Extremum
1053 1870 1144 1936 nobis
1166 1869 1251 1955 quod
1273 1875 1306 1936 te
1329 1871 1493 1955 adloquor,
1517 1871 1576 1938 hoo
1599 1875 1657 1938 est.

605 1977 718 2058 „Nam
742 1978 818 2044 dum
840 1979 933 2063 signa
955 2000 1095 2059 movens,
1119 1978 1247 2044 Domini
1261 1973 1286 2060 ¹)
1310 1979 1487 2046 munimina
1509 2000 1604 2064 posco

607 2085 777 2165 „Victima
799 2083 885 2152 facte
908 2084 986 2165 Deo,
1010 2089 1136 2151 sanctas
1158 2085 1279 2151 sisteris
1302 2085 1342 2150 ad
1365 2107 1437 2152 aras
1455 2135 1481 2164 „.

645 2191 691 2259 At
713 2193 806 2278 virgo
829 2213 941 2258 secura
962 2192 1012 2258 eui
1035 2192 1211 2276 mortisque
1233 2192 1358 2274 beatae,

600 2301 753 2368 Blandius
775 2299 909 2380 exultat,
933 2300 1079 2385 interque
1102 2300 1244 2385 pericula
1265 2299 1358 2378 ludit,

535 2406 578 2448 ¹⁶⁵
602 2408 686 2486 Quin
710 2407 806 2473 etiam
830 2411 941 2473 exorat
964 2411 1002 2474 ut
1025 2408 1067 2473 sit
1090 2408 1247 2474 sententia
1269 2413 1357 2475 certa

598 2517 673 2585 Neu
696 2515 821 2584 dubitet
843 2516 1037 2601 haereatque
1058 2538 1185 2603 parens,
1211 2514 1261 2604 [et
1284 2512 1369 2604 ipso]
1394 2522 1545 2604 precatur

601 2626 759 2711 Tempora
781 2625 871 2710 queis
894 2625 1000 2692 valent
1021 2625 1172 2710 lacrymis
1194 2625 1307 2712 lugere
1326 2627 1493 2711 juventam

601 2733 781 2801 Abnuitnr:
806 2753 991 2818 mensesque
1014 2733 1077 2800 duo
1100 2737 1306 2819 praestantur
1329 2735 1434 2801 oranti
1445 2729 1471 2820 ²)

601 2841 690 2928 Ergo
713 2842 825 2910 aderat
847 2843 1045 2927 praescripta
1068 2841 1145 2924 dies,
1169 2842 1358 2928 genitorque
1381 2845 1526 2910 sacerdos

534 2947 578 2985 ⁴⁰⁰
602 2950 789 3039 Virgineam
813 2952 950 3018 Domino
974 2952 1125 3018 mittebat
1147 2953 1181 3018 in
1203 2951 1335 3019 aethera
1356 2955 1508 3018 mentem.

1005 3167 1105 3234 Oneon
1127 3167 1201 3235 Xll.

643 3384 731 3453 Haec
753 3385 839 3453 inter
862 3385 966 3454 rabies
988 3387 1100 3473 populi
1124 3387 1285 3455 concurrit
1307 3386 1348 3454 ad
1369 3409 1468 3469 orma,

601 3493 824 3582 Cognatasque
846 3495 929 3562 acies
952 3501 1050 3582 urget
1076 3495 1163 3562 furor
1186 3501 1219 3562 et
1240 3495 1325 3562 livor
1347 3495 1460 3562 audax.

600 3604 687 3671 Dum
709 3606 814 3690 carpit
836 3605 890 3690 pia
911 3604 999 3673 facta
1021 3605 1092 3689 viri,
1115 3625 1183 3672 sese
1206 3605 1274 3690 ipse
1297 3605 1448 3690 proemit.

600 3710 687 3779 Nam
711 3711 845 3799 triginta
868 3712 931 3779 duo
954 3713 1147 3779 decumbunt
1171 3712 1273 3779 millia
1295 3712 1391 3795 ferro,

534 3814 577 3853 ⁴⁸⁵
601 3819 650 3886 Ex
673 3820 811 3905 populis,
835 3819 997 3905 Ephreme
1011 3816 1036 3900 ³)
1062 3821 1137 3902 tuis,
1159 3821 1326 3905 victorque
1349 3821 1455 3889 duello

601 3928 719 3994 Civites
743 3929 840 3995 etiam
863 3927 982 3993 meruit
1004 3927 1118 4012 Jeptes
1141 3927 1323 4012 triumphos

646 4033 830 4100 Commutat
853 4033 971 4100 Iudaea
993 4034 1117 4117 ducem,
1140 4033 1270 4101 viduata
1292 4034 1410 4120 priore,

602 4141 750 4210 Israelita
767 4144 867 4228 prins,
890 4143 1019 4210 Esebon
1042 4143 1107 4209 dux
1129 4147 1242 4229 postea
1265 4143 1379 4227 dictus,

601 4252 735 4338 Accepit
757 4253 880 4339 patries
901 4252 1005 4321 lectus
1029 4253 1210 4320 moderator
1231 4253 1381 4333 habenas,

534 4357 578 4396 ⁴⁷⁰
600 4361 779 4430 Multorum
801 4363 946 4449 genitor:
971 4385 1046 4430 nam
1068 4361 1284 4448 quadraginta
1307 4361 1397 4429 suere

600 4469 650 4536 Ex
671 4471 763 4538 iustis
786 4470 935 4538 thalamis
957 4469 1037 4554 nati,
1060 4493 1134 4556 spes
1156 4475 1249 4538 tanta
1270 4474 1442 4555 nepotum

600 4579 663 4645 'l'er
685 4578 781 4645 denas
804 4577 955 4645 cohihens
978 4601 1042 4646 uno
1064 4579 1124 4646 sub
1147 4582 1293 4663 tempore
1315 4582 1444 4662 nuptas.

599 4685 745 4772 Expletis
767 4689 900 4771 septem,
923 4685 1000 4753 dum
1022 4691 1127 4753 rector
1146 4685 1279 4772 judicat,
1305 4685 1406 4767 annis,

599 4793 735 4876 Occidit,
758 4798 791 4862 et
814 4799 920 4870 tectus
942 4793 1069 4862 tumulo
1092 4795 1251 4862 mundana
1273 4792 1414 4879 reliquit.

534 4897 577 4935 ⁴⁷⁵
600 4903 786 4989 Insequitur
808 4907 1033 4988 sceptrumque
1056 4907 1145 4970 tenet
1168 4901 1372 4969 Oabsllonius
1395 4903 1500 4986 heros,

600 5011 662 5089 Qui
687 5011 824 5099 geminis
848 5015 953 5080 rector
975 5009 1087 5078 lustris
1111 5010 1326 5076 moderamina
1349 5011 1456 5096 liquit.

358 5258 381 5332 ¹)
399 5259 563 5319 Dominum
581 5262 617 5334 Δ,
635 5257 671 5317 Β.
1160 5259 1182 5334 ³)
1201 5257 1332 5331 sperem
1351 5258 1388 5331 A,
1407 5255 1442 5315 B.
1467 5257 1603 5333 Wctoqoe
1622 5257 1658 5330 A,
1677 5255 1708 5315 0.

357 5351 380 5426 ¹)
398 5355 500 5410 ovanti
517 5352 552 5430 A,
570 5351 604 5408 B.
