3940 6072
834 531 1034 610 Hermetica
1655 547 1709 600 ouo

162 711 243 802 μέγα
266 710 497 800 φυλακτήριον·
522 710 580 773 ὅσα
604 707 663 798 γάρ
688 708 900 796 έπιπέμπεται
930 706 1013 780 πάθη
1041 718 1105 782 τοῖς
1138 707 1307 798 ἀνθρώποις
1336 712 1370 773 ἐκ
1401 719 1458 784 τῆς
1484 719 1544 773 τῶν
1571 711 1708 800 άστέρων

161 821 336 908 ἀπορροίας,
361 818 483 894 τούτοις
514 823 607 882 ίοῖται.
633 815 812 904 Τὶμησσνῆ
837 811 889 881 οὑν
918 817 1048 881 ἕκαστον
1081 808 1131 882 διά
1155 828 1210 881 τοῦ
1237 809 1313 881 ἰδίου
1344 815 1430 882 λίθου
1463 817 1515 882 καὶ
1546 829 1603 893 τῆς
1628 811 1707 895 ἰδίας

162 927 297 1011 βοτάνης
321 926 374 990 καί
397 937 455 1002 τῆς
481 936 609 1016 μορφῆς.
622 925 713 989 Ἔστι
730 916 763 990 δὲ
779 925 833 989 καὶ
849 928 913 989 ἐκεῖ
924 921 949 1007 ²)
968 935 1025 1000 τῆς
1042 935 1161 1014 μορφῆς
1180 925 1262 1014 μέγα
1279 926 1503 1014 φυλακτήριον.
1529 929 1666 1016 Οὑρανοὺ
1682 925 1708 1008 ³)

160 1027 320 1123 ἐξηγητής
345 1034 631 1124 τρισκφαταιόφρων
656 1034 780 1121 Ἑρμῆς,
805 1042 862 1108 τῆς
886 1025 918 1110 ἐξ
942 1035 1018 1120 ἐμῆς
1042 1035 1206 1122 ἀπορροίας
1225 1033 1396 1124 Ιγεγόνασιν
1421 1033 1590 1125 ἀνθρώποις
1615 1040 1708 1100 εὑτυ-

160 1140 328 1230 χεστάτοις
352 1151 523 1230 σοφισταῖς,
549 1133 644 1212 τήνδε
661 1139 720 1212 τὴν
738 1139 988 1230 ἐπιγραφομένην
1008 1139 1089 1228 ἱεράν
1107 1141 1160 1204 καὶ
1181 1144 1336 1231 μακαρίαν
1362 1134 1478 1225 βὶθλον,
1504 1143 1707 1234 χαριστήριον

163 1241 342 1338 ὶδιόγραφον
367 1250 532 1325 ἐπινοήσας
557 1249 708 1338 φυλάττω
732 1259 797 1324 τοῖς
821 1248 876 1336 ἐμὲ
900 1240 1118 1336 δυνησομένοις
1135 1273 1214 1314 ποτε
1239 1248 1463 1339 ἐπιγινώσκειν,
1488 1251 1626 1339 ήμιθέοις
1651 1256 1710 1315 άν·

161 1355 301 1446 θρώποις,
326 1349 358 1433 ἐξ
382 1352 417 1432 ής
442 1355 565 1444 σύμπας
589 1361 604 1419 6
629 1357 744 1445 κόσμος
768 1345 1119 1445 ὸδηγηθ·ήσεται.”Ανευ
1140 1357 1199 1447 γάρ
1225 1358 1344 1433 ταύτης
1368 1369 1425 1435 τῆς
1451 1349 1616 1436 δεκανικῆς
1642 1352 1710 1426 δια-

161 1463 280 1546 θέσεως,
305 1455 426 1542 οὑδενός
450 1464 566 1555 γένεσις
590 1465 686 1540 ἐστὶν,
711 1469 742 1530 έν
768 1468 846 1550 αὑτῇ
873 1463 932 1555 γάρ
955 1467 1178 1552 περιειληπται
1203 1467 1240 1531 τό
1261 1476 1333 1534 πᾶν.

748 1719 1118 1728 *ων-..ι-ι--ι--ι

205 1897 240 1962 ‘0
264 1888 413 1977 ζωδιακὸς
438 1891 490 1963 οὑν
514 1896 626 1972 κὺκλος
652 1900 892 1988 μεμορφωμένος
910 1903 951 1974 εἰς
968 1901 1048 1988 μέλη
1069 1899 1122 1962 καὶ
1146 1897 1221 1988 μέρη
1249 1899 1302 1964 καὶ
1327 1899 1440 1990 ἁρμοὺς
1453 1899 1478 1984 ⁴)
1504 1903 1630 1992 ἔρχεται
1654 1913 1709 1968 τοὺ

161 2004 325 2094 κόσμου5),
342 2006 396 2069 καὶ
413 2008 479 2094 ἔχει
495 2005 579 2070 κατά
597 2006 693 2097 μέρως
711 2001 818 2082 οὑτως·
842 2011 858 2070 6
882 2005 963 2094 κριός
988 2007 1109 2096 κεφάλη
1137 2010 1204 2072 έστι
1229 2017 1282 2072 τοῦ
1307 2008 1436 2096 κόσμου,
1461 2012 1477 2072 6
1503 2019 1613 2097 ταῦρος
1637 2009 1712 2099 τρά-

163 2117 274 2203 χηλος,
299 2119 327 2178 οὶ
350 2105 475 2203 δίδυμοι
497 2113 587 2204 ὤμοι,
612 2119 627 2177 6
652 2125 794 2205 καρκῖνος
820 2108 932 2204 θώραξ,
958 2119 973 2178 6
996 2116 1075 2179 λέων
1101 2115 1295 2204 μετάφρενα,
1320 2108 1432 2206 καρδία
1457 2117 1511 2180 καὶ
1534 2117 1665 2208 πλευρά,
1688 2123 1708 2192 ῆ

161 2218 309 2308 παρθένος
333 2223 453 2296 κοιλία,
477 2226 494 2284 ὑ
518 2215 609 2310 ζυγὸς
633 2223 779 2311 γλουτοὶ,
805 2227 820 2285 6
846 2223 989 2312 σκόρπιος
1015 2215 1134 2308 αἰδοῖα,
1160 2228 1175 2287 ὁ
1200 2217 1333 2300 τοξότης
1358 2225 1469 2314 μηροὶ,
1494 2229 1510 2288 6
1542 2226 1710 2315 αἰγόκρεως

162 2325 292 2415 γόνατα,
317 2331 333 2390 6
357 2318 505 2417 ὑδροχόος
528 2338 656 2416 κνῆμαι,
682 2337 711 2393 οἱ
733 2327 834 2418 ὶχθὺες
850 2323 952 2406 πόδες
970 2331 1102 2395 ἕκαστον
1119 2326 1171 2395 οὑν
1188 2341 1250 2396 τῶν
1275 2325 1393 2412 ζῳδίων
1417 2332 1549 2422 ὑπάρχει
1573 2335 1610 2397 τό
1632 2327 1710 2398 ίδιον

163 2434 266 2521 μέλος,
291 2436 345 2499 καὶ
368 2439 518 2501 ἀποτελεῖ
539 2436 609 2527 περὶ
634 2439 727 2501 αὑτόν
752 2437 848 2514 πάθος
873 2463 916 2506 τι.
942 2437 1039 2504 Ὅθεν
1065 2442 1148 2530 αἵπερ
1175 2441 1330 2528 βοὺλομαι
1352 2438 1461 2504 παθεῖν
1486 2439 1506 2504 ά
1530 2433 1577 2506 δεῖ
1600 2441 1709 2505 παθεῖν

164 2549 216 2608 ὑπ’
241 2545 355 2630 αὑτῶν,
380 2543 436 2620 τάς
461 2567 497 2608 τε
523 2543 640 2634 μορφάς
657 2546 711 2610 καὶ
727 2545 783 2620 τάς
804 2538 885 2622 ἰδέας
910 2556 972 2610 τῶν
997 2541 1132 2612 δεκάνων
1158 2551 1259 2612 αὑτῶν
1283 2544 1440 2640 γλὺβονθ)
1465 2552 1496 2613 ἐν
1520 2559 1584 2624 τοῖς
1602 2549 1711 2632 λίθοις,

162 2653 216 2717 καὶ
239 2652 360 2729 ὑποθεὶς
384 2653 518 2718 ἑκάστου
543 2653 602 2720 τήν
629 2653 777 2739 βοτάνην,
801 2655 855 2720 καὶ
879 2657 926 2720 ἔτι
950 2655 1007 2727 τήν
1025 2657 1156 2745 μορφήν,
1173 2655 1225 2720 καὶ
1240 2655 1372 2730 ποιήσας
1389 2656 1601 2745 φυλακτήριον
1627 2656 1710 2748 μέγα

164 2760 261 2850 φόρει,
285 2760 612 2851 μακάριονιβοήθημα
637 2773 691 2827 τοῦ
716 2761 861 2852 σώματός
886 2787 952 2831 σου.
977 2757 1159 2854 Ἀρξώμεθα
1184 2757 1235 2828 οὑν
1262 2764 1322 2827 ἀπὸ
1347 2773 1403 2827 τοῦ
1427 2765 1521 2854 κρίου.

206 2871 298 2957 Κρίου
315 2879 436 2959 πρῶτος
461 2861 596 2946 δέκανος,
620 2869 718 2958 ὄνομα
743 2873 823 2960 έχων
841 2872 966 2962 Λαχωρῖ
979 2869 1014 2955 ⁷),
1032 2871 1152 2961 μορφήν
1170 2863 1203 2936 δὲ
1220 2870 1279 2944 τήν
1303 2874 1519 2962 ὑποκειμένην,
1538 2869 1606 2960 ὅφιν
1631 2874 1710 2962 έχων

160 2968 296 3055 παιδίου,
319 2977 377 3053 τάς
402 2970 435 3042 δὲ
452 2989 555 3067 χεῖρας
574 2978 636 3042 ἄνω
653 2980 838 3068 ἐπηρμένοις.
858 2978 993 3069 Κυριεὺει
1010 2971 1043 3043 δε
1060 2989 1121 3043 τῶν
1138 2980 1208 3068 περὶ
1225 2980 1283 3050 τήν
1301 2979 1440 3068 κεφαλήν
1458 2982 1627 3069 γινομένων
1651 3005 1712 3045 πα-

162 3084 233 3150 θῶν.
258 3082 377 3172 Γλὺψσν
395 3079 446 3150 οὑν
471 3096 593 3171 τοῦτον,
618 3089 721 3174 ὥσπερ
745 3092 840 3166 ἐστιν,
864 3091 895 3151 ἐν
919 3089 996 3168 λίθῳ
1021 3079 1205 3170 βαθνλωνίῳ
1230 3089 1341 3176 ὡραίῳ,
1358 3088 1412 3150 καί
1428 3087 1547 3164 ὑποθεὶς
1574 3087 1711 3172 βοτάνην

161 3193 286 3280 ’ίσοφρυν
311 3191 441 3280 ”Αρεως,
467 3196 590 3258 κλεῖσον
614 3195 644 3256 ἐν
669 3183 784 3279 σιδήρῳ
808 3185 967 3275 δακτὺλῳ,
984 3194 1037 3256 καὶ
1053 3193 1145 3283 φόρει.
1165 3198 1320 3282 ὶίκραίτου
1339 3187 1372 3260 δέ
1389 3207 1499 3286 φαγεῖν
1515 3195 1635 3284 κάπρου
1659 3221 1713 3261 κε-

104 3373 106 3378 ,
162 3298 277 3388 φαλήν,
302 3301 383 3364 οὑτω
406 3298 466 3390 γάρ
483 3299 681 3373 κολακεὺσεις
698 3297 750 3361 ἕνα
766 3298 909 3374 ἕκαστον,
927 3293 1065 3390 χαράξας
1083 3303 1114 3363 ἐν
1133 3308 1178 3382 τῷ
1194 3291 1261 3384 Ιιδίῳ
1278 3299 1354 3383 λίθῳ
1373 3300 1452 3390 μετά
1476 3301 1529 3366 καὶ
1553 3312 1608 3366 τοὺ
1634 3293 1711 3367 ἰδίου

162 3407 315 3494 ὀνόματος
328 3404 364 3488 ⁸).

205 3514 353 3604 Δεὺτερος
368 3506 503 3590 δέκανος.
518 3509 616 3592 Οὗτος
629 3514 729 3605 ὄνομα
743 3517 807 3605 ἔχει
825 3515 985 3604 Χουταρέτ
998 3513 1054 3604 ’μή
1073 3523 1214 3600 Χαυκεῖν,
1230 3517 1349 3606 μορφήν
1367 3508 1400 3583 δὲ
1417 3516 1475 3588 τήν
1493 3519 1709 3607 ὑποκειμένην·

162 3626 230 3689 έστι
247 3614 280 3688 δέ
296 3623 350 3689 καὶ
366 3623 612 3714 κυνοπρόσωπος,
630 3627 710 3716 έχων
728 3629 758 3690 ἑν
775 3636 814 3710 τῇ
835 3616 920 3708 δεξιᾷ
936 3625 1014 3713 χειρὶ
1031 3636 1201 3714 σκῆπτρον,
1220 3629 1250 3690 ἐν
1268 3617 1301 3690 δὲ
1317 3635 1357 3710 τῇ
1377 3625 1524 3714 εὑωνὺμῳ
1539 3616 1644 3690 δίσκον
1660 3623 1710 3707 ¹⁰),

162 3725 404 3822 περιεζωσμένος
429 3731 510 3821 μετά
534 3743 597 3796 τῶν
622 3731 842 3823 ἀστραγάλων.
867 3731 1003 3820 Κυριεὺει
1020 3723 1054 3796 δέ
1070 3741 1234 3821 κροταφῶν
1258 3732 1312 3795 καί
1329 3742 1486 3821 μυκτῆρος
1502 3732 1551 3817 ¹¹),
1576 3733 1630 3797 καὶ
1653 3734 1711 3797 ὅσα

163 3839 247 3913 πάθη
267 3839 390 3918 τοὺτοις
407 3841 626 3930 έπιπέμπεται.
645 3847 763 3906 Τοῦτον
780 3833 832 3904 οὑν
849 3835 967 3932 γλὺψον
985 3841 1014 3905 ἐν
1031 3839 1108 3925 λίθῳ
1128 3831 1271 3930 σιδηρίτγ,
1290 3836 1341 3924 ¹²),
1357 3841 1412 3904 καὶ
1427 3838 1547 3917 ὑποθεὶς
1573 3839 1710 3924 βοτάνην

161 4145 279 4222 incipit:
298 4149 431 4219 Μακαρέας
451 4155 518 4220 παρα
531 4149 584 4202 θεοῦ
598 4150 680 4218 τιμῆς,
694 4145 815 4203 tendcm
833 4146 854 4202 f.
875 4145 910 4202 10
940 4155 942 4160 '
996 4149 1019 4218 ³)
1038 4141 1199 4216 Sequentia
1221 4159 1259 4198 ex
1284 4141 1347 4199 cod.
1366 4139 1589 4198 vindobonensi
1613 4159 1709 4215 usque

161 4236 267 4294 incidit
285 4237 316 4294 in
331 4237 541 4309 Mosquensem
554 4236 730 4311 rapsodiam.
744 4238 788 4295 Ut
799 4243 835 4294 ut
853 4243 907 4307 est,
962 4234 1000 4290 ed
1019 4232 1184 4289 clausulem
1203 4235 1269 4286 ἄνευ.

160 4343 239 4382 unus
258 4325 387 4382 fortusse
406 4325 455 4382 vel
467 4327 544 4383 alter
557 4326 620 4396 erit
635 4326 678 4383 rei
695 4324 857 4397 lapidariae
877 4333 908 4382 et
997 4326 1020 4398 ⁴)
1040 4323 1079 4378 M.
1100 4324 1218 4393 ὑρμανίσι
1232 4323 1319 4382 ἕξεται.
1333 4320 1368 4377 V.
1383 4338 1440 4377 om.
1455 4327 1497 4374 και
1511 4321 1566 4389 ἔχει.
1581 4351 1616 4364 -
1628 4323 1710 4383 οὕτως.

161 4407 311 4488 glppticee
331 4414 492 4485 studiosus,
513 4415 562 4471 cni
573 4416 656 4470 haud
668 4414 831 4487 injucunda
851 4415 908 4471 erit
998 4415 1021 4487 ⁵)
1033 4413 1187 4482 Videlicet,
1198 4409 1310 4484 opinor,
1322 4415 1410 4483 μιαροῦ
1421 4413 1523 4484 κόσμου,
1533 4411 1621 4466 homo
1632 4409 1711 4468 enim

161 4502 322 4576 descriptio
341 4520 527 4575 gemmarum
545 4503 791 4561 Hermetiocrnm.
804 4503 908 4576 Neque
962 4513 1010 4562 est
1028 4505 1214 4576 μιαρόαοομος..

162 4591 279 4650 omnino
292 4593 376 4666 aegri
389 4592 504 4649 somnis
514 4609 580 4649 csse
590 4592 737 4664 videntur,
752 4591 806 4649 sed
818 4599 908 4664 prout
997 4595 1019 4668 ⁶)
1039 4593 1108 4650 Ood.
1130 4599 1172 4645 καὶ
1191 4593 1295 4666 μύρον.

161 4681 217 4738 sub
237 4680 332 4738 oculis
351 4681 506 4755 scriptoris
528 4679 679 4755 jacebant,
705 4681 820 4754 lapides
840 4698 910 4737 cen·
997 4685 1020 4758 7)
1039 4683 1073 4738 V.
1093 4685 1244 4753 Χενδαχωρί.
1265 4682 1390 4739 Caetera
1402 4681 1433 4736 id
1445 4697 1542 4752 genus
1561 4679 1709 4738 vocabule

161 4770 229 4827 dide
248 4769 348 4844 potius
367 4789 457 4844 quarn
475 4772 574 4844 inepte
593 4772 779 4829 exhibentur.
806 4773 909 4829 Caete-
962 4781 1015 4830 cut
1026 4771 1133 4828 fictitie
1146 4777 1224 4842 sunt,
1238 4778 1292 4827 sut
1304 4772 1439 4828 barbarie
1452 4787 1490 4828 ex
1507 4769 1628 4843 linguis,
1643 4787 1710 4842 cop·

161 4879 227 4916 rum
246 4861 313 4934 quis
331 4879 391 4917 non
409 4861 611 4933 suspicabitur
623 4862 702 4918 hunc
719 4861 853 4918 libellum
872 4863 908 4918 de
962 4866 1022 4923 tien
1041 4865 1072 4922 in
1091 4863 1202 4937 primic,
1223 4861 1366 4918 derivate.

161 4953 252 5008 XXX
260 4953 300 5008 VI
309 4953 429 5008 decanis
442 4955 469 5008 et
481 4953 585 5022 tertis,
600 4953 737 5008 eumdem
752 4969 817 5008 esse
831 4969 865 5006 so
877 4951 908 5006 it·
998 4955 1021 5027 ⁸)
1040 4955 1073 5008 V.
1095 4951 1159 5007 add.
1180 4951 1239 5012 ῖξιις
1259 4955 1379 5020 μακάριον
1401 4950 1523 5020 patengam.

161 5043 223 5098 lum
234 5061 251 5098 ιι
262 5042 373 5100 Gelono
385 5041 457 5098 diris
468 5041 600 5098 dicatum
611 5041 667 5098 sub
678 5040 766 5098 titulo
775 5042 913 5098 XXXVI
997 5041 1021 5112 ⁹)
1040 5039 1075 5096 V.
1094 5044 1155 5092 Χαῖ.

161 5136 391 5204 ὴθνῡὺοθρθτὶὶῖῖῖ
412 5136 438 5188 ὑί
456 5131 642 5189 herbarum?
988 5129 1022 5203 ¹⁰)
1041 5129 1075 5186 V.
1090 5128 1274 5200 ὑπολαμίάνων
1289 5133 1365 5198 lusor,
1380 5127 1446 5185 fort.
1457 5134 1492 5185 ut
1502 5127 1573 5185 allbl
1584 5129 1708 5201 ὑδρίσκην.

200 5221 222 5298 ¹)
241 5222 281 5278 M.
301 5225 415 5294 τιμήσας.
435 5219 558 5296 Aliquid
576 5221 645 5280 tort.
665 5219 781 5279 excidit
987 5222 1020 5294 ¹¹)
1039 5219 1108 5276 Cod.
1130 5225 1262 5292 μνχὺἥρας.

199 5314 222 5390 ²)
242 5313 280 5370 M.
300 5315 357 5384 ίχιι.
988 5311 1024 5386 ¹²)
1043 5310 1081 5368 ll.
1102 5313 1228 5384 σιδαρίτῳ.
