4022 6072
283 505 336 561 110
925 503 1044 579 Sancti
1062 506 1190 580 Basilii

326 675 382 750 κς’.
407 675 441 740 Ἡ
465 677 698 766 ἀναχωρήσασα
721 674 741 750 ἢ
767 687 824 753 τῆς
849 688 945 766 μονῆς
970 669 1171 771 διαφυγοῦσα,
1188 679 1268 770 μετά
1284 681 1343 754 τὴν
1361 683 1561 774 ἐπιστροφὴν,
1578 688 1618 761 εἰς
1642 684 1702 757 τὴν
1725 686 1828 761 πύλην

281 783 432 866 στεκέτω,
456 783 570 861 πάσαις
596 784 759 870 βάλλουσα
784 788 950 875 μετανοίας
974 795 1043 862 ταῖς
1067 778 1218 864 ἐξιούσαις
1243 790 1392 879 εύχεσται
1415 788 1490 880 ὑπὲρ
1513 794 1620 867 αὐτῆς.

436 1327 600 1415 Ἐπιτίμια
623 1337 679 1392 τοῦ
704 1329 799 1393 αὐτοῦ
823 1328 873 1393 ἐπί
896 1337 959 1393 τῶν
982 1328 1249 1419 παραπιπτόντων
1274 1321 1306 1408 ἐξ
1330 1330 1443 1406 οἰκείας
1468 1327 1618 1420 ῥᾳθυμίας
1637 1330 1671 1414 ¹).

326 1548 354 1610 α’
379 1547 415 1612 ‘0
440 1549 641 1638 παραλείπων
665 1559 721 1613 τοῦ
746 1547 873 1625 κανόνος
897 1559 961 1614 τῶν
985 1542 1173 1638 ἐξαψάλμων
1191 1548 1245 1613 καὶ
1260 1551 1301 1625 εἰς
1317 1547 1355 1612 τό
1380 1549 1557 1620 ἀλληλοόῦα
1580 1560 1636 1614 τοῦ
1660 1552 1695 1614 ἑκ
1719 1549 1828 1626 νυκτός

283 1655 470 1746 έπιρθάνων,
495 1655 661 1733 ἀκάθιστος
685 1658 814 1723 ποιείτω
838 1655 898 1730 τάν
923 1651 1046 1735 σύναξιν
1070 1666 1183 1722 πᾶσαν.
1203 1660 1242 1721 ’0
1267 1649 1300 1722 δὲ
1324 1657 1377 1721 καί
1401 1667 1455 1722 τοῦ
1480 1655 1605 1747 πρώτου
1635 1655 1828 1747 καθίσματος

278 1769 313 1830 ἐκ
338 1775 396 1842 τῆς
420 1763 579 1841 ἀσθενείας
604 1763 777 1848 ἀπολιπὼν,
801 1766 930 1830 ποιείτω
955 1767 1122 1856 μετανοίας
1146 1765 1269 1830 ἕκατον.

325 1875 365 1958 β’.
382 1874 418 1939 Ὁ
436 1867 470 1940 δὲ
485 1874 701 1962 περισσότερον
718 1873 839 1938 τούτων
853 1873 1146 1962 άπολιμπανόμενος
1159 1877 1190 1940 έν
1205 1883 1250 1956 τῷ
1263 1873 1379 1954 κανόνι,
1393 1868 1608 1965 ξηροφαγείτω
1626 1873 1696 1966 μεθ’
1713 1865 1826 1950 ύθατος

278 1982 332 2047 καὶ
354 1983 481 2047 ποιείτω
507 1984 674 2078 μετανοίας
698 1981 725 2046 ν’
746 1973 910 2070 ἑύόομάδα
934 1983 1016 2070 μίαν.
1042 1987 1228 2073 Γρηγορεῖτε
1252 1981 1322 2072 γάρ,
1347 1983 1452 2070 φησίν,
1468 1983 1522 2046 καὶ
1537 1981 1754 2074 προσεύχεσθε,
1779 1984 1828 2048 ίνκ

279 2089 321 2181 μὴ
348 2089 511 2164 εἰσέλθητε
534 2096 575 2167 εἰς
598 2090 769 2180 πειρασμόν
795 2091 925 2174 (Μοίίίι.
949 2111 1043 2176 xm,
1069 2095 1135 2168 41).

323 2200 364 2289 γ’.
382 2203 423 2263 ‘0
446 2201 647 2290 παραλείπων
666 2209 723 2274 τῆς
739 2199 935 2289 λειτουργίας
952 2198 1006 2273 ἕως
1023 2208 1077 2262 τοῦ
1095 2196 1280 2275 ἀλληλούῦα,
1298 2196 1341 2287 μὴ
1360 2197 1458 2262 πιέτιο
1482 2193 1572 2264 οἶνον·
1597 2203 1612 2262 ό
1638 2191 1671 2264 ἀὲ
1694 2199 1748 2263 καὶ
1771 2200 1825 2274 ἕως

276 2305 333 2383 τάς
358 2306 448 2398 θύρας
472 2307 569 2372 λιπὼν
587 2309 675 2385 ἐκτός
693 2307 833 2397 ἀνάγκης
851 2305 994 2396 μεγάλης
1011 2299 1069 2384 ἔξω
1085 2317 1192 2384 ποιῶν,
1210 2300 1428 2398 ξηροφαγείτω
1445 2306 1513 2397 μεθ’
1532 2299 1645 2384 ύάατος
1663 2308 1717 2373 καί
1741 2313 1825 2372 ἀκοι-

277 2414 415 2492 νώνητος
439 2407 600 2505 ἑθθομάθα
624 2419 707 2505 μίαν,

322 2517 359 2589 θ’.
384 2525 419 2589 ‘0
443 2526 644 2615 παραλείπων
663 2530 704 2600 είς
720 2523 777 2600 τάς
793 2523 904 2599 λοιπάς
922 2517 1060 2602 συνάξεις
1076 2533 1139 2587 τῶν
1157 2527 1255 2612 εύχῶν
1272 2525 1327 2599 ἕως
1343 2523 1595 2614 συμπληρώσεως
1620 2534 1675 2588 τοῦ
1699 2521 1824 2612 πρῶτον

278 2633 465 2723 ἀντιρύνου,
487 2634 615 2698 ποιείτω
640 2635 805 2721 μετανοίας
830 2636 873 2696 ν’·
898 2637 913 2698 ό
939 2623 972 2698 δὲ
995 2630 1078 2696 κατά
1103 2631 1251 2720 ἀμέλειαν
1276 2631 1330 2695 καί
1353 2633 1430 2708 όλης
1453 2642 1512 2708 τῆς
1543 2625 1694 2710 συνάξεως
1717 2655 1824 2721 παρα-

277 2742 405 2816 λείπων,
431 2739 473 2831 μὴ
500 2735 580 2805 οἶνον
604 2740 727 2806 πινέτω.

322 2849 355 2913 ε’.
367 2853 406 2912 ‘0
424 2853 454 2913 ἐν
472 2857 518 2932 τῷ
535 2858 631 2938 καιρῷ
648 2859 706 2924 τῆς
724 2839 1146 2939 ψαλμῳδίκςσυντυγχάνων
1164 2847 1183 2920 ἢ
1201 2842 1417 2938 γελοιάζων,ἢ
1437 2839 1487 2913 διά
1504 2849 1616 2913 κακίαν
1633 2847 1652 2920 ἢ
1671 2846 1823 2938 ῥαθυμίαν

278 2955 321 3048 μὴ
349 2953 476 3044 ψάλλων
501 2956 585 3022 κατά
608 2957 645 3022 τό
670 2954 784 3040 είωθός,
809 2951 897 3033 οὗτος
920 2959 1049 3022 ποιείτω
1074 2958 1240 3045 μετανοίας
1266 2958 1299 3046 ρ’.

321 3065 361 3139 ς’.
387 3065 422 3128 '0
447 3057 534 3141 ἐξιὼν
558 3073 616 3139 τῆς
632 3066 898 3140 ἐκκλησιαστικῆς
915 3055 1099 3152 ψαλμῳδίας
1116 3064 1135 3137 ἢ
1154 3058 1407 3154 καθεζόμενοςὲν
1428 3075 1469 3149 τῇ
1496 3057 1628 3142 συνάξει,
1653 3063 1672 3135 ἢ
1698 3065 1825 3151 στίχους

277 3165 377 3248 θιθούς
402 3173 491 3248 ἐκτός
515 3175 684 3261 ἐπιτροπῆς
707 3183 763 3237 τοῦ
786 3173 914 3263 πατρός,
939 3173 1066 3238 ποιείτω
1091 3175 1257 3261 μετανοίας
1284 3173 1319 3262 ρ’.
1344 3173 1418 3238 Ἐάν
1443 3162 1476 3238 δὲ
1499 3171 1660 3263 προπέτως
1689 3163 1824 3261 ἄρξηταί

277 3307 324 3358 τις
348 3290 404 3346 τοῦ
429 3278 634 3368 καθίσματος,
658 3281 805 3354 στηκέτω
829 3278 915 3370 όρθος
939 3281 994 3356 ἕως
1018 3281 1124 3372 ἑτέρου
1149 3279 1354 3369 καθίσματος,

321 3384 356 3468 ζ’.
368 3392 407 3453 Ὅ
425 3388 479 3452 τόν
495 3397 681 3477 προεστῶτα
694 3381 854 3476 ἀτιμάζων
871 3386 892 3460 ἢ
909 3379 1145 3479 προσονειδίζων
1163 3389 1247 3454 κατά
1264 3388 1438 3477 πρόσωπον,
1457 3381 1645 3478 ἀροριζέσθω
1662 3386 1780 3478 ἡμέρας
1796 3380 1825 3464 ζ’

277 3489 463 3588 ξηροφαγῶν
487 3495 550 3586 μεθ’
580 3487 704 3582 “θατος,
728 3497 781 3561 καί
804 3495 885 3562 λύων
909 3497 969 3568 τὴν
994 3493 1095 3577 ζώνην
1121 3501 1215 3562 αὑτοῦ
1239 3501 1270 3562 ἑν
1295 3506 1340 3579 τῷ
1356 3506 1453 3586 καιρῷ
1474 3506 1532 3573 τῆς
1557 3495 1744 3573 άπολύσεως,
1770 3494 1823 3558 καὶ

275 3607 406 3671 ποιείτω
431 3606 595 3696 μετανοίας
619 3607 650 3670 ἐν
674 3613 720 3690 τῷ
752 3601 882 3695 νάρθηκι
913 3616 978 3680 τοῖς
1010 3599 1121 3682 ἐξιοῦσι
1144 3614 1257 3689 πᾶσιν,
1281 3605 1381 3696 λέγων
1413 3605 1467 3670 τό“
1499 3606 1734 3697 Συγχωρήσατέ
1759 3627 1822 3693 μοι,

277 3704 416 3804 άθελροί,
439 3714 618 3804 γέγραπται
641 3711 701 3804 γάρ
726 3714 776 3778 ὅτι
800 3713 939 3803 ἄρχοντα
963 3723 1018 3778 τοῦ
1042 3716 1119 3777 λαοῦ
1144 3716 1199 3777 ούκ
1222 3718 1299 3802 ἐρεῖς
1323 3724 1425 3789 κακῶς
1451 3715 1560 3798 (Ειού.
1584 3735 1667 3799 xm,
1692 3715 1759 3798 28).

320 3823 363 3893 η’.
389 3821 424 3885 '0
449 3821 649 3910 κανόναρχος,
672 3820 724 3886 ἐάν
748 3821 872 3911 ἀμελῶς
889 3813 1045 3886 διάκειται
1062 3819 1146 3910 παρά
1164 3819 1222 3892 τόν
1241 3823 1457 3912 στιχολογίαν,
1481 3823 1535 3886 καὶ
1551 3821 1610 3892 τὴν
1627 3814 1822 3912 ἁρμόζουσαν

276 3933 362 4014 αὐτῷ
386 3931 564 4020 ἐπιμέλειαν
588 3941 643 3996 τοῦ
668 3929 804 4006 κανόνος,
829 3930 883 3994 καί
907 3920 959 3994 διά
982 3928 1042 4000 τὴν
1067 3933 1162 3994 αὐτοῦ
1187 3927 1376 4020 ῥᾳθυμίανη
1399 3923 1566 4021 θοξολογία
1589 3941 1643 3995 τοῦ
1669 3935 1749 3995 Θεοῦ
1773 3930 1823 3994 έκ-

276 4061 393 4114 κοπτος
416 4031 565 4126 λαμύάνη
590 4043 632 4113 είς
657 4037 790 4126 φύρσεως
816 4027 906 4111 δίκην
932 4028 1071 4126 δέχεται,
1090 4029 1307 4127 ξηροφαγείτω
1325 4035 1391 4124 μεθ’
1413 4027 1537 4120 ύθατος,
1563 4029 1609 4102 διό
1633 4037 1822 4127 γέγραπται·

276 4146 526 4236 Ἐπικατάρατος
549 4155 609 4222 πᾶς
633 4151 649 4210 ό
672 4154 768 4210 ποιῶν
791 4143 833 4208 τά
856 4146 933 4235 ἔργα
956 4155 1011 4208 τοῦ
1036 4149 1116 4208 Θεοῦ
1141 4147 1266 4231 ἀμελῶς
1290 4146 1433 4230 (Οοιιίσε.
1457 4165 1561 4229 xxva,
1586 4148 1651 4230 26).

320 4253 355 4319 θ’.
375 4257 414 4318 ‘0
440 4253 532 4329 αύτός
555 4253 660 4330 πάλιν,
686 4251 739 4318 ἐάν
765 4255 897 4338 ἀμελῶς·
912 4252 1033 4341 κατέχῃ
1059 4252 1097 4315 τό
1122 4251 1354 4340 σημαντήριον,
1373 4251 1427 4315 καί
1450 4255 1483 4317 ού
1509 4255 1645 4338 σημαίνῃ
1672 4251 1731 4325 τὴν
1755 4256 1822 4316 ἑπι-

276 4359 474 4452 τεταγμένην
501 4361 581 4451 ῶραν
606 4359 625 4432 ἦ
651 4358 708 4434 τάς
734 4351 860 4444 βίίίλοος
878 4363 973 4422 αὐτοῦ
991 4356 1073 4446 μετά
1090 4359 1250 4449 σπάστρας
1266 4362 1300 4424 ού
1319 4363 1510 4450 συντηρήση,
1529 4361 1572 4451 μὴ
1591 4361 1706 4426 πινέτω
1729 4355 1819 4426 οἶνον·

321 4471 349 4534 ι’.
368 4473 407 4534 ‘0
433 4469 525 4546 αύτύς
548 4469 654 4550 πάλιν,
679 4465 732 4533 ίάν
757 4470 791 4532 ού
817 4467 926 4552 βλέπῃΙ
944 4466 1008 4530 καθ
1037 4467 1167 4558 ἑσπέραν
1191 4471 1228 4532 το
1247 4462 1428 4560 συναξάριον
1453 4459 1504 4535 8ιά
1527 4469 1583 4546 τάς
1608 4471 1734 4559 μνήμας
1757 4479 1820 4534 τῶν

276 4579 370 4668 ἀγίων
394 4578 448 4642 καί
471 4575 512 4643 τά
528 4577 730 4667 προσήκοντα
746 4579 840 4640 αὐτοῦ
859 4581 893 4642 ού
909 4579 1027 4666 πληροῖ
1041 4577 1072 4641 έν
1090 4587 1159 4651 ταῖς
1176 4574 1269 4652 θείαις
1285 4578 1492 4667 λειτουργίαις
1509 4575 1528 4650 ἣ
1550 4580 1580 4642 ἐν
1605 4587 1673 4653 ταῖς
1697 4579 1820 4651 λοιπαῖς

276 4679 430 4763 συνάξεσι,
454 4687 581 4749 ποιείτω
606 4685 771 4771 μετανοίας
795 4685 831 4760 ν’,
855 4685 909 4748 καί
932 4678 1148 4773 ξηροφαγείτω
1172 4685 1291 4773 ἡμέραν
1316 4687 1401 4772 μίαν.

320 4791 362 4856 ια’
384 4793 420 4856 ‘0
445 4784 662 4882 κανθηλάριος,
686 4793 738 4857 ἐαν
764 4795 885 4880 ἀμελῶς
910 4784 1104 4879 διακείμενος
1128 4795 1183 4857 οὐκ
1199 4785 1323 4880 ἑξειφὼς
1340 4792 1394 4866 ἕως
1412 4802 1467 4856 τοῦ
1490 4765 1615 4882 άρώτου
1637 4791 1820 4880 ἀντιρώνου,

275 4899 328 4963 καί
352 4891 403 4964 θιά
427 4910 522 4966 τοῦτο
539 4899 714 4990 σφάλματα
730 4901 867 4991 γίνηται,
887 4899 929 4989 μὴ
947 4899 1045 4966 πιέτω
1061 4894 1151 4979 οἶνον,
1169 4899 1252 4965 ἀλλά
1269 4900 1322 4964 καί
1344 4889 1410 4965 ίθια
1425 4904 1490 4972 πλη
1497 4899 1593 4990 ρούτω
1614 4901 1668 4966 τόν
1693 4900 1819 4968 κανόνα.

311 5166 333 5240 ¹)
352 5165 401 5222 Ex
419 5163 516 5223 Vatia.
528 5165 591 5236 430,
610 5165 671 5222 723.
690 5167 774 5224 Ηοοο
793 5171 841 5223 est
858 5166 1019 5224 ιιοσέοιίσο
1072 5168 1203 5225 attinent
1222 5167 1261 5224 οᾶ
1285 5165 1363 5225 ritus
1389 5167 1572 5226 Graecorum
1598 5168 1819 5228 ecclesiasticos

273 5273 341 5313 rum
359 5255 544 5314 feracissima
562 5255 669 5314 classis
688 5256 785 5328 tortia,
800 5256 939 5329 superius
957 5273 1019 5312 mo·
1072 5257 1293 5315 illustrandum.
1305 5259 1350 5314 Ειι
1362 5275 1439 5332 quae
1458 5257 1621 5328 variantur,
1636 5264 1719 5318 sarta
1737 5263 1819 5316 tecta

273 5351 397 5420 morata„
408 5363 446 5403 ox
458 5363 518 5421 qua
530 5351 648 5406 tantum
660 5363 754 5420 ροοσο
767 5345 927 5421 recipimus
940 5363 1018 5420 quae
1072 5363 1201 5416 servare,
1220 5347 1307 5420 parvi
1324 5347 1425 5405 refert„
