4006 6074
251 544 287 604 σε
731 539 900 630 Quomodo
917 561 952 612 oo
971 541 1108 614 ooo'moe
1125 547 1321 634 αρηοεσιικί.

250 710 377 803 γνώσεις
401 711 491 786 οὔσας
517 709 598 800 μετά
619 711 746 800 παχέων
764 711 913 802 ὀργάνων,
931 704 1220 803 ἀντιλαμόάνεσθαι
1242 722 1303 778 τῶν
1321 724 1479 805 συγγενῶν
1503 713 1720 805 αἱσθημάτων,
1737 711 1800 781 οἷον

250 815 318 908 ὄψιν
342 808 497 909 φωτοειδῆ
523 817 608 885 κατά
631 819 720 910 φόσιν
744 813 849 906 οὖσαν,
873 820 1050 912 χρωμάτων
1075 813 1251 911 φωτοειδῶν
1275 822 1384 906 ὄντων,
1409 824 1463 888 καί
1480 823 1578 896 ἀκοήν
1602 815 1722 915 ἀερώδη
1741 823 1801 895 τήν

251 929 356 992 οόσίαν
381 929 526 1017 ἔχουσαν,
544 936 606 992 τῶν
626 925 730 1018 ψόφων
749 930 856 1018 ἀερίων
874 929 985 994 ὄντων·
1000 928 1058 1006 τάς
1076 921 1109 994 δέ
1125 926 1226 1020 ψυχάς
1242 930 1417 1021 γνωστικάς
1435 933 1536 1009 οόσας,
1560 932 1614 996 καί
1634 927 1697 996 οἷον
1721 929 1802 1022 ὄψεις

250 1033 347 1120 τινάς,
374 1034 416 1124 μή
435 1040 507 1126 ὁρᾶν
523 1035 580 1113 τάς
598 1047 755 1128 συγγενεῖς
773 1040 882 1114 αὑταῖς
906 1034 1006 1128 ψυχάς
1023 1038 1077 1102 καί
1093 1039 1185 1128 χωρίς
1209 1039 1347 1128 ὀργάνων
1365 1039 1462 1116 αότάς
1479 1031 1519 1104 δι’
1537 1044 1666 1105 ἑαυτῶν·
1685 1043 1719 1105 οό
1743 1039 1802 1132 γάρ

211 1171 224 1210 o
250 1153 364 1238 γνῶσιν
381 1143 423 1209 τά
439 1145 556 1236 ὄργανα
573 1145 787 1234 προστίθησιν,
806 1145 889 1210 ἀλλά
906 1150 1026 1236 μᾶλλον
1044 1145 1182 1237 ἄγνοιαν,
1198 1149 1280 1237 εἴπερ
1297 1153 1316 1222 ή
1344 1146 1398 1237 μέν
1423 1157 1533 1238 γνῶσις
1551 1150 1688 1239 ἐνέργεια
1705 1150 1802 1240 κρίσις

250 1247 328 1319 οόσα
350 1261 413 1316 τῶν
437 1261 596 1345 γνωστῶν,
620 1257 640 1326 ή
667 1243 700 1317 δέ
723 1255 818 1344 κρίσις
844 1252 1040 1330 ἀπαθής·τά
1064 1245 1097 1320 δέ
1117 1255 1234 1344 όργανα
1249 1254 1334 1328 πάθη
1354 1267 1423 1332 ταῖς
1440 1254 1572 1349 γνώσεσι
1586 1254 1801 1340 προστίθησιν.

252 1360 345 1451 Ὀρᾶν
363 1350 396 1424 δέ
416 1359 503 1436 ὄντος
521 1351 654 1426 δυνατοῦ
678 1360 732 1425 καί
756 1361 931 1452 ἀσωμάτως
955 1362 1009 1428 καὶ
1023 1373 1221 1451 σωματικῶς,
1239 1354 1325 1428 οὐδὲν
1342 1356 1404 1437 ήδη
1424 1362 1605 1453 θαυμαστόν
1622 1363 1674 1427 καὶ
1698 1359 1801 1452 ψυχὴν

250 1472 323 1560 ὀρᾶν
348 1468 450 1540 ἀλλην
474 1465 588 1558 ψυχήν·
612 1472 718 1534 καίτοι
739 1471 791 1535 καί
808 1461 860 1536 διά
875 1481 939 1535 τῶν
957 1471 1130 1560 ὀχημάτων
1147 1462 1281 1536 δυνατόν
1304 1471 1398 1562 φάναι
1420 1470 1582 1564 γίγνεσθαι
1597 1481 1666 1547 ταῖς
1690 1467 1802 1562 ψυχαῖς

251 1576 311 1650 τὴν
336 1579 485 1652 ἀλλήλων
509 1587 633 1669 γνῶσιν,
650 1579 752 1670 ὥσπερ
768 1577 903 1644 ἐνταῦθα
920 1570 971 1644 διά
987 1587 1050 1643 τῶν
1074 1581 1237 1668 ὀστρεΐνων
1262 1578 1428 1668 σωμάτων,
1445 1580 1499 1644 καί
1518 1578 1737 1671 ἐναργέστερον
1762 1566 1802 1642 δι’

199 1710 225 1752 ιο
251 1686 376 1752 ἐκείνων
400 1684 419 1757 ἣ
445 1683 575 1750 τοότων·
600 1688 722 1776 μᾶλλον
742 1683 802 1777 γάρ
820 1689 921 1752 ἐκεῖνα
937 1685 994 1762 τάς
1011 1687 1072 1751 ἀπὸ
1088 1697 1152 1752 τῶν
1168 1683 1274 1776 ψυχῶν
1292 1687 1439 1778 ἐμφάσεις
1456 1680 1647 1778 ὑποδέχεται
1668 1685 1802 1768 τούτων,

252 1794 328 1858 ὅπου
352 1816 390 1883 γε
414 1792 468 1857 καί
490 1795 522 1858 ἐν
546 1792 679 1876 τούτοις,
698 1793 780 1859 ἄλλα
798 1794 891 1884 μόρια
908 1798 1029 1885 μᾶλλον
1047 1795 1161 1874 ἀλλων,
1179 1796 1237 1860 ὅσα
1253 1791 1355 1886 ψυχῆς
1374 1796 1543 1891 ἐγγυτέρω,
1569 1788 1721 1862 δείκνυσιν
1744 1791 1803 1873 τάς

251 1891 337 1966 ἔνδον
362 1903 393 1967 ἐν
418 1903 527 1977 αὐταῖς
550 1911 620 1978 ταῖς
644 1897 757 1991 ψυχαῖς
782 1893 943 1985 διαθέσεις,
968 1898 1031 1968 οἷον
1055 1902 1203 1994 ὄμματα·

253 2119 277 2186 f.
298 2121 338 2187 13
355 2142 398 2202 η,
415 2120 529 2186 eadem
544 2120 690 2187 lacuna.:
709 2118 938 2209 .;.χρωμένην
959 2117 1074 2209 ψυχήν,
1099 2119 1195 2184 καί..
1210 2144 1276 2186 ,σιν
1301 2112 1343 2186 δι’
1367 2126 1486 2188 ἑαυτῶν
1510 2121 1563 2186 καί
1586 2122 1716 2194 ἐκείνην·
1741 2119 1807 2186 ἐπεί

253 2229 308 2293 καί
330 2226 465 2294 ἐνταῦθα
488 2237 551 2293 τῶν
576 2227 645 2292 καθ’
670 2232 754 2315 ήμᾶς
770 2225 852 2304 τινά,
868 2225 911 2291 τά
927 2252 963 2293 τε
980 2226 1064 2292 ἄλλα
1080 2227 1163 2294 κατά
1180 2228 1428 2302 νοητικώτατον·
1444 2230 1497 2294 καί
1513 2229 1584 2320 περί
1599 2238 1703 2294 ταῦτα
1724 2227 1805 2293 πολὺ

202 2355 228 2396 ιο
254 2336 375 2426 σχόντα
398 2335 436 2402 τό
461 2327 614 2428 διαφέρον,
639 2338 776 2428 ἔγνωμεν
799 2327 924 2401 παιδίον
943 2327 1125 2402 ίδόνταόπό
1142 2336 1213 2424 τίθη
1232 2338 1431 2428 τρεφόμενον,
1456 2338 1508 2402 καί
1530 2328 1593 2410 ήδη
1620 2337 1747 2429 γεγονός
1771 2341 1802 2402 ἐν

255 2436 364 2535 ἀνδρός
377 2447 495 2530 ἡλικία,
508 2445 604 2511 πάλιν
623 2436 730 2510 ίδόντα
743 2445 796 2509 καί
807 2443 977 2535 ἐπιγνόντα
989 2446 1037 2510 ἐτι
1050 2455 1161 2509 τοῦτον
1176 2443 1208 2511 ἐν
1224 2435 1287 2510 ίδεν
1298 2445 1333 2530 ¹),
1347 2448 1400 2512 ὅτε
1415 2437 1539 2511 παιδίον
1552 2441 1602 2526 ἧν,
1615 2436 1668 2510 διά
1685 2455 1803 2534 μακροῦ

253 2553 366 2644 χρόνου
380 2554 472 2643 μόνον
482 2553 509 2641 2)
526 2565 590 2630 τοῖς
606 2555 744 2645 ὄμμασιν
759 2552 974 2619 πιστεύσαντα
986 2553 1041 2619 τόν
1056 2554 1301 2644 ἀναγνωρισμόν.
1315 2561 1341 2618 Τ
1346 2557 1354 2618 ί
1368 2546 1406 2626 δή
1425 2547 1477 2619 οὖν
1490 2555 1538 2618 ἐτι
1549 2544 1736 2642 παράδοξον,
1751 2554 1804 2618 καὶ

253 2661 311 2737 τάς
335 2667 400 2727 ἐκεῖ
421 2658 522 2752 ψυχάς
547 2656 765 2754 ἀναγνωρίζειν
790 2661 851 2726 άπό
875 2671 938 2726 τῶν
963 2661 1137 2753 ὀχημάτων
1162 2663 1325 2749 ἀλλήλας;
1347 2662 1390 2727 τά
1405 2686 1441 2728 τε
1464 2660 1524 2754 γάρ
1548 2670 1611 2726 τῶν
1636 2660 1803 2750 ἀμεινόνων

255 2772 376 2859 μᾶλλον
401 2760 599 2859 διασημαίνει
622 2769 681 2842 τήν
707 2761 929 2843 ἐπιόεόηκυῖαν
953 2766 1067 2860 ψυχήν,
1091 2771 1161 2847 ἥτις
1178 2770 1273 2854 ἐστίν,
1291 2761 1373 2836 διότι
1390 2769 1443 2835 καί
1467 2768 1552 2835 κατά
1576 2769 1664 2859 φόσιν
1689 2768 1807 2858 συμπέ-

200 2912 229 2949 20
256 2900 352 2967 φυκεν
369 2880 490 2955 αὑταῖς,
507 2878 561 2942 καί
584 2877 627 2942 τά
650 2887 714 2943 τῶν
737 2878 885 2968 χειρόνων
902 2881 969 2968 ἔχει
984 2879 1071 2955 τινάς
1089 2878 1204 2955 τόπους
1221 2880 1274 2945 καί
1298 2877 1455 2970 ἐμφάσεις,
1472 2879 1519 2944 ἔτι
1534 2886 1589 2942 τοῦ
1600 2877 1626 2962 3)
1649 2887 1706 2952 τῆς
1724 2870 1806 2956 ζωῆς

256 2977 366 3067 εἴδους,
383 2984 436 3050 καί
453 2986 501 3051 ἔτι
518 2976 663 3076 διορῶσαι
679 2987 732 3050 καί
748 2985 1030 3079 ἐπιγιγνώσκουσαι
1045 2979 1098 3052 διά
1113 2987 1234 3053 τούτων
1252 2988 1404 3066 ἀλλήλας·
1421 2985 1572 3076 πάμπολυ
1593 2995 1655 3050 τῶν
1671 2983 1807 3050 ἐνταῦθα

256 3093 314 3171 τάς
329 3089 412 3183 ὄψεις
429 3087 648 3184 ἀκριόεστέρας
664 3096 781 3185 ἔχουσι,
799 3087 852 3161 διά
868 3096 1044 3185 ἀόλοτέρων
1068 3100 1246 3189 ἐνεργοῦσαι
1263 3094 1427 3184 σωμάτων·
1448 3092 1668 3183 κριτικώτερον
1685 3091 1745 3184 γάρ
1768 3091 1806 3154 τό

256 3202 435 3293 ἀϋλότερον,
459 3204 513 3268 καί
535 3204 574 3268 τό
597 3203 807 3294 ἀπαθέστερον
825 3203 983 3294 αἱσθήριον
1000 3203 1295 3296 ἐνεργητικώτερον.
1319 3204 1380 3268 Καί
1402 3213 1506 3268 ταῦτα
1530 3200 1701 3293 γράφομεν,
1726 3199 1809 3275 ὅπως

256 3310 312 3378 καί
327 3302 379 3376 διά
395 3323 458 3377 τῶν
474 3311 648 3402 ὀχημάτων
665 3304 858 3403 ἐπιδείξομεν
876 3304 1048 3402 δυναμένας
1065 3312 1250 3404 γιγνώσκειν
1267 3311 1325 3388 τάς
1342 3315 1406 3376 ἐκεῖ
1420 3308 1521 3400 ψυχάς
1539 3309 1692 3390 ἀλλήλας,
1709 3309 1806 3372 ἐκεῖνο

203 3445 231 3490 ιε
255 3420 555 3513 προυπομνήσαντες
579 3425 619 3498 ὡς
643 3419 703 3511 ἀρα
726 3421 781 3486 καί
804 3422 980 3511 ἀοωμάτως
1009 3423 1152 3497 ἀλλήλας
1178 3418 1421 3515 γιγνώσκουσιν·
1447 3423 1473 3483 εί
1496 3416 1556 3508 γάρ
1587 3415 1641 3482 καί
1661 3413 1704 3481 τά
1727 3415 1807 3481 ὄντα

258 3527 425 3622 βλέπουσιν
448 3528 635 3621 ἀσωμάτως,
659 3537 723 3605 πῶς
749 3529 820 3620 οόχί
918 3513 922 3520 ’

257 3751 282 3819 f.
297 3751 349 3832 14,
363 3751 383 3818 5
396 3769 480 3817 vers.
496 3748 678 3836 amputati:
748 3750 817 3824 λας·
830 3745 884 3811 καί
898 3740 1100 3838 ἀναγνωρίζει
1117 3745 1261 3821 ἀλλήλας
1279 3734 1355 3830 [οόδ’
1373 3741 1451 3829 ἐστι]
1472 3739 1663 3832 θαυμαστόν,
1678 3739 1823 3830 ἐχοόσας.

258 3860 289 3922 ἐν
313 3867 382 3933 ταῖς
406 3856 658 3946 φαντασίαις...
681 3857 887 3947 ἀποκείμενον
912 3855 966 3919 τόν
992 3855 1141 3926 ἀλλήλων
1166 3851 1283 3934 τόπον,
1308 3850 1361 3916 καί
1385 3843 1589 3940 ἡσυχάζοντα
1616 3839 1650 3913 δέ
1674 3839 1725 3912 διά
1749 3857 1808 3922 τῆς

258 3966 328 4044 νέας
343 3961 451 4055 ὅψεως,
468 3967 689 4030 ἀνακλινοῦσαι
704 3964 764 4040 τήν
780 3974 839 4040 τῆς
856 3964 1014 4054 ὀρωμένης
1031 3958 1133 4051 ψυχῆς
1150 3961 1290 4049 μνήμην·
1307 3969 1447 4035 τοιοῦτος
1464 3958 1524 4049 γάρ
1540 3962 1556 4022 ό
1576 3955 1808 4047 ἀναγνωρισμός

205 4095 233 4134 ³⁰
258 4085 315 4140 τοῦ
340 4081 557 4164 μνημονευτοῦ
580 4065 720 4163 προόολὴ
747 4072 800 4136 καί
824 4073 951 4160 μνήμης
976 4068 1151 4147 ἀνανέωσις,
1175 4067 1213 4143 ήν
1237 4061 1319 4156 εἶχεν
1337 4066 1403 4155 μὲν,
1420 4069 1454 4130 οό
1471 4065 1634 4154 πρόχειρον
1660 4054 1694 4127 δέ
1717 4057 1809 4152 εἶχεν,

260 4183 343 4248 ὥστε
366 4181 421 4246 καί
443 4171 649 4255 διανοηθῆναι
671 4180 746 4270 πρός
770 4179 887 4251 ἑαυτὴν
911 4179 971 4251 τήν
997 4170 1279 4270 ἀναγνωρίζουσαν,
1303 4177 1353 4240 ότι
1370 4173 1429 4265 ἀρα
1446 4173 1526 4244 αότή
1553 4173 1651 4244 ἐκείνη
1678 4177 1697 4244 ή
1724 4166 1808 4259 ψυχή

259 4295 279 4365 ή
305 4280 428 4355 τοιόνδε
451 4283 525 4364 ήθος
550 4288 676 4376 ἔχουσα,
700 4287 754 4352 καί
777 4281 863 4367 ζῶσα
878 4283 1018 4376 χεῖρονή
1039 4285 1173 4370 βελτίον,
1191 4279 1253 4349 οἷον
1275 4281 1330 4348 καί
1353 4274 1519 4358 Ὀδόσσευς
1542 4281 1724 4371 ὀὉμήρου,
1747 4278 1807 4352 τήν

261 4398 434 4488 Ἀχιλλέως
447 4392 551 4486 ψυχήν
567 4386 638 4460 ίδὼν
655 4398 686 4461 ἐν
702 4385 778 4480 ᾅδου
788 4395 814 4482 ⁴)
830 4395 883 4461 καί
898 4393 959 4467 τήν
976 4395 1120 4479 Αἴαντος,
1133 4391 1298 4488 ἐγνώρισεν
1315 4389 1350 4468 ἀς
1369 4381 1457 4458 εἶδεν·
1473 4389 1533 4464 τήν
1552 4380 1587 4454 δε
1603 4389 1722 4465 Μίνωος
1731 4386 1757 4474 ⁵)
1769 4387 1807 4464 ἣν

259 4507 411 4579 ήκουσεν·
434 4505 532 4596 τυχόν
557 4495 592 4570 δέ
614 4503 669 4571 καί
692 4495 842 4594 ἐδιδάχθη
868 4503 953 4594 παρά
976 4513 1039 4568 τῶν
1063 4506 1095 4571 ἐν
1119 4494 1196 4589 ᾅδου
1225 4502 1296 4591 περί
1325 4525 1362 4566 τε
1386 4499 1499 4563 τούτου
1527 4498 1667 4562 καὶτῶν
1692 4496 1808 4574 ἄλλων,

206 4650 235 4688 ³⁵
261 4626 319 4692 τῆς
344 4613 521 4700 Ταντάλου,
538 4624 596 4691 τῆς
621 4621 746 4691 Τιτυοῦ,
763 4623 822 4689 τῆς
840 4611 1020 4702 Σισόφουί),
1037 4614 1117 4689 τίνες
1134 4605 1203 4676 εἶεν·
1227 4614 1254 4675 εί
1278 4607 1321 4699 μή
1348 4607 1407 4697 άρα
1431 4606 1485 4671 καί
1507 4603 1682 4694 τεθρόλητο
1706 4613 1809 4669 ταῦτα

261 4723 331 4812 περί
352 4743 388 4785 τε
411 4725 524 4803 αὐτῶν,
549 4720 608 4786 ὀπό
632 4711 671 4794 δή
697 4743 790 4786 τινων
818 4710 1092 4812 χρησμῳδηθέντα
1120 4715 1209 4803 θεῶν,
1232 4721 1273 4792 ὡς
1304 4719 1320 4780 ὀ
1353 4715 1407 4806 μέν
1438 4705 1558 4791 δικάζει
1580 4722 1650 4787 ταῖς
1678 4716 1709 4776 ἐν
1733 4703 1808 4795 ᾅδου

262 4827 386 4920 ψυχαῖς,
403 4835 436 4893 αἱ
454 4820 487 4894 δὲ
504 4820 632 4894 τοιάσδε
648 4823 872 4918 κολάζονταιί)
888 4827 1040 4906 κολάσεις.
1057 4825 1119 4892 Καί
1137 4816 1207 4893 ἰδών
1224 4823 1345 4918 ἐπέγνω
1370 4814 1480 4917 ῥᾳδίως
1496 4823 1546 4887 ότι
1561 4829 1664 4888 ταῦτα
1677 4814 1716 4895 ἦν
1733 4818 1809 4910 άπερ

301 5122 323 5195 ¹)
342 5119 413 5179 eod.
432 5117 457 5173 όν
478 5121 535 5184 ίόιν,
553 5116 654 5174 addito
668 5117 693 5171 ἐν
707 5135 799 5191 συρτει
813 5118 925 5174 lineam
942 5136 1011 5175 cum
1099 5120 1123 5191 4)
1143 5118 1249 5190 Odyss.
1272 5123 1302 5182 Λ,
1322 5116 1384 5185 467,
1403 5112 1464 5169 469.

262 5209 412 5280 ambiguis
431 5207 574 5281 apicibus.
1100 5209 1123 5282 ⁵)
1143 5208 1217 5262 Ibid.
1237 5207 1298 5262 568.

299 5299 322 5371 ²)
341 5292 410 5356 Cod'.
431 5300 513 5369 μόνου.
1100 5297 1123 5370 ⁶)
1142 5295 1218 5351 Ibid.
1238 5295 1297 5362 582,
1318 5293 1379 5364 576,
1400 5292 1462 5349 593.

299 5387 323 5461 ³)
342 5385 412 5445 Cod.
433 5390 519 5440 τοντοῖ·
539 5403 607 5442 cum
625 5403 698 5443 corr.
1101 5386 1123 5455 7)
1143 5383 1212 5440 Cod.
1233 5385 1391 5450 κσλοίζσνςαις
1411 5379 1463 5437 sio.
