3944 6074
836 543 929 622 Pars
956 541 1025 620 11.
1652 555 1706 616 239

200 727 356 794 Scholion.
370 724 430 788 Καί
442 733 507 800 πῶς
524 726 558 790 οὐ
576 715 797 812 συμίιάλλεται
815 746 903 788 συνε-
957 721 1067 811 λόγου.
1085 760 1126 769 -
1143 723 1166 788 l.
1189 725 1231 789 23
1249 711 1391 811 διάμερόν
1410 743 1445 786 τε
1460 723 1542 810 ἑσχ.)
1562 713 1705 812 διέφερον

153 834 328 922 πιστρέιρων
353 834 445 908 αὐτὸς
461 837 565 916 ἑαυτῷ
581 832 635 897 καί
651 831 709 904 τὴν
732 831 821 896 κάτω
844 841 904 896 παῖ-
957 832 1025 918 έσχ.
1044 869 1082 879 -
1102 835 1141 905 ὡς
1158 829 1310 919 ἄρχοντα)
1327 835 1366 905 ὡς
1384 828 1479 919 ἄρχον
1498 853 1545 896 τε.
1565 869 1604 879 -
1621 833 1643 898 l.
1661 837 1703 898 26

153 969 210 1009 σαν
233 938 316 1022 ζωὴν
341 943 395 1008 καί
418 936 557 1033 χωρίζων
582 953 639 1018 τῆς
664 943 823 1034 γενέσεως,
956 938 1053 1023 κρίσιν
1078 937 1228 1026 ἑχόντων)
1253 961 1300 1026 κρ.
1325 939 1381 1001 οὐκ
1405 941 1453 1026 ἐχ.
1473 975 1514 986 -
1538 940 1560 1004 1.
1585 941 1627 1005 27
1652 932 1708 1017 ζη-

197 1055 242 1119 Μ.
266 1053 322 1118 101.
343 1053 406 1117 117
423 1075 452 1118 v.
469 1088 514 1099 -
528 1052 551 1118 1.
569 1055 611 1118 23
629 1051 688 1122 τὴν
706 1053 817 1126 αὑτοῦ)
841 1044 901 1118 τὴν
957 1045 1059 1131 τικὸν)
1082 1037 1227 1121 ζωτικὸν.

154 1160 264 1231 αὐτην.
289 1197 334 1208 -
356 1150 474 1239 ἡδέως)
498 1149 599 1234 ἡδέος.
623 1197 667 1208 -
690 1160 712 1226 1.
738 1161 779 1225 28
805 1151 902 1236 ζω1ν)
1003 1155 1046 1220 M.
1071 1155 1127 1220 101.
1155 1158 1215 1220 121
1242 1177 1271 1220 ν.
1291 1191 1330 1202 --
1347 1154 1369 1220 1.
1395 1157 1437 1221 27
1461 1159 1534 1243 παρ’
1560 1147 1584 1238 ᾧ
1609 1155 1662 1220 καί
1685 1160 1704 1228 ἡ

152 1261 245 1345 ζωῆς.
267 1304 310 1318 -
333 1269 355 1334 l.
381 1271 422 1334 30
446 1269 626 1352 πολιτικῆς)
649 1271 833 1342 πολιτικοῖς.
858 1302 903 1313 -
956 1266 1020 1352 κμ)
1045 1287 1108 1330 om.
1132 1263 1196 1328 καί.
1214 1301 1256 1310 -
1273 1263 1294 1329 1.
1313 1267 1354 1329 32
1378 1266 1558 1346 πολιτικῆς)
1583 1269 1707 1332 πολιτι-

153 1377 176 1443 1.
201 1379 242 1443 35
266 1374 325 1446 τὴν
350 1376 498 1464 ἔσχατον)
523 1375 582 1447 τὴν
607 1375 752 1466 ἄσχετον.
957 1383 1032 1448 κοῖς.
1058 1411 1098 1420 -
1124 1373 1146 1438 1.
1172 1377 1214 1440 33
1238 1375 1354 1456 πᾶσαν)
1379 1373 1492 1448 πάσης.

197 1484 241 1548 Μ.
259 1483 316 1549 101.
335 1485 408 1548 118.
425 1484 499 1548 -1,
517 1487 558 1549 35
576 1485 695 1554 ἐκείνην
715 1482 810 1566 ἔστω)
827 1478 904 1544 ἐκεί-
1001 1481 1046 1548 Μ.
1071 1482 1127 1549 101.
1156 1486 1217 1548 122
1240 1519 1276 1530 -
1299 1484 1320 1549 1.
1345 1485 1386 1549 42
1411 1492 1485 1572 γοῦν
1510 1485 1607 1567 αὐτῷ)
1632 1493 1705 1574 γοῦν

153 1614 208 1664 νην
226 1584 309 1667 ζωίιν
323 1593 414 1658 ἔστω.
430 1629 473 1642 -
489 1593 511 1658 1.
530 1595 572 1659 37
588 1601 683 1656 τοῦτο
699 1588 771 1682 γάρ)
789 1599 902 1652 τοῦτον
958 1589 1045 1657 αὑτό.
1070 1629 1112 1638 -
1136 1592 1157 1658 l.
1184 1595 1225 1657 50
1249 1586 1489 1678 παρασκευάζει)
1508 1590 1707 1680 παρασκευά-

153 1698 224 1788 γάρ.
243 1700 321 1766 -1,
346 1702 388 1766 38
413 1690 460 1764 δεῖ
482 1698 541 1791 γάρ
566 1701 603 1764 τὸ
628 1699 814 1789 ἀρχόμενον)
840 1687 901 1761 δεῖν
956 1689 1014 1774 ζυι.
1031 1697 1113 1764 -1,
1139 1701 1180 1764 52
1204 1706 1250 1780 τῷ
1267 1706 1329 1761 τῶν
1350 1694 1469 1787 ψυχῶν)
1494 1723 1556 1766 om.
1581 1708 1637 1780 τῷ.
1664 1734 1704 1748 -·

153 1803 213 1894 γάρ
237 1806 292 1870 τὸν
318 1807 389 1895 άρχ.
407 1809 486 1874 -1,
508 1812 547 1873 41
574 1806 762 1896 τετραμένος
786 1805 823 1868 τ“ο
849 1805 902 1867 αὔ·
955 1803 1152 1891 ἐκκειμένων)
1178 1797 1211 1868 εὖ
1236 1804 1395 1894 κειμένων.
1421 1843 1460 1854 -
1486 1807 1508 1873 1.
1527 1810 1569 1873 53
1593 1805 1708 1896 ἄρχεσ-

154 1907 228 1996 ξειν)
245 1914 459 2003 τετραμμένος
477 1908 590 1993 αὔξειν.
610 1953 650 1963 -
667 1917 688 1982 1.
706 1917 748 1981 43
765 1903 827 1984 ἤδη
847 1906 901 1998 ξῆ)
957 1910 1020 1992 οαι)
1047 1912 1190 2002 ἄρχεται.

153 2011 215 2092 ἤδη
241 2013 291 2098 ζν.
315 2055 357 2073 -
382 2023 405 2089 1.
429 2025 472 2089 ιι
496 2015 660 2112 ὁρίζουσιν)
686 2013 837 2110 ιριζωσο.
1000 2021 1045 2086 M.
1070 2022 1125 2087 fol.
1153 2025 1214 2088 122
1234 2046 1261 2088 v.
1279 2022 1338 2088 ιιι.
1354 2047 1385 2109 p.
1404 2025 1479 2089 ιιι.
1499 2059 1539 2070 -
1557 2024 1579 2089 ι.
1597 2026 1616 2089 3
1634 2026 1708 2086 οπο.

199 2131 243 2196 M.
267 2131 323 2197 101.
350 2134 412 2197 118
429 2154 458 2197 v.
476 2169 516 2179 -
534 2133 557 2197 1.
575 2134 616 2197 50
639 2129 743 2218 λέγειν
769 2125 822 2211 τά)
846 2127 903 2192 λέ·
956 2127 1068 2218 φέρειν)
1091 2128 1279 2218 ὑπερφέρειν.
1298 2167 1337 2178 -
1355 2132 1377 2198 1.
1395 2134 1414 2196 5
1432 2120 1479 2196 διιί
1496 2132 1633 2220 πρῶτον)
1658 2121 1706 2194 διό

154 2258 220 2326 γειν
244 2235 312 2311 τάς.
330 2227 372 2284 -’
396 2237 418 2302 1.
444 2240 484 2304 51
510 2236 656 2326 ἑκάτερα)
680 2233 836 2324 ἑκάτεραι.
859 2273 901 2284 -
956 2259 988 2298 τι
1011 2243 1147 2324 πρῶτον.
1170 2273 1209 2288 -
1234 2238 1258 2304 l.
1284 2239 1302 2303 7
1325 2235 1506 2326 πολύγνιον)
1530 2239 1706 2327 πολίχνιον.

156 2346 205 2412 Ad
228 2347 326 2412 verba
349 2347 478 2413 eadem:
956 2345 1075 2410 -1.8
1100 2341 1214 2409 τοίιτου
1239 2333 1284 2428 δὲ)
1307 2343 1422 2409 τούτοιν
1439 2334 1490 2416 δή.
1508 2347 1590 2412 -1.
1615 2349 1634 2412 9
1659 2338 1707 2422 ἑξ-

200 2453 357 2520 Scholion.
375 2451 409 2514 '0
428 2442 461 2516 δὲ
478 2451 649 2542 Σωκράτης
666 2449 723 2528 τάς
740 2455 770 2518 έν
788 2461 828 2525 τῆ
848 2449 903 2515 πό·
956 2448 1108 2537 αναστάς)
1133 2443 1359 2528 ἐξαναστήσας.
1378 2453 1457 2520 -1.
1484 2456 1524 2518 10
1546 2443 1607 2538 δεῖ)
1632 2443 1706 2520 δεῖν.

159 2565 207 2626 λει
223 2559 349 2651 προίτας
366 2551 578 2650 παραδίδωσιν
592 2561 653 2625 ἀπὸ
667 2570 729 2625 τῶν
746 2560 832 2651 φύσει
846 2559 901 2647 μὲν
956 2559 978 2625 l.
1006 2563 1045 2625 12
1069 2561 1181 2622 ἑαυτοῦ
1206 2557 1308 2648 φύσιν)
1333 2563 1427 2623 αὑτοῦ
1454 2558 1553 2647 φύσιν,
1638 2537 1644 2556 ³

155 2668 301 2757 ὑστέρων,
315 2667 390 2756 πρὸς
406 2673 489 2754 ημᾶς
507 2659 540 2733 δέ
556 2665 688 2758 πρώτων
713 2668 768 2731 καὶ
790 2691 902 2757 γνωρι-
1002 2669 1046 2735 Μ.
1071 2669 1127 2735 101.
1154 2673 1227 2736 123.
1245 2707 1287 2716 -
1304 2670 1326 2736 l.
1349 2673 1390 2736 13
1411 2670 1549 2759 σμινίην)
1575 2668 1705 2757 σμινύην

154 2777 300 2866 μωτέρων
326 2775 507 2865 ἀρχόμενος.
956 2778 995 2845 ad
1019 2778 1079 2844 hoc
1101 2779 1251 2844 verbum:

197 2887 242 2952 M.
266 2886 322 2951 fol.
349 2887 410 2951 118
428 2909 458 2951 v.
475 2922 516 2934 -
533 2887 555 2952 l.
581 2887 601 2951 4
625 2880 735 2974 ψυχαὶ)
759 2880 900 2972 ψυχικαί.
1001 2885 1170 2952 ιῖσίιοίίιιηε.
1189 2885 1337 2972 Σκαρίον·
1361 2882 1441 2959 τινές
1459 2877 1566 2962 ἀξίνην
1591 2888 1626 2950 ἑκ
1651 2895 1706 2950 τοῦ

154 3031 185 3042 -
220 2993 242 3060 1.
267 2995 287 3059 8
311 2999 409 3082 γενῶν
434 2993 571 3075 ἐκείνων)
596 3015 663 3082 γεν.
687 2997 727 3066 ῶς
751 2994 797 3059 ὲκ.
956 2991 1062 3082 ἑτέρου
1088 2991 1197 3082 μέρους
1223 2983 1432 3065 δικελλοειδῆ.

198 3101 243 3166 M.
267 3100 323 3166 101.
350 3104 422 3166 119.
448 3137 489 3149 -
513 3102 536 3168 l.
563 3103 603 3166 14
624 3099 771 3190 συγγενὲς
794 3099 901 3190 λόγος)
1001 3101 1023 3165 1.
1042 3103 1082 3165 19
1099 3108 1202 3180 τοῶτῳ
1218 3089 1272 3163 δύο
1289 3098 1364 3188 γένη
1385 3097 1547 3182 πολιτικά)
1564 3090 1619 3163 δύο
1636 3098 1708 3164 τοὺ-

154 3204 310 3298 συγγενὲς,
335 3214 376 3288 νῷ
402 3197 435 3270 δέ
458 3206 518 3295 ἄρα
543 3209 691 3297 συγγενές
706 3212 773 3272 ἐστι
797 3209 901 3296 λόγος.
955 3229 1001 3288 τῳ
1018 3205 1092 3294 γένη
1111 3209 1275 3287 πολιτικῷ,
1297 3208 1364 3274 cod.
1380 3205 1546 3274 πολιτικοί.
1564 3245 1605 3256 -
1622 3210 1645 3274 1.
1664 3213 1705 3275 20

153 3313 275 3377 -καί
299 3311 427 3397 αὺτόθε)
449 3315 503 3377 καί
528 3315 635 3380 αὐτόν.
957 3303 1014 3399 δεῖ)
1038 3303 1111 3378 δεῖν.
1137 3351 1179 3361 -
1203 3318 1243 3388 ὡς
1266 3314 1403 3398 ἐκείνων)
1424 3316 1479 3378 οὐκ
1503 3315 1637 3382 ἐκείνων.
1662 3352 1706 3362 -

198 3423 243 3490 Μ.
268 3424 323 3490 101.
351 3426 413 3489 119
438 3447 467 3490 v.
484 3425 566 3490 -1,
584 3427 625 3490 28
644 3423 740 3512 ἔχειν)
763 3424 841 3512 ἔχει.
861 3461 901 3471 -
955 3419 978 3486 l.
1002 3423 1042 3484 21
1069 3410 1219 3508 διαφέρων
1243 3423 1300 3483 οὐκ
1324 3423 1449 3504 ἑνεῖνον)
1472 3411 1626 3511 διάφορον,
1651 3423 1706 3486 οὐκ

152 3530 174 3597 l.
200 3533 239 3596 31
266 3527 509 3619 συνηθισμένων)
534 3528 780 3618 συνειθισμένων.
957 3527 1066 3593 έκεῖνο.
1086 3563 1127 3574 -
1143 3528 1166 3594 1.
1190 3529 1233 3594 23
1258 3527 1527 3617 στρατευομένοις)
1552 3552 1706 3618 στρατευ-

199 3639 243 3706 Μ.
267 3639 323 3705 101.
350 3642 424 3706 120.
440 3675 485 3690 -
500 3641 523 3707 l.
540 3642 582 3706 45
598 3643 679 3703 πολυ
695 3643 818 3722 πασῶν)
841 3639 903 3704 πά·
957 3635 1110 3724 σαμένοις.
1130 3673 1170 3684 -
1194 3637 1216 3706 1.
1241 3639 1284 3703 24
1309 3639 1407 3720 αὐτῷ)
1433 3639 1546 3704 αὐτῶν.
1565 3675 1606 3685 -
1623 3639 1646 3706 l.
1663 3641 1705 3704 25

152 3748 202 3810 λιν
218 3753 337 3813 πασῶν.
352 3783 394 3795 -
410 3747 433 3813 l.
451 3749 492 3812 50
511 3745 693 3836 βαρυτέραν)
713 3747 901 3836 βαρυτέρων.
958 3739 1110 3832 μείζονος)
1135 3738 1295 3834 μειζόνως.
1313 3783 1354 3795 -
1371 3749 1394 3813 l.
1412 3749 1454 3813 26
1474 3745 1610 3824 τούτοις)
1634 3745 1706 3810 201-

152 3889 197 3908 -·-
218 3854 242 3920 1.
266 3857 308 3920 52
332 3851 523 3942 πρέπουσαν)
548 3853 720 3944 πρέπουσα.
746 3891 787 3902 -
810 3857 833 3923 l.
857 3859 900 3923 53
955 3877 1039 3929 τους.
1055 3892 1097 3903 -
1114 3855 1137 3921 l.
1154 3857 1196 3921 27
1214 3853 1301 3944 φύσιν
1319 3853 1373 3939 τά)
1390 3855 1478 3943 φύσιν
1496 3879 1544 3920 τε.
1561 3894 1604 3906 -
1621 3857 1707 3946 ἔχον·

154 3951 304 4032 διηκοῦσα
328 3969 390 4024 τῶν
416 3963 514 4050 μέρων
546 3963 601 4026 καί
624 3965 801 4052 σννηροῶσι)
827 3954 900 4036 διη·
956 3964 1027 4048 τας)
1054 3961 1223 4052 λαχόντας.
1243 4003 1280 4014 -
1299 3965 1322 4032 l.
1340 3969 1382 4032 29
1401 3965 1481 4052 αὕτη
1508 3963 1568 4055 γάρ
1592 3969 1706 4054 έμμρο-

154 4069 250 4155 κούση
277 4079 340 4134 τῶν
366 4069 464 4159 μέρων
490 4073 587 4148 αὐτῆς
612 4071 805 4162 συνειροάσῃ.
955 4074 1115 4165 νεστέρους
1139 4083 1222 4138 ποιεῖ
1237 4064 1441 4161 διδάσκουσα)
1466 4075 1545 4146 αὕτη
1568 4073 1628 4164 γάρ
1652 4075 1706 4140 καί

199 4179 244 4244 Μ.
268 4180 324 4246 101.
351 4183 413 4246 120
432 4203 462 4246 v.
480 4215 522 4228 --
537 4181 560 4247 l.
578 4184 620 4246 53
637 4179 694 4256 τάς
718 4181 900 4273 κατωτέρω)
957 4182 1214 4272 ἑμφρονεστέρους
1228 4173 1407 4246 ἀποτελεῖδ
1422 4173 1450 4250 δ.
1466 4221 1503 4232 -
1519 4183 1541 4248 1.
1556 4186 1598 4249 30
1612 4205 1705 4245 σπου·

154 4281 211 4360 τάς
227 4293 289 4348 τῶν
307 4289 512 4354 κατ-111.
530 4312 562 4374 p.
580 4290 654 4369 410,
672 4290 693 4356 1.
713 4293 732 4356 3
749 4291 780 4356 in
798 4312 901 4376 marg.
957 4281 1116 4372 δεώτατα)
1141 4279 1389 4356 σπουδαιότατα.

152 4418 202 4486 γρ.
226 4405 281 4460 τοῦ
306 4396 401 4485 μόνον
426 4395 588 4486 ἄρχοντος,
610 4407 665 4461 τοῦ
691 4397 784 4486 μόνον
809 4398 903 4490 ἀρχα·
1000 4399 1043 4465 Μ.
1069 4399 1125 4465 101.
1152 4401 1215 4464 123
1233 4421 1262 4466 ν.
1282 4435 1324 4447 -
1340 4399 1362 4465 l.
1381 4401 1423 4464 34
1444 4397 1505 4462 ἀπὸ
1530 4395 1620 4484 αὐτὸ)
1644 4395 1705 4460 ἁπδ

154 4503 399 4591 μένου,τοῶκαί
419 4503 578 4594 ἄρχοντος.
597 4505 763 4596 -ἄρχον)
788 4505 900 4596 ἄρχων.
956 4503 1093 4597 γνώμης.
1126 4542 1169 4554 -
1200 4506 1399 4594 μιλοκρινεῖν)
1431 4503 1636 4594 φυλοκρινεῖν,
1663 4539 1706 4554 -

156 4647 196 4660 -
221 4613 243 4680 1.
269 4617 288 4680 9
314 4613 508 4703 μαχομένου)
533 4614 730 4703 μαχομένων.
747 4654 786 4664 -
811 4619 834 4686 l.
862 4620 898 4683 ll
956 4616 978 4680 l.
1003 4617 1046 4680 36
1071 4616 1101 4677 έν
1126 4613 1241 4698 τούτῳ)
1265 4616 1300 4676 ἐκ
1324 4612 1455 4679 τούτων.
1473 4651 1515 4663 -
1534 4614 1556 4678 1.
1581 4617 1623 4679 40
1647 4609 1704 4688 τάς

154 4716 229 4808 πρὸς
254 4719 366 4804 αὐτὴν)
391 4720 464 4810 πρὸς
487 4711 596 4788 αὑτὸν.
955 4719 1090 4799 ποιητάς
1115 4711 1322 4810 ἀναγκάζειν)
1346 4719 1417 4796 τοὺς
1441 4719 1576 4796 ποιητάς
1599 4719 1704 4811 ἠνάγ-

197 4829 242 4894 Μ.
266 4829 322 4895 101.
348 4832 420 4895 121.
438 4867 480 4877 --
497 4831 519 4897 l.
539 4834 578 4896 12
595 4835 635 4905 ὡς
653 4828 769 4921 ἅρχων)
787 4836 826 4908 ῶς
851 4829 903 4922 ἄρ·
955 4824 1058 4908 καζεν.
1077 4831 1157 4898 -1,
1175 4833 1217 4896 44
1234 4839 1289 4893 τοῦ
1310 4836 1575 4918 χρηματιστικοῦ)
1599 4838 1654 4894 τοῦ
1671 4821 1705 4894 δὲ

153 4958 222 5023 χον.
238 4973 281 4984 -
297 4938 319 5003 l.
347 4940 387 5002 14
403 4938 477 5026 πρὸς
495 4941 570 5020 τῶν)
591 4939 650 5027 πρὸ
667 4948 740 5005 τῶν.
761 4941 840 5006 -1,
860 4943 900 5007 17
955 4963 1053 5029 χρημ.
1098 4999 1101 5006 ,

152 5043 190 5105 τ“ο
208 5041 324 5135 ἄλογον
343 5042 462 5132 ἄρχειν)
478 5047 571 5130 prim.
590 5044 717 5136 ἀγαθὸν,
736 5069 818 5114 corr.
832 5045 903 5110 ἄλο·
1001 5049 1045 5115 M.
1069 5048 1125 5115 fol.
1157 5049 1231 5114 124.
1258 5084 1298 5095 -
1323 5046 1346 5113 1.
1378 5049 1420 5112 46
1452 5044 1524 5122 τοὺς
1554 5042 1701 5134 ἄρχεσθαι

154 5171 221 5240 γον,
238 5152 383 5237 sequitur
397 5161 534 5241 κρατεῖν.
552 5191 593 5200 -
610 5154 632 5220 1.
652 5157 691 5219 19
709 5151 729 5216 ἃ
746 5151 787 5241 μὴ
806 5153 900 5240 ὄντα)
955 5153 1015 5226 την
1039 5154 1284 5244 αὑτοπραγείαν)
1303 5163 1358 5218 τοῦ
1376 5151 1447 5243 άρχ.
1465 5152 1524 5225 τὴν
1549 5155 1706 5242 αὐτοπρα-

153 5259 172 5332 3
200 5258 243 5348 μδ
262 5258 352 5328 ὄντα.
369 5297 412 5309 -
428 5261 450 5328 1.
468 5265 510 5328 20
535 5260 621 5350 φύσει
637 5262 788 5352 γνωστὸς)
813 5263 899 5352 φύσει
955 5260 1038 5349 γίαν.
1060 5298 1098 5308 -
1122 5261 1146 5327 l.
1170 5264 1212 5326 48
1237 5254 1436 5342 κολάζουσιν)
1454 5283 1533 5328 corr.
1558 5253 1705 5337 κακίζου-

151 5366 333 5462 γνωστικός.
352 5404 392 5418 -·
410 5369 431 5436 l.
450 5371 492 5436 22
517 5367 567 5434 ίπί
583 5378 638 5434 τοῦ
662 5368 772 5464 λόγου)
796 5371 847 5435 έτί
863 5393 899 5436 τε
956 5391 1014 5436 σιν.
1032 5407 1073 5418 -
1091 5359 1158 5436 δεόν
1175 5367 1254 5435 ὄντα
1270 5368 1411 5459 πάντων)
1428 5359 1497 5436 δεόν
1513 5366 1548 5438 ὃν
1565 5367 1606 5436 τά
1630 5369 1706 5438 πάν.
