3978 6070
269 501 306 556 90
713 492 820 584 Quale
838 495 983 570 ἰιοηιίηἰε
1000 495 1146 570 liberum
1164 498 1377 572 arbitrium?

270 670 368 762 κύριοί
391 693 483 734 τινων
507 665 598 758 έσμὲν
623 667 714 733 αὐτοὶ
736 668 790 732 καί
813 667 937 734 ἑλέσθαι
960 671 1014 736 καί
1036 663 1162 760 πρᾶξαι,
1186 687 1226 743 -;;«
1249 669 1333 736 κατά
1357 670 1414 748 τάς
1435 671 1563 763 αἱρέσεις
1587 666 1695 753 δῆλον,
1721 679 1747 741 εἰ
1771 676 1813 766 μὴ

271 779 377 870 μάτην
403 778 600 865 βουλευτικοί
623 780 807 872 γεγόναμεν,
832 789 890 854 τῆς
915 779 1030 870 φύσεως
1054 772 1141 846 οὐδέν
1165 781 1312 858 ποιούσης
1338 781 1383 872 μά

270 1001 294 1066 f.
321 999 373 1079 85,
398 998 432 1063 in
455 995 572 1062 lacuna
597 998 615 1063 7
640 1019 742 1062 νεῖαι
767 1019 838 1076 την,
865 995 1080 1084 βουλευόμεθα
1098 988 1131 1063 δὲ
1153 997 1198 1087 ἐφ’
1216 1003 1292 1087 ἠμῖν
1309 1052 1315 1066 .
1331 1051 1360 1068 ..
1386 999 1467 1089 μετά
1492 991 1525 1065 δὲ
1548 1001 1607 1091 πρὸ
1631 993 1739 1068 τῶνδε·
1764 1004 1818 1067 καί

270 1106 329 1197 γάρ
354 1112 443 1174 εἰ...
469 1106 577 1179 αύταῖς
593 1102 758 1194 ἡμετέραις
776 1104 925 1194 αἱρέσεσιν
940 1155 946 1168 .
961 1153 991 1171 ..
1018 1107 1238 1195 πραττομένων
1255 1107 1370 1198 κύριον,
1387 1109 1441 1172 καὶ
1464 1112 1522 1199 οὐχ
1542 1117 1644 1200 ἠμεῖς,
1662 1118 1701 1188 ῶς
1723 1124 1818 1177 τοῦτο

230 1237 242 1274 ν
271 1217 338 1306 μέν·
363 1220 397 1279 Εἰ
422 1205 455 1280 δέ
477 1223 583 1296 τοῦτο,
608 1217 663 1277 οὐκ
686 1214 734 1302 ἐφ’
759 1218 842 1301 ἡμᾶς
867 1211 1024 1278 αἰτιατέον
1053 1218 1093 1288 ὡς
1126 1213 1337 1306 κατορθοῦμεν
1362 1215 1381 1288 ἠ
1408 1217 1647 1310 ἁμαρτάνομεν,
1673 1218 1757 1284 ἀλλά
1779 1219 1817 1283 τό

269 1324 382 1416 κύριον·
405 1323 509 1389 καὶεί
533 1322 587 1411 μέν
612 1320 655 1411 μή
681 1312 709 1387 δ’
734 1323 813 1399 ὅλως
837 1321 921 1387 ἐστὶν
953 1322 1172 1412 ἀμαρτήματα
1202 1333 1321 1408 ταῦτα,
1347 1315 1444 1413 μηδὲν
1470 1326 1551 1392 αύτά
1576 1320 1726 1420 διαφέρειν
1753 1338 1815 1393 τῶν

271 1437 337 1500 κατ’
367 1431 480 1524 ἀρετὴν
503 1431 682 1524 γινομένων,
707 1434 779 1494 ἀλλ’
804 1424 880 1495 εἶναι
904 1430 1009 1496 πάντα
1039 1422 1211 1521 ἀδιάφορα,
1235 1433 1273 1497 τό
1297 1445 1480 1523 σωφρονεῖν,
1506 1436 1542 1500 τό
1567 1439 1816 1514 ἀκολασταίνειν,

271 1543 390 1608 ἕκαστα
414 1551 476 1606 τῶν
501 1539 662 1606 τοιούτων·
687 1545 713 1606 εἰ
737 1531 770 1605 δέ
787 1544 871 1605 ἐστιν
889 1539 1107 1630 ἁμαρτήματα
1130 1541 1256 1606 έναντία
1280 1552 1345 1618 τοῖς
1368 1553 1425 1618 τῆς
1450 1547 1561 1633 ἀρετῆς
1586 1546 1695 1636 ἔργοις,
1721 1552 1748 1611 εἰ
1773 1546 1815 1636 μή

271 1658 359 1742 Ιἡμεῖς
385 1651 478 1715 αἴτιοι
502 1646 654 1735 αὐτῶνθ),
677 1651 775 1714 αἴτιον
800 1643 930 1714 εἶναιτὸ
947 1649 1105 1738 χρώμενον
1122 1655 1197 1738 ἠμῒν
1214 1649 1334 1714 τούτων
1352 1646 1413 1714 οἷον
1431 1650 1579 1741 ὀργάνοις·
1604 1653 1679 1718 ὄταν
1705 1644 1738 1719 δε
1761 1651 1781 1741 ᾖ
1792 1656 1817 1741 “·’)

218 1777 244 1814 ¹⁰
270 1761 308 1824 τό
326 1759 381 1847 μὲν
398 1759 540 1849 ὄργανον,
557 1758 594 1820 τό
613 1747 646 1822 δὲ
661 1755 833 1846 χρώμενον,
852 1760 918 1821 οὐτ’
937 1754 1065 1848 ἀγαθὸν,
1082 1759 1153 1821 οὔτε
1170 1757 1266 1821 κακόν
1282 1759 1366 1823 ἐστίν
1381 1782 1413 1821 τι
1425 1769 1479 1822 τοῦ
1497 1758 1628 1850 ὀργάνου
1644 1767 1816 1845 παντελῶς,

273 1868 356 1934 ἀλλά
380 1878 435 1933 τοῦ
459 1866 629 1957 χρωμένου.
654 1867 844 1954 Μετοίσομεν
869 1859 921 1931 οόν
945 1864 986 1930 τά
1011 1865 1230 1956 ἀμαρτήματα
1249 1875 1312 1930 τῶν
1336 1861 1476 1956 πράξεων
1502 1874 1544 1945 εἰς
1570 1869 1611 1935 τά
1632 1872 1692 1959 πρὸ
1716 1877 1816 1960 ἡμῶν,

271 1977 325 2042 καί
348 1975 389 2043 τά
413 1975 517 2068 ἀγαθά
540 1977 643 2041 τοίνυν
667 1974 825 2050 ὡσαύτως·
851 1975 904 2038 καὶ
928 1977 1000 2040 ούτε
1018 1974 1245 2061 ἑπαινεσόμεθά
1263 2000 1358 2054 τινας,
1376 1977 1447 2042 οότε
1471 1970 1613 2066 ύέξομεν,
1637 1979 1691 2042 καί
1714 1983 1740 2044 εἰ
1765 1978 1819 2069 μὲν

272 2091 369 2152 έκεῖνο
386 2087 438 2151 καί
455 2083 634 2176 ἁμαρτάνον
651 2083 706 2148 καὶ
719 2081 888 2173 κατορθοῦν
903 2088 1045 2173 αἱρεῖται,
1058 2081 1178 2147 τούτων
1196 2081 1335 2174 θάτερον,
1352 2086 1449 2149 έκεῖνο
1467 2086 1531 2174 ἔχει
1548 2087 1584 2150 τὸ
1602 2082 1702 2174 ψυχῆς
1720 2089 1818 2176 ἔργον·

272 2200 370 2261 ἐκεῖνο
394 2191 453 2285 γάρ
478 2195 567 2259 ἔσται
590 2192 628 2257 τό
652 2190 902 2281 προαιρούμενον,
926 2191 980 2256 καὶ
1008 2195 1106 2256 έκεῖνο
1131 2190 1236 2256 οὐκέτι
1260 2191 1349 2256 ἔσται
1374 2193 1473 2256 αἴτιον
1499 2196 1615 2269 άπλῶς,
1640 2193 1723 2257 ἀλλά
1748 2185 1821 2267 δεή-

220 2315 244 2352 ¹⁵
274 2327 365 2368 σεται
382 2312 436 2366 τοῦ
454 2303 610 2392 κρίνοντος
628 2298 682 2364 καί
705 2297 916 2391 έπανάγοντος
934 2304 975 2375 εἰς
992 2300 1029 2364 τό
1048 2297 1176 2389 ἀγαθόν.
1195 2303 1230 2361 Εἰ
1253 2289 1287 2364 δὲ
1305 2301 1544 2389 ἠναγκασμένον
1569 2303 1692 2366 κάκεῖνο
1716 2312 1820 2366 ταῦτα

272 2420 370 2486 ποιεῖ,
394 2407 487 2474 πάλιν
513 2412 555 2483 εἰς
580 2407 658 2473 ἀλλο
681 2407 719 2472 τό
745 2403 921 2497 ἀναγκάζον
945 2401 1072 2494 ἥξομεν,
1096 2407 1268 2471 καὶτοῦτο
1292 2412 1333 2483 εἰς
1358 2406 1492 2493 ἄπειρον.
1525 2415 1592 2483 Πῶς
1618 2399 1651 2473 δὲ
1678 2407 1732 2473 καί
1754 2411 1819 2484 ἑνός

273 2519 360 2593 ὄντος
383 2525 439 2582 τοῦ
456 2514 562 2581 πάντα
580 2510 824 2608 ἀναγκάζοντος,
841 2517 915 2582 εἰσίν
931 2541 1012 2592 τινες
1029 2522 1057 2580 οἰ
1072 2515 1217 2606 λέγοντες
1233 2521 1332 2603 ἡμῶν,
1351 2517 1400 2580 ὄτι
1425 2519 1459 2581 ού
1479 2516 1585 2581 πάντα
1608 2516 1820 2608 ἠνάγκασται,

273 2627 336 2692 εἴτε
361 2625 556 2716 σφάλλονται
579 2636 674 2690 τοῦτο
696 2624 853 2716 λέγοντες,
870 2627 933 2691 εἴτε
949 2623 1150 2714 κατορθοῦσιν
1160 2651 1168 2703 ;
1185 2629 1211 2690 εἰ
1228 2623 1282 2714 μέν
1300 2623 1360 2714 γάρ
1377 2625 1471 2689 τοῦτό
1487 2649 1524 2717 γε
1547 2626 1584 2690 τό
1600 2637 1692 2690 τοῦτο
1716 2625 1818 2716 λέγειν

273 2736 320 2802 ἐπ’
347 2738 451 2812 αὐτοῖς
475 2739 569 2818 ἐστιν,
587 2735 618 2799 τί
636 2734 731 2799 πάλιν
756 2733 793 2800 τὸ
817 2739 863 2824 ἐφ’
889 2741 983 2824 ἠμῒν;
1008 2724 1084 2799 εἰδὲ
1108 2725 1189 2822 μηδὲ
1212 2744 1307 2798 τοῦτο
1324 2734 1427 2822 φασίν,
1445 2738 1484 2810 ὠς
1501 2738 1550 2799 ἐπ’
1566 2736 1670 2811 αὐτοῖς
1686 2732 1731 2811 ὄν,
1750 2737 1817 2798 ἀλλ’

219 2872 246 2908 ιο
275 2837 522 2937 ἀναγκαζόμενοι
546 2842 716 2908 καὶτοῦτο
740 2842 896 2934 λέγουσιν,
920 2853 984 2920 πῶς
1008 2868 1040 2908 τι
1063 2851 1125 2908 τῶν
1150 2842 1256 2906 αἰτίων
1281 2845 1312 2906 έν
1336 2852 1400 2917 τοῖς
1425 2841 1622 2930 ἀποτελουμέ

274 3065 298 3130 f.
318 3065 359 3132 85
377 3088 419 3145 ν.,
437 3063 491 3130 vix
507 3064 663 3150 legunhur
680 3065 699 3129 8
716 3085 816 3129 vem:
842 3085 901 3126 νων
907 3085 915 3138 ;
932 3113 938 3128 .
954 3114 984 3129 ..
1007 3070 1100 3125 πᾶσιν
1117 3058 1177 3153 γάρ
1194 3069 1310 3125 τοῦτο.
1326 3110 1331 3122 .
1347 3110 1353 3122 .
1369 3083 1426 3135 νως
1450 3061 1479 3124 εἰ
1499 3083 1545 3134 τις
1564 3057 1710 3148 ἰατρεύειν
1736 3049 1825 3122 διδά-

275 3195 356 3236 σκων
381 3167 550 3235 ὑπενάντια
573 3179 638 3244 τοῖς
663 3172 775 3233 ἑαυτοῦ
798 3169 897 3259 ἔργοις
930 3159 1111 3246 διδάξει...
1136 3168 1173 3233 τό
1200 3158 1431 3258 διδασκόμενον.
1457 3173 1492 3232 Εἰ
1517 3167 1571 3259 μέν
1596 3161 1648 3232 οόν
1674 3167 1824 3252 βούλεται

275 3278 378 3371 λέγειν
396 3284 491 3368 ἠμᾶς,
507 3279 557 3342 ότι
572 3279 606 3341 ού
622 3276 728 3343 πάντα
744 3275 954 3368 ἠνάγκασται,
971 3273 1093 3347 ταύτην
1109 3274 1169 3347 τήν
1188 3275 1336 3359 βούλησιν
1353 3276 1471 3340 ἄτοπον
1495 3277 1589 3364 ἔχειν,
1606 3274 1658 3338 καί
1681 3265 1823 3362 οὐδαμῶς

276 3390 367 3472 αἰτίῳ
390 3387 619 3478 προσήκουσαν·
645 3388 678 3450 ού
702 3382 762 3474 γάρ
786 3383 902 3473 φύσεως
926 3382 964 3447 τό
986 3380 1072 3472 παρά
1095 3381 1183 3473 φύσιν
1207 3393 1315 3465 ποιεῖν,
1332 3374 1396 3448 οὐδ’
1416 3385 1493 3458 ὅλως
1509 3391 1565 3446 τοῦ
1590 3382 1690 3446 αἰτίου
1714 3381 1751 3444 τό
1776 3391 1823 3464 τῷ

220 3516 248 3554 2³
277 3499 368 3581 αἰτίῳ
394 3497 584 3587 μαχόμενον.
609 3499 645 3558 Εἰ
669 3483 702 3558 δέ
726 3491 768 3583 μή
796 3490 954 3577 βούλεται,
969 3501 1051 3556 ποιεῖ
1068 3481 1101 3555 δὲ
1117 3489 1132 3556 ό
1151 3489 1193 3579 μή
1214 3490 1374 3575 βούλεται,
1389 3488 1484 3555 πάλιν
1501 3494 1542 3566 εἰς
1560 3489 1660 3561 ἀλλην
1685 3488 1825 3579 ἀναγκά-

275 3602 388 3688 ζουσαν
407 3596 536 3693 δύναμιν
555 3601 704 3676 ἀναθήσει
720 3600 779 3675 τήν
797 3611 851 3666 τοῦ
869 3592 1047 3674 ἀόουλήτου
1063 3600 1197 3671 ποίησιν.
1217 3637 1257 3646 -
1276 3605 1423 3664 Τοσαῦτα
1438 3598 1491 3663 καί
1507 3598 1577 3688 περὶ
1601 3607 1655 3662 τοῦ
1681 3589 1824 3687 δευτέρου

275 3726 338 3780 τῶν
363 3710 562 3804 ζητουμένων
588 3715 712 3802 εἴχομεν
737 3710 904 3800 σπέρματα
928 3701 1184 3773 καταύάλλεσθαι
1201 3716 1263 3771 τῶν
1285 3708 1495 3797 ὄπομνήσεων·
1519 3705 1640 3770 τούτων
1666 3696 1699 3770 δέ
1721 3729 1826 3793 προει-

275 3824 456 3915 λημμένων,
475 3827 656 3914 ἀναγκαῖον,
681 3821 768 3896 ὄντος
793 3819 847 3909 μέν
872 3829 927 3883 τοῦ
950 3822 997 3908 ἐφ’
1015 3823 1101 3906 ἠμῖν,
1120 3811 1196 3881 εἶναι
1219 3817 1339 3905 κυρίους
1363 3822 1446 3904 ἠμᾶς
1470 3815 1621 3904 αἱρέσεως·
1643 3804 1764 3903 δρώσης
1790 3803 1824 3877 δὲ

276 3938 317 4009 εἰς
340 3938 425 4023 ἡμᾶς
447 3942 506 4008 τῆς
529 3940 704 4022 περιφοράς,
728 3920 897 3993 διαόαίνειν
922 3928 954 3990 τί
977 3926 1030 3992 καὶ
1055 3927 1103 3990 ἀπ’
1125 3926 1244 4000 ἐκείνης
1265 3931 1305 3999 εἰς
1322 3930 1418 4014 ημᾶς.
1443 3925 1642 4014 Ἀμφοτέρων
1668 3913 1701 3987 δὲ
1725 3921 1823 3985 ὄντων

222 4052 249 4089 ³⁰
277 4041 414 4119 ἀληθῶν,
440 4041 458 4114 ἠ
484 4039 696 4132 προκαθάρχει
720 4038 775 4129 μὲν
799 4043 819 4111 ἠ
844 4034 992 4127 περιφορά
1016 4044 1071 4100 τοῦ
1095 4035 1223 4111 παντὸς,
1248 4035 1356 4099 ἕπεται
1380 4024 1457 4106 δέή
1484 4035 1594 4122 αἵρεσις
1619 4041 1681 4094 τῶν
1706 4026 1824 4119 ψυχῶν,

276 4151 296 4224 ἠ
322 4149 494 4216 ἀνάπαλιν·
518 4155 608 4239 ἠμεῖς
634 4149 688 4238 μέν
711 4147 991 4237 προκατάρχομεν,
1015 4145 1126 4209 ἕπεται
1151 4135 1184 4208 δὲ
1208 4148 1226 4216 ἠ
1253 4141 1419 4233 περιφορά,
1445 4131 1572 4206 διδοῦσα
1598 4139 1641 4203 τά
1665 4136 1824 4204 ἀκόλουθα

277 4270 347 4336 ταῖς
365 4259 513 4350 αἱρέσεσιν
530 4264 631 4349 ἡμῶν·
649 4261 720 4323 ἀλλ’
739 4262 765 4322 εἰ
780 4262 872 4344 ἠμεῖς
895 4253 1167 4346 προκατάρχομεν,
1184 4252 1222 4318 τὸ
1239 4243 1273 4317 δὲ
1288 4260 1349 4315 πᾶν
1368 4240 1490 4314 δίδωσιν
1508 4244 1550 4324 οἷς
1574 4245 1722 4336 εἱλόμεθα
1747 4269 1827 4335 συμ-

278 4360 439 4454 ὄαίνοντα,
462 4377 584 4458 πρῶτον
610 4365 664 4456 μέν
689 4365 806 4431 ἄτοπον
832 4365 937 4456 μέρεσι
961 4375 1015 4429 τοῦ
1040 4363 1156 4439 παντός
1180 4367 1256 4450 ἠμῖν
1281 4354 1364 4424 οόσιν
1389 4357 1517 4424 ἕπεσθαι
1540 4357 1578 4421 τό
1601 4364 1679 4420 πᾶν·
1704 4357 1738 4419 ού
1766 4351 1825 4444 γάρ

277 4477 315 4542 τό
340 4479 411 4542 όλον
435 4487 500 4553 τοῖς
525 4475 657 4566 μέρεσιν,
682 4473 765 4540 ἀλλά
788 4476 826 4540 τό
850 4473 939 4565 μέρος
962 4470 1088 4538 ἕπεσθαι
1110 4480 1156 4555 τῷ
1180 4471 1243 4553 όλῳ
1266 4467 1449 4558 προσήκειν·
1474 4466 1558 4555 εἰπερ
1586 4462 1623 4528 τό
1656 4461 1711 4552 μὲν
1736 4461 1825 4550 μέρος

224 4591 250 4629 ³⁵
278 4587 368 4652 ἕνεκα
389 4595 445 4650 τοῦ
463 4585 602 4650 ὅλου·τό
620 4575 654 4649 δὲ
673 4584 744 4648 όλον
762 4585 795 4648 οὐ
811 4583 899 4647 ἕνεκα
910 4582 936 4667 ⁸)
952 4591 1014 4644 τῶν
1033 4589 1144 4670 μερῶν,
1161 4578 1292 4644 ἕκαστον
1310 4565 1343 4640 δέ
1357 4573 1382 4658 ⁸)
1400 4583 1445 4657 τῷ
1462 4567 1496 4639 οό
1507 4613 1510 4623 ·
1523 4573 1612 4638 ἕνεκα
1635 4567 1825 4635 ἀκολουθεῖν·

280 4698 351 4759 ἀλλ’
377 4697 411 4758 ού
436 4702 481 4778 τῷ
505 4695 596 4758 ἕνεκα
619 4703 713 4758 τοῦτο
737 4687 796 4782 γάρ
820 4683 854 4755 ού
878 4689 966 4755 ἕνεκα
985 4688 1084 4764 τελος.
1102 4687 1240 4752 ’Ἔπειτα
1257 4685 1385 4749 καὶτοῦ
1410 4684 1457 4770 ἐφ’
1473 4686 1548 4769 ἡμῖν
1574 4677 1714 4744 ἀτάκτου
1738 4677 1826 4751 ὄντος

279 4804 333 4868 καί
350 4801 570 4891 ἀσταθμήτου,
588 4792 640 4866 διά
655 4799 715 4871 τήν
731 4796 951 4890 προαιρετικὴν
968 4792 1051 4878 ζωὴν
1069 4795 1238 4886 φερομένην
1255 4795 1371 4858 ἄλλοτε
1386 4789 1433 4856 ἐπ’
1451 4790 1535 4856 ἀλλα
1552 4784 1635 4854 κατά
1651 4785 1711 4860 τὴν
1728 4777 1826 4876 ὄρεξιν

278 4911 338 4985 τήν
362 4917 477 4988 ἑαυτῆς

317 5181 338 5251 ¹)
358 5177 429 5238 Cod·
447 5195 519 5235 oorr.
540 5179 641 5231 τούτων.
774 5179 776 5184 '
1080 5175 1175 5245 μερῶν·
1196 5173 1297 5224 ἕκαστον
1318 5175 1343 5224 δί
1363 5171 1406 5240 τῷ.
1426 5169 1463 5224 In
1489 5165 1604 5224 codiee:
1623 5165 1693 5217 ἷνιαα
1719 5165 1760 5214 τοῦ
1780 5164 1825 5214 δεῖ.

316 5272 338 5345 ²)
357 5272 394 5329 In
412 5288 506 5344 marg.
525 5271 587 5329 οοό.
606 5273 679 5342 ἡμεῖς
698 5270 732 5323 δί.
1116 5265 1140 5338 ⁴)
1158 5265 1235 5321 Item
1254 5261 1285 5319 in
1302 5277 1411 5332 marg:
1432 5265 1458 5314 τό
1478 5265 1526 5333 γὰρ
1547 5255 1573 5312 ού
1592 5257 1669 5309 ἰνικα.
1695 5253 1732 5309 In
1749 5249 1828 5308 οοιλε

316 5363 340 5436 ³)
360 5362 430 5420 (ἰού.
451 5359 477 5417 σύ
502 5363 579 5415 ἰνικα.
600 5393 635 5404 -
652 5360 688 5418 In
712 5358 862 5432 margine:
885 5359 955 5412 ἰνεκα
977 5360 1026 5410 τῶν
1082 5357 1151 5409 ἕνεκα
1171 5359 1213 5408 τσῦ
1233 5359 1260 5408 τό
1280 5349 1306 5406 οὗ
1326 5349 1377 5408 sio.
