3940 6072
995 511 1196 586 testimonia.

810 803 872 863 Τοῦ
896 799 991 862 αὑτοῦ
1015 799 1050 862 ὲκ
1072 805 1128 864 τοῦ
1153 799 1248 862 αὑτοῦ
1272 795 1379 888 λόγου.

366 1031 411 1095 ÷
436 1016 546 1094 Ἐκτὸς
570 1017 684 1082 τοότου
709 1021 743 1083 οό
767 1015 855 1093 Θεὸς,
879 1017 914 1082 οό
937 1014 1082 1107 ἄγγελος,
1101 1017 1135 1080 οὐ
1152 1007 1282 1105 δαίμων,
1298 1019 1354 1080 οὑκ
1370 1017 1458 1082 οὐσία
1474 1041 1521 1093 τις
1538 1016 1633 1091 άλλη·
1657 1015 1787 1082 πάντων
1808 1015 1855 1106 γάρ

320 1139 365 1202 -ζ-
387 1132 456 1192 ἑστι
472 1127 579 1216 Κόριος
596 1125 650 1192 καὶ
665 1125 771 1217 πατὴρ
789 1125 843 1190 καὶ
859 1126 938 1201 Θεὸς
954 1124 1009 1190 καὶ
1023 1123 1112 1215 πηγή
1139 1125 1193 1189 καὶ
1208 1119 1271 1202 ζωή
1290 1125 1345 1188 καὶ
1361 1116 1490 1218 ὸόναμις
1507 1125 1561 1189 καὶ
1575 1134 1637 1217 ριῦς
1654 1125 1712 1190 καὶ
1732 1136 1797 1200 νοῦς
1815 1125 1857 1188 ui

320 1248 365 1314 ÷
386 1247 520 1327 πνεῦμα,
545 1236 599 1302 ιιαό
622 1234 728 1300 πάντα
751 1239 782 1300 ἐν
808 1237 903 1320 αὐτῷ,
927 1234 982 1300 καὶ
1004 1239 1057 1300 ὑπ’
1081 1234 1177 1299 αὐτόν
1201 1239 1277 1300 ἐστι.
1301 1248 1345 1312 -ζ-

594 1459 657 1519 Τοῦ
681 1454 776 1518 αὑτοῦ
799 1452 873 1543 πρὸς
897 1452 939 1518 τά
963 1443 1120 1532 ὸιτξοὸικά
1142 1450 1268 1544 πρώτου
1291 1451 1389 1545 λόγου
1413 1453 1486 1544 Περὶ
1507 1459 1595 1521 Θεοῦ.

364 1684 410 1748 -2-
433 1673 468 1739 '0
491 1679 549 1736 τοῦ
573 1661 764 1762 δημιουργοῦ
780 1669 885 1762 λόγος,
902 1663 926 1736 ὦ
942 1671 1062 1753 τέκνον,
1080 1661 1185 1748 άέὸιος.
1203 1671 1420 1748 αότοιιόνητος,
1437 1663 1582 1750 άναυξής,
1603 1671 1772 1760 ἀμεέωτος,
1795 1673 1857 1758 άμε·

319 1795 365 1859 -ζ-
386 1774 560 1868 τάόλητος,
572 1778 740 1871 ἄφθαρτος,
755 1779 848 1870 μόνος
861 1781 947 1863 αὐτῷ
959 1780 1063 1870 ὅμοιός
1076 1783 1172 1856 έστιν,
1185 1775 1226 1857 εἷς
1239 1777 1281 1844 ιῦν
1296 1778 1378 1870 μετά
1390 1780 1445 1846 τὸν
1457 1779 1717 1873 προεγνωσμένων
1731 1779 1812 1845 Θεόν,
1823 1793 1856 1853 ÷

879 2003 942 2062 Τοῦ
966 1999 1061 2061 αὑτοῦ
1085 1998 1120 2062 έιι
1143 2005 1198 2062 τοῦ
1221 1997 1318 2086 ὕμνου

511 2107 586 2198 πρὸς
610 2105 665 2172 τὸν
689 2103 932 2196 παντοκράτορα
956 2106 1080 2196 Πατέρα
1103 2113 1166 2169 τῶν
1191 2106 1270 2172 όλων
1294 2105 1348 2170 ιιαό
1371 2105 1449 2171 Θεὸν
1473 2105 1551 2171 ὄντα
1575 2104 1682 2196 μόνον,

820 2215 869 2279 ἀπ’
901 2202 1024 2290 οὺὸενὸς
1051 2214 1168 2304 έχοντα
1195 2215 1268 2305 ὅπερ
1296 2215 1370 2304 ἔχει.

362 2445 408 2511 ÷
430 2432 497 2498 Ἀεὶ
520 2432 642 2523 όγνωιια
665 2431 719 2497 ένα
743 2428 825 2520 μετά
849 2439 913 2507 σοῦ,
938 2430 1020 2496 ὥστε
1042 2429 1098 2495 τὸν
1122 2431 1158 2496 ἐκ
1181 2441 1233 2496 σοῦ
1257 2432 1408 2523 γεραίρων
1432 2432 1506 2510 υἱὸν,
1527 2430 1561 2498 όν
1586 2430 1676 2524 ῥώμῃ
1704 2431 1851 2522 ἀπορρήτῳ

319 2553 365 2619 -ζ-
386 2541 441 2607 καὶ
464 2533 652 2620 όξυτελάνου
676 2548 778 2629 ρωνής
801 2528 890 2622 έὸισν,
909 2535 995 2614 εθθὸς
1013 2536 1150 2630 άρθόνως
1173 2540 1227 2604 καὶ
1250 2543 1396 2626 άπειλῦς,
1413 2540 1471 2606 ἅτε
1490 2550 1560 2618 νοῦς
1582 2541 1680 2633 λόγον
1705 2541 1851 2631 ἐγέννησας

319 2663 363 2727 ÷
389 2650 479 2735 Θεὸν,
495 2649 572 2715 όντα
595 2647 656 2722 τήν
681 2650 787 2714 οὐσίαν
811 2652 847 2714 ἐκ
870 2657 928 2725 τής
953 2658 1010 2724 σής
1033 2651 1148 2732 οὐσίας,
1165 2649 1196 2725 ός
1213 2673 1267 2715 σου
1292 2659 1348 2715 τοῦ
1365 2651 1486 2742 Πατρὸς
1502 2651 1607 2718 εἰκόνα
1626 2649 1690 2724 τήν
1715 2648 1851 2739 ἄφθαρτον

317 2773 364 2835 -ζ-
385 2759 441 2823 καὶ
461 2759 637 2847 πανόμοιαν
661 2757 753 2850 ρέρει,
778 2758 862 2822 ὥστε
884 2762 969 2822 ἐστιν
993 2759 1107 2824 ἐκεῖνον
1132 2759 1250 2848 ἐνεργὸς
1273 2762 1305 2825 ἐν
1329 2760 1433 2843 ἐκείνῳ
1456 2758 1592 2835 κάλλους
1616 2761 1779 2849 ἔσοπτρον,
1794 2759 1850 2818 ἀλλ’

319 2881 364 2944 ÷
389 2867 601 2958 ἀνέκρραστον
625 2867 798 2958 πρόσωπον.
823 2879 869 2944 ζ-

734 3083 906 3175 Πορρυρόου
931 3086 965 3151 έιι
989 3083 1151 3173 τιθεμένου
1175 3083 1344 3163 Πλάτωνος
1369 3075 1454 3164 δόξα.

363 3297 466 3390 ’Ἄχρι
489 3298 550 3390 γάρ
573 3308 666 3390 τριῶν
690 3297 903 3377 όποστάσεων,
935 3301 992 3389 έρη
1027 3299 1172 3378 Πλάτων,
1195 3299 1357 3366 τουτέστιν
1382 3297 1575 3390 έκπροελθεῒν
1607 3300 1716 3365 οόσίαν
1746 3287 1848 3376 εὶὸέναι,

317 3408 373 3473 τὸν
391 3407 445 3499 μὲν
464 3405 617 3472 ἀνωτάτω
633 3407 722 3485 Θεὸν,
740 3407 817 3473 όντα
835 3406 963 3497 όιγαθὸν,
982 3413 1051 3496 μετ’
1069 3409 1164 3473 αὐτὸν
1182 3399 1216 3474 ὸὸ
1232 3409 1286 3473 καὶ
1302 3399 1444 3498 θειότερον
1460 3409 1516 3473 τὸν
1533 3398 1739 3498 δημιουργὸν,
1756 3405 1847 3494 τρίταν

323 3504 358 3580 ὸὸ
381 3512 466 3580 κατά
490 3513 550 3588 τήν
574 3525 629 3581 τοῦ
654 3515 773 3606 κόσμου
796 3511 911 3606 ψυχήν·
935 3515 1008 3606 ἄχρι
1032 3515 1092 3608 γάρ
1116 3513 1219 3608 ψυχῆς
1242 3515 1302 3589 τὸν
1327 3516 1466 3592 θεότητα
1490 3515 1660 3608 προελθεῖν.

1000 3741 1063 3800 Τοῦ
1088 3737 1192 3799 αὑτοῦ.

362 3948 512 4024 Γεννητὸς
537 3949 553 4010 ό
577 3947 640 4023 υόός
664 3951 732 4012 ἐστι
755 3947 809 4011 ιιαό
834 3949 936 4026 Ιιιανὸς
953 3947 1081 4039 γνώμης
1098 3948 1232 4039 ἀράνους
1251 3940 1323 4014 ἱὸεῑν
1341 3947 1554 4039 αἰσθητήριον·
1574 3948 1665 4038 φύσει
1689 3947 1747 4040 γάρ
1769 3947 1843 4036 μόνον

319 4060 409 4134 Θεοῦ,
434 4062 474 4133 ὡς
499 4059 599 4122 αἴτιον
622 4065 679 4121 τοῦ
702 4058 829 4134 παντὸς,
854 4058 977 4148 γυμνήν
994 4055 1097 4149 ψυχήν
1116 4050 1189 4126 ἰδεῖν
1207 4050 1388 4148 δυναμένου·
1406 4053 1448 4135 εἷς
1465 4055 1526 4148 γάρ
1543 4059 1640 4134 αἴτιος
1662 4069 1719 4124 τοῦ
1740 4053 1843 4134 παντὸς,

315 4160 356 4239 εῐς
381 4165 434 4228 καί
457 4158 490 4243 ἐξ
513 4167 609 4230 αὑτοῦ
633 4164 728 4241 άλλος
753 4170 768 4229 ό
794 4162 846 4251 εἷς,
870 4168 924 4232 καί
947 4190 1025 4232 ποτε
1043 4169 1079 4232 οὔ
1093 4191 1141 4243 τις
1158 4171 1174 4232 ό
1192 4163 1243 4244 εἷς,
1264 4169 1320 4233 οόκ
1336 4168 1366 4232 ὲν
1383 4167 1497 4257 χρόνῳ·
1514 4158 1609 4242 άόὸιος
1625 4166 1688 4259 γάρ
1705 4171 1720 4231 ὁ
1737 4163 1783 4240 εἷς,
1803 4159 1843 4224 κε’·

318 4263 453 4350 ἀναΐθιος
477 4277 493 4338 ό
517 4268 569 4351 εἰς,
593 4272 647 4338 καὶ
671 4266 756 4340 οὐδὲν
781 4273 904 4351 τοότοις
929 4265 1094 4341 συναθὸιον.

969 4492 1216 4581 Ἀριστοτέλους.

365 4702 547 4793 Ἀνιάματος
571 4707 658 4794 ρόσις
682 4711 783 4798 Θεοῦ,
798 4707 969 4797 γεννήσεως
993 4710 1048 4774 οὐκ
1072 4709 1191 4798 ἔχουσα
1215 4707 1327 4798 ἀρχήν,
1345 4701 1377 4786 ἐξ
1402 4712 1500 4783 αὐτῆς
1525 4699 1559 4774 ὸὲ
1582 4711 1598 4772 ό
1621 4702 1786 4778 πανσθενθς
1806 4700 1841 4762 ⁰¹¹²·

320 4821 433 4876 σιῦται
455 4812 564 4904 Λόγος.

986 5031 1198 5123 Πλουτάρχου.

362 5251 423 5310 Τοῦ
446 5244 531 5335 παρά
549 5246 668 5314 τούτων
686 5251 766 5314 όλων
784 5252 886 5314 αἰτίου
902 5260 1141 5339 προεπινοείται·
1159 5241 1245 5316 οὐδὲν
1262 5253 1333 5326 όλος
1351 5241 1385 5315 ὸὸ
1401 5243 1433 5329 ἐξ
1450 5251 1534 5326 όλου,
1551 5247 1646 5324 ἄλλος
1664 5240 1698 5315 δὲ
1719 5239 1834 5324 ἐξαότυῡ

317 5353 475 5438 ὡσαότως,
501 5359 573 5421 ἀλλ’
598 5360 653 5424 οὐκ
678 5360 822 5438 άλλοόως,
847 5359 900 5424 καὶ
923 5359 1016 5448 μέσον
1042 5353 1138 5425 οὐδέν.
