3978 6070
778 522 957 597 Platonica
976 547 1108 597 ωονιιω
1127 525 1322 617 disciplina.

547 708 592 771 ÷
615 694 668 760 σύν
693 703 738 780 τῷ
768 695 922 785 ἑλομένω,
949 695 1101 771 συντόνως
1126 689 1220 774 ζῶντι
1235 697 1260 784 ¹)
1291 708 1395 763 κεῖται
1427 699 1491 784 βίος
1514 712 1558 773 -ζ-

547 818 592 880 -ζ-
614 804 791 896 ἀγαπητός,
808 809 842 869 ού
866 803 971 879 κακός·
990 805 1073 892 μήτε
1090 809 1106 868 ὁ
1124 804 1227 896 ἄρχων
1252 806 1394 896 αἱρέσεως
1419 810 1492 895 ἀμε-
1515 820 1559 883 -ζ-

547 927 592 990 -ζ-
613 915 732 1001 λείτω],
757 913 841 1004 μήτε
865 919 880 977 ό
905 920 1059 980 τελευτῶν
1085 912 1256 1003 ἀθυμείτω.
1279 928 1323 990 -ζ-

324 1132 391 1204 Τήν
417 1133 471 1223 μὲν
496 1134 599 1199 αἰτίαν
616 1124 655 1198 δι’
673 1132 711 1206 ήν
729 1132 799 1208 τοὺς
817 1144 872 1198 τοῦ
889 1134 1052 1223 προφήτου
1068 1131 1179 1224 λόγους
1197 1125 1317 1219 μεταξύ
1334 1123 1486 1222 διέτεμεν,
1504 1132 1539 1196 ἔκ
1556 1156 1593 1197 τε
1610 1125 1651 1196 ὧν
1674 1131 1824 1223 πρότερον

239 1260 252 1298 ⁵
279 1241 414 1329 εἴπομεν,
439 1231 489 1306 δεῖ
508 1234 689 1330 λαμύάνειν·
714 1252 780 1318 τοῖς
803 1240 864 1333 γάρ
887 1242 993 1332 λόγοις
1019 1241 1113 1305 αὐτόν
1138 1238 1179 1305 τά
1203 1242 1279 1330 ἔργα
1303 1231 1461 1330 σύνδρομα
1478 1240 1691 1330 παρεχόμενον

279 1457 303 1524 f.
329 1458 402 1538 158,
427 1480 540 1523 versus
565 1459 584 1523 6
608 1459 776 1524 laborant:
800 1447 960 1542 [ἐπιδεῖξαι
976 1454 1237 1545 προθυμούμενος,
1256 1455 1322 1544 ἅμα
1338 1455 1475 1546 λέγοντα
1491 1456 1544 1520 καί
1561 1459 1730 1547 ῥιπτοῦντα
1753 1453 1825 1530 τούς

279 1565 412 1656 κλήρους
436 1565 489 1629 καί
512 1565 554 1630 τά
577 1555 833 1655 παραδείγμαψτα
857 1564 1044 1654 προτεθέντα
1069 1567 1141 1652 [τῶν
1168 1567 1240 1648 βίων
1265 1564 1538 1654 ἀπομιμούμενοςψ·
1565 1567 1657 1642 αύτός
1686 1556 1826 1655 δὲπαρά

281 1674 380 1764 [μέρος
404 1673 552 1765 ἑκάτερον
578 1665 756 1760 διδάσκων,]
776 1673 903 1750 εἰκότως
920 1676 1157 1762 τοῖςέργοις...
1181 1673 1309 1740 τάττειν
1327 1675 1381 1762 μέν
1400 1667 1517 1763 μεταξύ
1541 1674 1613 1750 τούς
1637 1675 1749 1766 λόγους
1773 1673 1827 1738 καί

280 1774 318 1854 δή
345 1781 398 1846 καί
423 1793 474 1846 νῦν
498 1784 613 1874 τρόπον
637 1783 741 1873 ἕτερον
768 1783 888 1874 ῥητέον,
913 1784 962 1847 ὅτι
994 1794 1063 1859 ταῖς
1096 1793 1232 1873 μερικαῖς
1264 1779 1376 1872 ψυχαῖς
1400 1784 1499 1847 οἰκεία
1523 1791 1587 1858 πῶς
1611 1783 1695 1848 ἐστίν
1719 1787 1738 1854 ή
1764 1790 1826 1845 τῶν

226 1907 252 1945 ¹⁰
279 1891 383 1981 λόγων
409 1882 569 1982 διαίρεσις,
595 1897 629 1956 ού
658 1883 842 1981 δυναμέναις
866 1901 969 1957 πᾶσαν
993 1895 1070 1980 ὁμοῦ
1094 1890 1154 1964 τήν
1178 1900 1240 1955 τῶν
1265 1891 1449 1980 κρειττόνων
1478 1892 1583 1964 νόησιν
1607 1882 1825 1972 ὑποδέξασθαι,

280 1994 475 2092 μεριζούσαις
500 1992 594 2066 δὲτὸ
618 2003 737 2077 ἐκείνης
754 2001 922 2091 ἡνωμένον,
941 2000 993 2064 καὶ
1015 1991 1256 2075 διακοπτούσαις
1279 1999 1316 2062 τό
1341 1999 1464 2088 συνεχὲς
1488 2011 1556 2074 ταῖς
1580 2003 1694 2075 ἑαυτῆς
1719 1999 1826 2087 μέσαις

277 2109 582 2199 παρεμφαινομέναις
607 2111 781 2201 ἐνεργείαις·
806 2107 825 2174 ἀ
850 2101 888 2182 δή
914 2110 967 2174 καί
991 2115 1007 2174 6
1032 2109 1166 2174 Πλάτων
1184 2108 1439 2197 ἀποτυπούμενος
1456 2107 1527 2184 τούς
1544 2107 1670 2184 ἠθικοὺς
1694 2108 1825 2184 κανόνας

278 2209 538 2306 παρεμύέόληκεν
563 2229 628 2294 τοῖς
651 2229 707 2283 τοῦ
729 2219 892 2307 προφήτου
916 2219 1039 2310 λόγοις·
1063 2224 1092 2284 οί
1116 2209 1149 2283 δὲ
1173 2215 1277 2292 ἠθικοί
1301 2217 1425 2301 κανόνες
1456 2214 1556 2306 ψυχῆς
1581 2213 1661 2291 ἦσαν
1685 2221 1827 2306 ἐπιστρε-

280 2326 396 2415 φοόσης
420 2331 461 2400 εἰς
485 2326 613 2403 ἑαυτήν,
638 2327 692 2390 καὶ
715 2326 832 2398 ἑαυτήν
857 2327 1094 2418 ἀσφαλεστέραν
1118 2327 1187 2416 περὶ
1210 2325 1267 2402 τάς
1292 2327 1419 2416 αἱρέσεις
1433 2325 1600 2401 ποιούσης.
1624 2331 1700 2400 Ταῖς
1724 2315 1751 2389 δ’
1775 2318 1827 2390 ούν

227 2445 253 2484 ¹⁵
279 2432 479 2499 ἐπιστάσεσιν
502 2432 633 2511 ταύταις
656 2433 716 2508 τήν
741 2435 900 2525 συνέχειαν
924 2447 982 2512 τῆς
1007 2436 1068 2500 ἀπό
1092 2444 1155 2500 τῶν
1176 2433 1359 2525 κρεισσόνων
1377 2435 1530 2526 ἐνεργείας
1555 2440 1595 2510 εἰς
1619 2432 1735 2506 ἑαυτήν
1759 2425 1828 2498 δια-

280 2541 403 2632 τέμνειν
420 2541 536 2607 εἴωθεν·
553 2543 717 2608 καὶτοῦτο
742 2555 886 2633 μιμεῖται
901 2554 964 2608 τῶν
980 2554 1180 2634 προφητικῶν
1198 2541 1349 2634 ῥημάτων
1365 2547 1384 2616 ή
1404 2534 1559 2632 διαίρεσις.
1577 2546 1612 2604 Εἰ
1629 2533 1662 2606 δὲ
1679 2537 1826 2628 συνάψαις

280 2660 326 2735 τῷ
349 2651 433 2717 τέλει
457 2661 520 2716 τῶν
544 2649 717 2742 ἔμπροσθεν
734 2651 912 2741 εἰρημένων,
930 2651 1025 2715 ταυτί
1040 2650 1083 2716 τά
1100 2651 1165 2714 νυνί
1180 2651 1347 2743 λεγόμενα,
1361 2649 1508 2741 Ιμάλιστα
1525 2647 1621 2734 θεάσῃ
1638 2650 1676 2713 τὸ
1701 2649 1826 2738 συνεχὲς

284 2769 347 2824 τῶν
371 2753 485 2852 λόγων·
511 2762 631 2825 “Azita
647 2761 806 2850 ἑλομένου,
824 2758 889 2836 θεός
907 2761 1054 2843 ἀναίτιος,
1074 2799 1114 2808 -
1131 2759 1184 2824 καὶ
1206 2760 1378 2843 τελευταίῳ
1395 2759 1524 2837 ἐπιόντι,
1541 2758 1594 2822 σύν
1615 2768 1656 2840 νῷ
1680 2758 1826 2848 ἑλομένῳ,

283 2867 437 2945 συντόνως
454 2863 558 2948 ζῶντι,
576 2879 677 2934 κεῖται
695 2870 759 2954 βίος
775 2869 952 2958 ἀγαπητὸς,
976 2870 1010 2932 ού
1028 2867 1123 2943 κακός
1136 2920 1163 2948 ,.
1181 2873 1216 2932 Εἰ
1233 2867 1293 2959 γάρ
1311 2873 1343 2933 αἱ
1359 2866 1488 2958 αἱρέσεις
1498 2866 1509 2902 ²
1513 2897 1523 2954 γ
1540 2869 1639 2931 αἰτίαι
1655 2877 1718 2930 τῶν
1741 2870 1829 2954 ἀμει-

227 3000 254 3039 εο
281 2976 375 3041 νόνων
392 2975 446 3040 καί
469 2975 615 3066 χειρόνων
633 2981 665 3040 αἱ
682 2976 810 3075 αἱρέφεις
829 2977 913 3062 βίων,
931 2967 1063 3040 δυνατόν
1084 2975 1137 3039 καί
1153 2974 1208 3039 τόν
1225 2977 1359 3064 ἔσχατον
1377 2975 1505 3039 ἐπιόντα
1521 2976 1595 3064 πρός
1618 2973 1679 3047 τήν
1704 2976 1829 3065 αίρεσιν,

282 3108 336 3148 συν
362 3093 403 3166 νῷ
426 3082 637 3173 ποιησάμενον
661 3082 720 3158 τήν
746 3086 861 3174 αἵρεσιν
885 3087 920 3148 ἐκ
944 3094 1007 3148 τῶν
1031 3083 1194 3173 παρόντων
1219 3080 1273 3147 τόν
1292 3083 1407 3171 ἀμείνω
1423 3080 1608 3170 προελέσθαι
1626 3083 1701 3166 βίον·
1726 3090 1771 3164 τῷ
1796 3073 1831 3146 δὲ

281 3191 417 3280 ἑλομένῳ
442 3216 496 3256 συν
521 3201 562 3275 νῷ
579 3185 642 3270 ζωή
660 3190 866 3282 προστεθεῖσα
884 3191 1039 3277 σύντονος,
1055 3202 1138 3257 ποιεῖ
1154 3193 1207 3256 τόν
1226 3193 1292 3276 βίον
1310 3191 1490 3281 ἀγαπητόν,
1507 3193 1541 3256 ού
1558 3191 1664 3255 κακόν·
1683 3181 1829 3281 οὐδὲγάρ

281 3299 406 3376 πάντως
431 3298 558 3390 ἀγαθόν,
582 3305 608 3365 εἰ
632 3300 675 3389 μή
701 3295 782 3390 εἶχεν
805 3306 821 3365 ό
846 3304 961 3391 κλῆρος
985 3312 1126 3367 τοιοῦτον

282 3516 305 3582 f.
333 3517 396 3582 158
420 3539 461 3596 ν,
486 3515 596 3583 hiatus
618 3515 721 3581 idem:
749 3515 768 3600 [.
784 3567 792 3582 .
809 3567 816 3582 .
833 3514 907 3582 ,καί
924 3518 1011 3604 αίρε.
1028 3567 1034 3582 .
1049 3567 1055 3582 .
1072 3517 1092 3601 .]
1118 3514 1172 3604 μὲν
1199 3520 1319 3605 μᾶλλον
1338 3518 1502 3580 συντελοῦν
1517 3564 1524 3578 .
1539 3565 1546 3578 .
1561 3563 1568 3577 .
1583 3563 1591 3578 .
1607 3513 1735 3602 [θέντος]
1763 3515 1830 3598 βίου

228 3643 255 3680 2⁵
283 3623 431 3689 συντόνου
452 3624 500 3708 [τό
515 3677 522 3691 .
537 3676 566 3692 ..
592 3615 828 3710 ἀντιψλαόέσθαι
842 3624 866 3714 ³)
893 3633 947 3688 τοῦ
964 3625 1189 3713 ἀμείνονος...
1214 3628 1245 3690 ἐν
1270 3626 1356 3707 αύτῷ
1377 3622 1494 3715 ἀγαθόν
1518 3621 1705 3712 προστίθησι
1729 3613 1762 3687 δὲ
1776 3675 1784 3689 .
1798 3675 1830 3690 ..

282 3729 404 3814 καὶτῷ
430 3730 472 3821 μή
499 3730 594 3822 ἄκρῳ,
618 3729 770 3821 πάμπολυ
794 3731 869 3822 πρός
892 3730 952 3804 τήν
977 3732 1092 3822 ἀρετήν
1115 3723 1195 3798 ὁδόν.
1215 3733 1277 3797 Καὶ
1294 3735 1391 3798 ἔοικεν
1415 3730 1469 3796 καί
1492 3731 1623 3808 τούτων,
1647 3731 1684 3796 τό
1709 3730 1764 3819 μέν
1789 3736 1831 3806 εἰς

282 3839 342 3912 τὴν
366 3842 464 3931 κρίσιν
490 3839 694 3930 ἀναφέρεσθαι
718 3851 775 3917 τῆς
791 3837 893 3930 ψυχῆς
910 3847 929 3914 ή
947 3840 1063 3932 ἐκλογὴ
1083 3853 1138 3906 τοῦ
1156 3851 1218 3905 τῶν
1241 3841 1485 3932 προτεινομένων
1511 3841 1666 3929 ἀμείνονος
1692 3841 1770 3925 βίου·
1792 3840 1830 3903 τό

283 3940 317 4014 δὲ
342 3953 383 4025 εἰς
406 3948 466 4021 τὴν
490 3959 548 4025 τῆς
572 3943 654 4030 ζωῆς
679 3949 786 4042 ῥώμην
810 3955 829 4022 ή
856 3949 999 4027 σύντονος
1029 3949 1194 4038 ἀντίληψις
1221 3961 1277 4015 τοῦ
1308 3949 1508 4040 ἐκλεγέντος·
1533 3942 1565 4027 ἐξ
1590 3951 1771 4040 ἀμφοτέρων
1797 3938 1830 4013 δέ

283 4049 454 4131 ἐπιτήδειοι
477 4056 649 4151 γιγνόμεθα
681 4060 755 4149 πρός
779 4059 817 4124 τό
847 4070 954 4149 τυχεῖν
988 4054 1126 4149 μείζονος
1150 4065 1185 4125 ἑκ
1208 4071 1263 4123 τοῦ
1295 4057 1412 4133 παντὸς
1441 4058 1613 4148 εὐμοιρίας·
1639 4060 1654 4120 6
1679 4054 1739 4149 γάρ
1763 4066 1829 4131 τοῖς

228 4180 256 4220 ³⁰
284 4157 399 4232 δοθεῖσι
422 4165 620 4257 χρησάμενος
644 4165 739 4257 ὀρθῶς
762 4171 969 4256 προκαλεῖται
994 4161 1139 4256 μειζόνων
1164 4166 1290 4258 ἀγαθῶν
1322 4171 1363 4242 εἰς
1386 4165 1498 4230 ἑαυτόν
1523 4165 1703 4254 παρουσίαν,
1727 4165 1829 4253 ὥσπερ

283 4275 343 4348 τὴν
368 4275 591 4366 ἀμαρτητικήν
615 4285 726 4366 χρῆσιν
751 4286 813 4340 τῶν
838 4279 873 4341 ἐκ
896 4287 951 4340 τοῦ
968 4277 1086 4352 παντὸς
1111 4274 1236 4367 ἀγαθῶν
1254 4271 1365 4364 φαμὲν,
1386 4276 1417 4337 έν
1433 4273 1565 4346 πολλαῖς
1590 4261 1629 4344 δή
1654 4293 1734 4334 τισιν
1759 4261 1829 4345 ἑξῆς

283 4375 447 4476 περιόδοις,
472 4386 641 4475 στερίσκειν
666 4391 750 4474 ήμῖις
774 4396 831 4460 τῆς
856 4384 970 4451 ἐκεῖθεν
995 4387 1166 4476 εὐμοιρίας,
1190 4377 1330 4461 ἀναξίους
1354 4379 1503 4471 ὀφθέντας
1528 4373 1569 4443 ὧν
1593 4377 1745 4467 ἐτύχομεν
1769 4379 1831 4466 έμ-

283 4493 426 4585 προσθεν.
451 4499 489 4558 Τί
513 4485 550 4565 δή
578 4489 629 4559 οὖν
655 4495 705 4559 ἐπὶ
728 4493 851 4570 τούτοις
875 4491 967 4583 φησίν
996 4497 1011 4556 ὁ
1041 4493 1224 4582 προφήτης,
1248 4492 1336 4566 τέλος
1360 4487 1484 4577 ἐπάγων
1509 4487 1607 4554 ἅπασι
1630 4497 1696 4562 τοῖς
1719 4490 1831 4551 ἑαυτοῦ

283 4602 404 4692 λόγοις,
431 4600 480 4677 οθς
504 4595 647 4690 ἐξέφηνεν
671 4613 739 4678 ταῖς
764 4599 894 4691 ψυχαῖς;
922 4602 1039 4675 “Mine
1063 4605 1079 4665 6
1108 4601 1211 4690 ἅρχων
1237 4599 1379 4688 αἱρέσεως
1404 4597 1504 4680 τινός,
1529 4594 1639 4685 φησίν,
1664 4596 1831 4686 ἀμελείτω,

230 4737 257 4776 ιε
285 4711 369 4800 μήτε
392 4714 408 4774 ό
433 4713 588 4775 τελευτῶν
614 4708 771 4799 ἀθυμείτω
789 4761 815 4789 ,,
840 4707 936 4787 θείως,
962 4713 1001 4785 ὡς
1026 4709 1095 4798 ἐμοὶ
1118 4700 1213 4785 δοκεῖ,
1240 4698 1292 4771 διά
1315 4705 1436 4770 τούτων
1465 4713 1528 4768 τῶν
1552 4702 1831 4794 παραγγελμάτων

285 4810 508 4907 ἐνδειξάμενος,
526 4825 566 4894 ὡς
583 4819 641 4908 ἀρα
658 4819 695 4882 τό
712 4827 773 4881 πῖιν
787 4818 838 4882 ἐπί
850 4828 919 4894 ταῖς
932 4813 1045 4907 ψυχαῖς
1059 4822 1155 4900 ἐστιν,
1169 4815 1222 4882 καὶ
1235 4813 1293 4888 τήν
1307 4809 1498 4904 εύμοιρίανέ)
1512 4817 1531 4885 ή
1550 4814 1661 4902 αἵρεσις
1679 4802 1832 4900 ἀφανίζει,

323 5103 345 5178 ι)
364 5103 483 5162 «Immo
502 5121 575 5162 vero
593 5107 711 5167 συντόνως
732 5107 852 5173 ζητοῦντι,
866 5121 903 5162 ne
922 5105 1032 5160 malam
1121 5101 1145 5175 ²)
1163 5101 1198 5157 A.
1213 5117 1269 5156 om.
1283 5101 1310 5152 αἱ
1321 5100 1434 5171 αἱρέσεις,
1448 5097 1526 5172 quod
1539 5095 1690 5154 abundare
1702 5093 1832 5154 videtur.

284 5194 379 5253 vitam
393 5194 487 5266 eligat
496 5213 548 5268 pro
562 5195 672 5267 bona»,
683 5194 1032 5267 inquitHorwerdeniuS,
1121 5191 1145 5263 3)
1164 5192 1199 5246 Α.
1219 5191 1239 5245 f.
1259 5191 1302 5247 89.

284 5284 428 5342 Mnemon.
447 5285 509 5341 335.
522 5285 735 5342 Verumtamen
747 5285 828 5342 haud
841 5286 930 5341 aliter
943 5301 1033 5358 quam
1121 5283 1144 5356 ⁴)
1163 5282 1199 5338 In
1217 5279 1353 5352 margine
1364 5297 1370 5335 :
1389 5301 1426 5353 γι.
1448 5275 1578 5347 εὐσέύειαι,
1593 5277 1673 5351 quod
1690 5276 1725 5334 A.
1738 5275 1769 5332 in
1788 5281 1833 5332 θο-

286 5375 379 5447 vulgo
398 5374 464 5432 odd.
483 5375 610 5432 Proolus
629 5375 717 5448 paulo
736 5374 814 5432 infra
832 5373 916 5447 legit.
1086 5379 1172 5430 xtum
1191 5370 1333 5428 restituit.
