<?xml version="1.0" encoding="UTF-8"?>
<!DOCTYPE html PUBLIC "-//W3C//DTD XHTML 1.0 Transitional//EN"
    "http://www.w3.org/TR/xhtml1/DTD/xhtml1-transitional.dtd">
<html xmlns="http://www.w3.org/1999/xhtml" xml:lang="en" lang="en">
 <head>
  <title>
</title>
<meta http-equiv="Content-Type" content="text/html;charset=utf-8" />
  <meta name='ocr-system' content='tesseract 3.04.00' />
  <meta name='ocr-capabilities' content='ocr_page ocr_carea ocr_par ocr_line ocrx_word'/>
</head>
<body>
  <div class='ocr_page' id='page_1' title='image "./analectasacrasp02pitrgoog_0411.png"; bbox 0 0 3944 6074; ppageno 0'>
   <div class='ocr_carea' id='block_1_1' title="bbox 285 471 1666 569">
    <p class='ocr_par' dir='ltr' id='par_1_1' title="bbox 285 471 1666 569">
     <span class='ocr_line' id='line_1_1' title="bbox 285 471 1666 569; baseline 0.009 -30"><span class='ocrx_word' id='word_1_1' title='bbox 285 483 338 539; x_wconf 74' lang='lat'><strong>152</strong></span> <span class='ocrx_word' id='word_1_2' title='bbox 444 475 500 548; x_wconf 82' lang='lat' dir='ltr'><strong>De</strong></span> <span class='ocrx_word' id='word_1_3' title='bbox 517 481 676 566; x_wconf 77' lang='lat' dir='ltr'><em>corrupto</em></span> <span class='ocrx_word' id='word_1_4' title='bbox 694 480 725 546; x_wconf 81' lang='lat' dir='ltr'><strong>et</strong></span> <span class='ocrx_word' id='word_1_5' title='bbox 742 471 995 564; x_wconf 71' lang='lat' dir='ltr'><em>incorruptibili</em></span> <span class='ocrx_word' id='word_1_6' title='bbox 1012 479 1166 562; x_wconf 77' lang='lat' dir='ltr'><em>respectu</em></span> <span class='ocrx_word' id='word_1_7' title='bbox 1186 476 1234 547; x_wconf 81' lang='lat' dir='ltr'><strong>ad</strong></span> <span class='ocrx_word' id='word_1_8' title='bbox 1247 477 1400 568; x_wconf 72' lang='lat' dir='ltr'><em>qenitum</em></span> <span class='ocrx_word' id='word_1_9' title='bbox 1418 482 1449 549; x_wconf 87' lang='lat' dir='ltr'><strong>et</strong></span> <span class='ocrx_word' id='word_1_10' title='bbox 1466 477 1666 569; x_wconf 69' lang='lat' dir='ltr'><em>inqenitum.</em></span> 
     </span>
    </p>
   </div>
   <div class='ocr_carea' id='block_1_2' title="bbox 227 639 1833 3552">
    <p class='ocr_par' dir='ltr' id='par_1_2' title="bbox 227 639 1833 3552">
     <span class='ocr_line' id='line_1_2' title="bbox 284 639 1831 742; baseline 0.002 -29"><span class='ocrx_word' id='word_1_11' title='bbox 284 649 411 738; x_wconf 89' lang='grc' dir='ltr'><strong>κόσμος,</strong></span> <span class='ocrx_word' id='word_1_12' title='bbox 435 647 539 723; x_wconf 86' lang='grc' dir='ltr'><strong>ἄλλως</strong></span> <span class='ocrx_word' id='word_1_13' title='bbox 562 646 616 710; x_wconf 88' lang='grc' dir='ltr'><strong>καί</strong></span> <span class='ocrx_word' id='word_1_14' title='bbox 639 649 674 710; x_wconf 86' lang='grc' dir='ltr'><strong>οίι</strong></span> <span class='ocrx_word' id='word_1_15' title='bbox 697 645 781 709; x_wconf 88' lang='grc' dir='ltr'><strong>κατά</strong></span> <span class='ocrx_word' id='word_1_16' title='bbox 797 643 908 734; x_wconf 84' lang='grc' dir='ltr'><strong>χρόνον</strong></span> <span class='ocrx_word' id='word_1_17' title='bbox 925 643 993 708; x_wconf 78' lang='grc' dir='ltr'><strong>ἐστί</strong></span> <span class='ocrx_word' id='word_1_18' title='bbox 1008 645 1151 736; x_wconf 77' lang='grc' dir='ltr'><strong>γενητὸς,</strong></span> <span class='ocrx_word' id='word_1_19' title='bbox 1168 641 1206 720; x_wconf 81' lang='grc' dir='ltr'><strong>ἧν</strong></span> <span class='ocrx_word' id='word_1_20' title='bbox 1222 643 1283 735; x_wconf 88' lang='grc' dir='ltr'><strong>γάρ</strong></span> <span class='ocrx_word' id='word_1_21' title='bbox 1300 644 1337 711; x_wconf 87' lang='grc' dir='ltr'><strong>ἄν</strong></span> <span class='ocrx_word' id='word_1_22' title='bbox 1354 647 1408 711; x_wconf 87' lang='grc' dir='ltr'><strong>καί</strong></span> <span class='ocrx_word' id='word_1_23' title='bbox 1424 646 1568 739; x_wconf 91' lang='grc' dir='ltr'><strong>φθαρτός.</strong></span> <span class='ocrx_word' id='word_1_24' title='bbox 1593 653 1630 712; x_wconf 85' lang='lat' dir='ltr'><em>Ei</em></span> <span class='ocrx_word' id='word_1_25' title='bbox 1652 639 1686 716; x_wconf 80' lang='grc' dir='ltr'><strong>δέ</strong></span> <span class='ocrx_word' id='word_1_26' title='bbox 1708 651 1831 742; x_wconf 73' lang='grc' dir='ltr'><strong>λέγοιέν</strong></span> 
     </span>
     <span class='ocr_line' id='line_1_3' title="bbox 283 745 1831 845; baseline 0.001 -25"><span class='ocrx_word' id='word_1_27' title='bbox 283 780 364 832; x_wconf 87' lang='grc' dir='ltr'><strong>τινες</strong></span> <span class='ocrx_word' id='word_1_28' title='bbox 387 753 523 845; x_wconf 84' lang='grc' dir='ltr'><strong>φθαρτόν</strong></span> <span class='ocrx_word' id='word_1_29' title='bbox 548 754 643 820; x_wconf 83' lang='grc' dir='ltr'><strong>αὐτόν</strong></span> <span class='ocrx_word' id='word_1_30' title='bbox 667 753 744 818; x_wconf 90' lang='grc' dir='ltr'><strong>όντα</strong></span> <span class='ocrx_word' id='word_1_31' title='bbox 767 763 808 837; x_wconf 78' lang='grc' dir='ltr'><strong>τῇ</strong></span> <span class='ocrx_word' id='word_1_32' title='bbox 834 751 940 842; x_wconf 87' lang='grc' dir='ltr'><strong>φόσει,</strong></span> <span class='ocrx_word' id='word_1_33' title='bbox 964 753 1126 842; x_wconf 86' lang='grc' dir='ltr'><strong>γεγονέναι</strong></span> <span class='ocrx_word' id='word_1_34' title='bbox 1157 748 1315 842; x_wconf 72' lang='grc' dir='ltr'>ἄφθαρτον</span> <span class='ocrx_word' id='word_1_35' title='bbox 1340 753 1410 838; x_wconf 85' lang='lat' dir='ltr'><strong>(fol.</strong></span> <span class='ocrx_word' id='word_1_36' title='bbox 1435 757 1491 837; x_wconf 87' lang='grc'><strong>34)</strong></span> <span class='ocrx_word' id='word_1_37' title='bbox 1516 745 1568 820; x_wconf 90' lang='grc' dir='ltr'><strong>διά</strong></span> <span class='ocrx_word' id='word_1_38' title='bbox 1591 753 1651 829; x_wconf 86' lang='grc' dir='ltr'><strong>τήν</strong></span> <span class='ocrx_word' id='word_1_39' title='bbox 1674 766 1731 821; x_wconf 84' lang='grc' dir='ltr'><strong>τοῦ</strong></span> <span class='ocrx_word' id='word_1_40' title='bbox 1762 756 1831 823; x_wconf 86' lang='grc' dir='ltr'><strong>θεοῦ</strong></span> 
     </span>
     <span class='ocr_line' id='line_1_4' title="bbox 285 855 1831 953; baseline 0.001 -24"><span class='ocrx_word' id='word_1_41' title='bbox 285 863 447 949; x_wconf 81' lang='grc' dir='ltr'><strong>βούλησιν,</strong></span> <span class='ocrx_word' id='word_1_42' title='bbox 465 868 492 928; x_wconf 85' lang='grc' dir='ltr'><strong>εί</strong></span> <span class='ocrx_word' id='word_1_43' title='bbox 508 862 546 928; x_wconf 86' lang='grc' dir='ltr'><strong>τό</strong></span> <span class='ocrx_word' id='word_1_44' title='bbox 563 860 720 953; x_wconf 81' lang='grc' dir='ltr'>ἄφθαρτον</span> <span class='ocrx_word' id='word_1_45' title='bbox 738 860 903 951; x_wconf 87' lang='grc' dir='ltr'><strong>ἀγένητον·</strong></span> <span class='ocrx_word' id='word_1_46' title='bbox 921 855 1117 948; x_wconf 69' lang='grc' dir='ltr'><strong>ἀντιστρέφει</strong></span> <span class='ocrx_word' id='word_1_47' title='bbox 1139 857 1211 950; x_wconf 87' lang='grc' dir='ltr'><strong>γάρ,</strong></span> <span class='ocrx_word' id='word_1_48' title='bbox 1228 861 1407 952; x_wconf 81' lang='grc' dir='ltr'><strong>ἀναγκαίων</strong></span> <span class='ocrx_word' id='word_1_49' title='bbox 1423 862 1523 927; x_wconf 91' lang='grc' dir='ltr'><strong>όντων</strong></span> <span class='ocrx_word' id='word_1_50' title='bbox 1539 872 1602 928; x_wconf 87' lang='grc' dir='ltr'><strong>τῶν</strong></span> <span class='ocrx_word' id='word_1_51' title='bbox 1624 855 1677 930; x_wconf 76' lang='lat' dir='ltr'><strong>tto</strong></span> <span class='ocrx_word' id='word_1_52' title='bbox 1694 868 1831 942; x_wconf 82' lang='grc' dir='ltr'><strong>ἐκείνων,</strong></span> 
     </span>
     <span class='ocr_line' id='line_1_5' title="bbox 283 946 1830 1064; baseline 0.001 -27"><span class='ocrx_word' id='word_1_53' title='bbox 283 972 337 1037; x_wconf 83' lang='grc' dir='ltr'><strong>καί</strong></span> <span class='ocrx_word' id='word_1_54' title='bbox 359 971 397 1036; x_wconf 82' lang='grc' dir='ltr'><strong>τό</strong></span> <span class='ocrx_word' id='word_1_55' title='bbox 415 971 549 1062; x_wconf 84' lang='grc' dir='ltr'><strong>γενητόν</strong></span> <span class='ocrx_word' id='word_1_56' title='bbox 574 969 665 1034; x_wconf 84' lang='grc' dir='ltr'><strong>αὐτοὶ</strong></span> <span class='ocrx_word' id='word_1_57' title='bbox 682 946 832 1034; x_wconf 72' lang='grc' dir='ltr'><strong>δώσουάιν</strong></span> <span class='ocrx_word' id='word_1_58' title='bbox 849 967 1004 1059; x_wconf 86' lang='grc' dir='ltr'><strong>ἀγένητον</strong></span> <span class='ocrx_word' id='word_1_59' title='bbox 1020 967 1226 1041; x_wconf 88' lang='grc' dir='ltr'><strong>πεποιηκέναι</strong></span> <span class='ocrx_word' id='word_1_60' title='bbox 1242 969 1297 1034; x_wconf 84' lang='grc' dir='ltr'><strong>τόν</strong></span> <span class='ocrx_word' id='word_1_61' title='bbox 1315 966 1396 1035; x_wconf 85' lang='grc' dir='ltr'><strong>θεόν·</strong></span> <span class='ocrx_word' id='word_1_62' title='bbox 1412 974 1427 1034; x_wconf 90' lang='grc' dir='ltr'><strong>ό</strong></span> <span class='ocrx_word' id='word_1_63' title='bbox 1444 970 1503 1062; x_wconf 90' lang='grc' dir='ltr'><strong>γάρ</strong></span> <span class='ocrx_word' id='word_1_64' title='bbox 1514 967 1540 1058; x_wconf 84' lang='lat'><strong>¹)</strong></span> <span class='ocrx_word' id='word_1_65' title='bbox 1560 971 1717 1064; x_wconf 78' lang='grc' dir='ltr'><strong>ἄφθαρτον</strong></span> <span class='ocrx_word' id='word_1_66' title='bbox 1735 975 1830 1040; x_wconf 80' lang='grc' dir='ltr'><strong>αὐτόν</strong></span> 
     </span>
     <span class='ocr_line' id='line_1_6' title="bbox 241 1067 1830 1168; baseline 0.004 -26"><span class='ocrx_word' id='word_1_67' title='bbox 241 1103 255 1142; x_wconf 83' lang='lat' dir='ltr'><em>s</em></span> <span class='ocrx_word' id='word_1_68' title='bbox 282 1080 427 1162; x_wconf 87' lang='grc' dir='ltr'><strong>ποιήσας,</strong></span> <span class='ocrx_word' id='word_1_69' title='bbox 444 1079 498 1144; x_wconf 84' lang='grc' dir='ltr'><strong>καί</strong></span> <span class='ocrx_word' id='word_1_70' title='bbox 521 1077 676 1168; x_wconf 85' lang='grc' dir='ltr'><strong>ἀγίνητον</strong></span> <span class='ocrx_word' id='word_1_71' title='bbox 700 1075 786 1153; x_wconf 82' lang='grc' dir='ltr'><strong>εὐθὺς</strong></span> <span class='ocrx_word' id='word_1_72' title='bbox 810 1078 954 1148; x_wconf 86' lang='grc' dir='ltr'><strong>ἐποίησεν</strong></span> <span class='ocrx_word' id='word_1_73' title='bbox 979 1067 1030 1141; x_wconf 90' lang='grc' dir='ltr'><strong>διά</strong></span> <span class='ocrx_word' id='word_1_74' title='bbox 1053 1075 1113 1150; x_wconf 82' lang='grc' dir='ltr'><strong>τὴν</strong></span> <span class='ocrx_word' id='word_1_75' title='bbox 1131 1075 1273 1168; x_wconf 88' lang='grc' dir='ltr'><strong>ἀνάγκην</strong></span> <span class='ocrx_word' id='word_1_76' title='bbox 1290 1088 1348 1154; x_wconf 78' lang='grc' dir='ltr'><strong>της</strong></span> <span class='ocrx_word' id='word_1_77' title='bbox 1365 1078 1562 1156; x_wconf 89' lang='grc' dir='ltr'><strong>ἀκολουθίας.</strong></span> <span class='ocrx_word' id='word_1_78' title='bbox 1587 1085 1711 1146; x_wconf 85' lang='grc' dir='ltr'><strong>Ἀλλ’ό</strong></span> <span class='ocrx_word' id='word_1_79' title='bbox 1736 1083 1830 1160; x_wconf 84' lang='grc' dir='ltr'><strong>αὑτός</strong></span> 
     </span>
     <span class='ocr_line' id='line_1_7' title="bbox 282 1177 1830 1281; baseline -0.001 -27"><span class='ocrx_word' id='word_1_80' title='bbox 282 1189 359 1279; x_wconf 83' lang='grc' dir='ltr'><strong>φησί</strong></span> <span class='ocrx_word' id='word_1_81' title='bbox 375 1186 520 1274; x_wconf 83' lang='grc' dir='ltr'><strong>Πλάτων,</strong></span> <span class='ocrx_word' id='word_1_82' title='bbox 545 1189 594 1254; x_wconf 90' lang='grc' dir='ltr'><strong>ότι</strong></span> <span class='ocrx_word' id='word_1_83' title='bbox 610 1187 648 1252; x_wconf 84' lang='grc' dir='ltr'><strong>τό</strong></span> <span class='ocrx_word' id='word_1_84' title='bbox 665 1187 794 1278; x_wconf 85' lang='grc' dir='ltr'><strong>γεγονός</strong></span> <span class='ocrx_word' id='word_1_85' title='bbox 812 1185 967 1276; x_wconf 89' lang='grc' dir='ltr'><strong>ἀγένητον</strong></span> <span class='ocrx_word' id='word_1_86' title='bbox 983 1193 1124 1268; x_wconf 80' lang='grc' dir='ltr'><strong>ποιῆσαι,</strong></span> <span class='ocrx_word' id='word_1_87' title='bbox 1140 1183 1193 1250; x_wconf 87' lang='grc' dir='ltr'><strong>καί</strong></span> <span class='ocrx_word' id='word_1_88' title='bbox 1208 1181 1266 1269; x_wconf 85' lang='grc' dir='ltr'><strong>θεῷ</strong></span> <span class='ocrx_word' id='word_1_89' title='bbox 1284 1177 1447 1272; x_wconf 81' lang='grc' dir='ltr'><strong>ἀδύνατον,</strong></span> <span class='ocrx_word' id='word_1_90' title='bbox 1464 1189 1546 1254; x_wconf 83' lang='grc' dir='ltr'><strong>ὥστε</strong></span> <span class='ocrx_word' id='word_1_91' title='bbox 1562 1188 1616 1253; x_wconf 85' lang='grc' dir='ltr'><strong>καί</strong></span> <span class='ocrx_word' id='word_1_92' title='bbox 1631 1189 1670 1256; x_wconf 80' lang='grc' dir='ltr'><strong>τό</strong></span> <span class='ocrx_word' id='word_1_93' title='bbox 1694 1189 1830 1281; x_wconf 81' lang='grc' dir='ltr'><strong>φθαρτόν</strong></span> 
     </span>
     <span class='ocr_line' id='line_1_8' title="bbox 282 1287 1830 1388; baseline -0.001 -25"><span class='ocrx_word' id='word_1_94' title='bbox 282 1298 336 1363; x_wconf 87' lang='grc' dir='ltr'><strong>καί</strong></span> <span class='ocrx_word' id='word_1_95' title='bbox 352 1297 520 1388; x_wconf 80' lang='grc' dir='ltr'><strong>ἄφθαρτον,</strong></span> <span class='ocrx_word' id='word_1_96' title='bbox 537 1300 585 1361; x_wconf 87' lang='grc' dir='ltr'><strong>ἵνα</strong></span> <span class='ocrx_word' id='word_1_97' title='bbox 602 1295 645 1386; x_wconf 81' lang='grc' dir='ltr'><strong>μὴ</strong></span> <span class='ocrx_word' id='word_1_98' title='bbox 664 1294 706 1360; x_wconf 82' lang='grc' dir='ltr'><strong>τὰ</strong></span> <span class='ocrx_word' id='word_1_99' title='bbox 722 1295 911 1385; x_wconf 78' lang='grc' dir='ltr'><strong>προκείμενα</strong></span> <span class='ocrx_word' id='word_1_100' title='bbox 929 1287 1096 1383; x_wconf 81' lang='grc' dir='ltr'><strong>ἀξιώματα</strong></span> <span class='ocrx_word' id='word_1_101' title='bbox 1114 1296 1276 1384; x_wconf 83' lang='grc' dir='ltr'><strong>ἀφανίσῃς.</strong></span> <span class='ocrx_word' id='word_1_102' title='bbox 1295 1333 1336 1344; x_wconf 90' lang='lat'><em>-</em></span> <span class='ocrx_word' id='word_1_103' title='bbox 1353 1294 1450 1361; x_wconf 84' lang='grc' dir='ltr'><strong>Πόθεν</strong></span> <span class='ocrx_word' id='word_1_104' title='bbox 1462 1297 1486 1380; x_wconf 76' lang='lat'><strong>²)</strong></span> <span class='ocrx_word' id='word_1_105' title='bbox 1505 1291 1557 1362; x_wconf 80' lang='grc' dir='ltr'><strong>οὖν</strong></span> <span class='ocrx_word' id='word_1_106' title='bbox 1579 1288 1686 1376; x_wconf 85' lang='grc' dir='ltr'><strong>δῆλον,</strong></span> <span class='ocrx_word' id='word_1_107' title='bbox 1704 1301 1753 1364; x_wconf 87' lang='grc' dir='ltr'><strong>ότι</strong></span> <span class='ocrx_word' id='word_1_108' title='bbox 1767 1311 1830 1365; x_wconf 84' lang='grc' dir='ltr'><strong>πᾶν</strong></span> 
     </span>
     <span class='ocr_line' id='line_1_9' title="bbox 282 1401 1833 1497; baseline 0.001 -27"><span class='ocrx_word' id='word_1_109' title='bbox 282 1407 320 1472; x_wconf 86' lang='grc' dir='ltr'><strong>τό</strong></span> <span class='ocrx_word' id='word_1_110' title='bbox 332 1405 498 1497; x_wconf 88' lang='grc' dir='ltr'><strong>γενόμενον</strong></span> <span class='ocrx_word' id='word_1_111' title='bbox 516 1401 705 1494; x_wconf 74' lang='grc' dir='ltr'><strong>φθαρτόνςή</strong></span> <span class='ocrx_word' id='word_1_112' title='bbox 725 1404 774 1468; x_wconf 88' lang='grc' dir='ltr'><strong>ότι</strong></span> <span class='ocrx_word' id='word_1_113' title='bbox 791 1412 852 1467; x_wconf 84' lang='grc' dir='ltr'><strong>πᾶν</strong></span> <span class='ocrx_word' id='word_1_114' title='bbox 869 1403 906 1467; x_wconf 82' lang='grc' dir='ltr'><strong>τό</strong></span> <span class='ocrx_word' id='word_1_115' title='bbox 924 1403 1088 1493; x_wconf 86' lang='grc' dir='ltr'><strong>γενόμενον</strong></span> <span class='ocrx_word' id='word_1_116' title='bbox 1101 1407 1153 1467; x_wconf 81' lang='grc' dir='ltr'><strong>ὑπ’</strong></span> <span class='ocrx_word' id='word_1_117' title='bbox 1168 1405 1270 1468; x_wconf 90' lang='grc' dir='ltr'><strong>αίτίου</strong></span> <span class='ocrx_word' id='word_1_118' title='bbox 1286 1404 1410 1492; x_wconf 88' lang='grc' dir='ltr'><strong>γίνεταί</strong></span> <span class='ocrx_word' id='word_1_119' title='bbox 1426 1427 1520 1488; x_wconf 86' lang='grc' dir='ltr'><strong>τινος,</strong></span> <span class='ocrx_word' id='word_1_120' title='bbox 1537 1405 1590 1470; x_wconf 83' lang='grc' dir='ltr'><strong>καί</strong></span> <span class='ocrx_word' id='word_1_121' title='bbox 1606 1406 1720 1471; x_wconf 83' lang='grc' dir='ltr'><strong>τούτου</strong></span> <span class='ocrx_word' id='word_1_122' title='bbox 1732 1431 1833 1474; x_wconf 91' lang='grc' dir='ltr'><strong>κινου-</strong></span> 
     </span>
     <span class='ocr_line' id='line_1_10' title="bbox 283 1502 1830 1605; baseline -0.001 -25"><span class='ocrx_word' id='word_1_123' title='bbox 283 1515 385 1605; x_wconf 88' lang='grc' dir='ltr'><strong>μένου.</strong></span> <span class='ocrx_word' id='word_1_124' title='bbox 411 1514 455 1578; x_wconf 83' lang='grc' dir='ltr'><strong>Τό</strong></span> <span class='ocrx_word' id='word_1_125' title='bbox 478 1510 539 1603; x_wconf 89' lang='grc' dir='ltr'><strong>γάρ</strong></span> <span class='ocrx_word' id='word_1_126' title='bbox 563 1512 612 1576; x_wconf 85' lang='grc' dir='ltr'><strong>ὑπ’</strong></span> <span class='ocrx_word' id='word_1_127' title='bbox 631 1511 780 1585; x_wconf 88' lang='grc' dir='ltr'><strong>ἀκινήτου</strong></span> <span class='ocrx_word' id='word_1_128' title='bbox 801 1511 965 1603; x_wconf 87' lang='grc' dir='ltr'><strong>γενόμενον</strong></span> <span class='ocrx_word' id='word_1_129' title='bbox 984 1509 1138 1600; x_wconf 85' lang='grc' dir='ltr'><strong>ἀγένητόν</strong></span> <span class='ocrx_word' id='word_1_130' title='bbox 1155 1513 1252 1596; x_wconf 87' lang='grc' dir='ltr'><strong>Ιεστιν,</strong></span> <span class='ocrx_word' id='word_1_131' title='bbox 1269 1502 1368 1577; x_wconf 78' lang='grc' dir='ltr'><strong>ἀίδιον</strong></span> <span class='ocrx_word' id='word_1_132' title='bbox 1385 1509 1431 1589; x_wconf 84' lang='grc' dir='ltr'><strong>όν,</strong></span> <span class='ocrx_word' id='word_1_133' title='bbox 1450 1511 1516 1601; x_wconf 87' lang='grc' dir='ltr'><strong>ἄμα</strong></span> <span class='ocrx_word' id='word_1_134' title='bbox 1540 1523 1586 1596; x_wconf 84' lang='grc' dir='ltr'><strong>τῷ</strong></span> <span class='ocrx_word' id='word_1_135' title='bbox 1612 1508 1689 1579; x_wconf 72' lang='grc' dir='ltr'><strong>εἶναι</strong></span> <span class='ocrx_word' id='word_1_136' title='bbox 1713 1517 1830 1580; x_wconf 80' lang='grc' dir='ltr'><strong>ἐκείνου</strong></span> 
     </span>
     <span class='ocr_line' id='line_1_11' title="bbox 227 1617 1831 1714; baseline 0 -26"><span class='ocrx_word' id='word_1_137' title='bbox 227 1640 254 1678; x_wconf 86' lang='lat'><strong>¹⁰</strong></span> <span class='ocrx_word' id='word_1_138' title='bbox 283 1622 489 1690; x_wconf 89' lang='grc' dir='ltr'><strong>ουνυποστᾶν.</strong></span> <span class='ocrx_word' id='word_1_139' title='bbox 508 1621 550 1686; x_wconf 83' lang='grc' dir='ltr'><em>Ὃ</em></span> <span class='ocrx_word' id='word_1_140' title='bbox 575 1624 660 1710; x_wconf 83' lang='grc' dir='ltr'><strong>εἴπερ</strong></span> <span class='ocrx_word' id='word_1_141' title='bbox 684 1620 834 1694; x_wconf 87' lang='grc' dir='ltr'><strong>ἀκίνητόν</strong></span> <span class='ocrx_word' id='word_1_142' title='bbox 857 1624 953 1700; x_wconf 82' lang='grc' dir='ltr'><strong>ἐστιν,</strong></span> <span class='ocrx_word' id='word_1_143' title='bbox 976 1618 1103 1694; x_wconf 85' lang='grc' dir='ltr'><strong>πάντως</strong></span> <span class='ocrx_word' id='word_1_144' title='bbox 1125 1621 1171 1691; x_wconf 78' lang='grc' dir='ltr'><strong>εἴη</strong></span> <span class='ocrx_word' id='word_1_145' title='bbox 1198 1617 1234 1684; x_wconf 86' lang='grc' dir='ltr'><strong>ἀν</strong></span> <span class='ocrx_word' id='word_1_146' title='bbox 1259 1619 1314 1685; x_wconf 89' lang='grc' dir='ltr'><strong>καί</strong></span> <span class='ocrx_word' id='word_1_147' title='bbox 1338 1621 1503 1710; x_wconf 89' lang='grc' dir='ltr'><strong>ἀγένητον·</strong></span> <span class='ocrx_word' id='word_1_148' title='bbox 1519 1631 1606 1687; x_wconf 86' lang='grc' dir='ltr'><strong>πᾶσα</strong></span> <span class='ocrx_word' id='word_1_149' title='bbox 1629 1621 1689 1713; x_wconf 89' lang='grc' dir='ltr'><strong>γάρ</strong></span> <span class='ocrx_word' id='word_1_150' title='bbox 1713 1623 1831 1714; x_wconf 82' lang='grc' dir='ltr'><strong>γένεσις</strong></span> 
     </span>
     <span class='ocr_line' id='line_1_12' title="bbox 282 1721 1830 1822; baseline -0.002 -24"><span class='ocrx_word' id='word_1_151' title='bbox 282 1731 302 1805; x_wconf 82' lang='grc' dir='ltr'><strong>ή</strong></span> <span class='ocrx_word' id='word_1_152' title='bbox 320 1734 439 1808; x_wconf 89' lang='grc' dir='ltr'><strong>κίνησις</strong></span> <span class='ocrx_word' id='word_1_153' title='bbox 456 1735 551 1812; x_wconf 83' lang='grc' dir='ltr'><strong>ἐστιν,</strong></span> <span class='ocrx_word' id='word_1_154' title='bbox 568 1736 587 1804; x_wconf 78' lang='grc' dir='ltr'><strong>ἡ</strong></span> <span class='ocrx_word' id='word_1_155' title='bbox 607 1727 688 1820; x_wconf 88' lang='grc' dir='ltr'><strong>μετά</strong></span> <span class='ocrx_word' id='word_1_156' title='bbox 704 1753 786 1805; x_wconf 89' lang='grc' dir='ltr'><strong>τινος</strong></span> <span class='ocrx_word' id='word_1_157' title='bbox 803 1729 961 1803; x_wconf 89' lang='grc' dir='ltr'><strong>κινήσεως·</strong></span> <span class='ocrx_word' id='word_1_158' title='bbox 979 1731 1006 1793; x_wconf 87' lang='grc' dir='ltr'><strong>εί</strong></span> <span class='ocrx_word' id='word_1_159' title='bbox 1023 1721 1086 1810; x_wconf 81' lang='grc' dir='ltr'><strong>οὖν,</strong></span> <span class='ocrx_word' id='word_1_160' title='bbox 1102 1727 1156 1792; x_wconf 87' lang='grc' dir='ltr'><strong>καὶ</strong></span> <span class='ocrx_word' id='word_1_161' title='bbox 1173 1728 1231 1791; x_wconf 88' lang='grc' dir='ltr'><strong>ὑπό</strong></span> <span class='ocrx_word' id='word_1_162' title='bbox 1248 1752 1330 1804; x_wconf 91' lang='grc' dir='ltr'><strong>τινος</strong></span> <span class='ocrx_word' id='word_1_163' title='bbox 1354 1730 1484 1818; x_wconf 89' lang='grc' dir='ltr'><strong>γίνεται,</strong></span> <span class='ocrx_word' id='word_1_164' title='bbox 1502 1730 1556 1794; x_wconf 84' lang='grc' dir='ltr'><strong>καί</strong></span> <span class='ocrx_word' id='word_1_165' title='bbox 1570 1730 1629 1795; x_wconf 84' lang='grc' dir='ltr'><strong>ὑπό</strong></span> <span class='ocrx_word' id='word_1_166' title='bbox 1648 1731 1830 1822; x_wconf 78' lang='grc' dir='ltr'><strong>κινουμένου</strong></span> 
     </span>
     <span class='ocr_line' id='line_1_13' title="bbox 282 1827 1830 1934; baseline -0.003 -26"><span class='ocrx_word' id='word_1_167' title='bbox 282 1867 319 1934; x_wconf 87' lang='grc' dir='ltr'><strong>γε</strong></span> <span class='ocrx_word' id='word_1_168' title='bbox 335 1841 459 1908; x_wconf 90' lang='grc' dir='ltr'><strong>τοότου·</strong></span> <span class='ocrx_word' id='word_1_169' title='bbox 478 1839 515 1905; x_wconf 91' lang='grc' dir='ltr'><strong>τό</strong></span> <span class='ocrx_word' id='word_1_170' title='bbox 533 1830 566 1904; x_wconf 88' lang='grc' dir='ltr'><strong>δὲ</strong></span> <span class='ocrx_word' id='word_1_171' title='bbox 582 1839 760 1930; x_wconf 84' lang='grc' dir='ltr'><strong>κινοόριενον</strong></span> <span class='ocrx_word' id='word_1_172' title='bbox 778 1841 809 1904; x_wconf 85' lang='grc' dir='ltr'><strong>ἐν</strong></span> <span class='ocrx_word' id='word_1_173' title='bbox 826 1838 933 1920; x_wconf 85' lang='grc' dir='ltr'><strong>ταότῳ</strong></span> <span class='ocrx_word' id='word_1_174' title='bbox 951 1837 1051 1925; x_wconf 91' lang='grc' dir='ltr'><strong>μένειν</strong></span> <span class='ocrx_word' id='word_1_175' title='bbox 1076 1827 1241 1920; x_wconf 80' lang='grc' dir='ltr'><strong>ἀδύνατον,</strong></span> <span class='ocrx_word' id='word_1_176' title='bbox 1258 1839 1289 1902; x_wconf 84' lang='grc' dir='ltr'><strong>ἐν</strong></span> <span class='ocrx_word' id='word_1_177' title='bbox 1307 1837 1392 1927; x_wconf 86' lang='grc' dir='ltr'><strong>μέρει</strong></span> <span class='ocrx_word' id='word_1_178' title='bbox 1408 1838 1572 1929; x_wconf 87' lang='grc' dir='ltr'><strong>γενόμενον</strong></span> <span class='ocrx_word' id='word_1_179' title='bbox 1589 1849 1646 1914; x_wconf 77' lang='grc' dir='ltr'><strong>τῆς</strong></span> <span class='ocrx_word' id='word_1_180' title='bbox 1670 1840 1830 1920; x_wconf 88' lang='grc' dir='ltr'><strong>κινήσεως,</strong></span> 
     </span>
     <span class='ocr_line' id='line_1_14' title="bbox 281 1938 1832 2039; baseline -0.003 -23"><span class='ocrx_word' id='word_1_181' title='bbox 281 1955 333 2016; x_wconf 80' lang='grc' dir='ltr'><strong>ὑπ’</strong></span> <span class='ocrx_word' id='word_1_182' title='bbox 351 1949 450 2015; x_wconf 87' lang='grc' dir='ltr'><strong>ἄλλον</strong></span> <span class='ocrx_word' id='word_1_183' title='bbox 468 1949 576 2039; x_wconf 84' lang='grc' dir='ltr'><strong>μέρους</strong></span> <span class='ocrx_word' id='word_1_184' title='bbox 594 1950 692 2023; x_wconf 83' lang='grc' dir='ltr'><strong>αὐτῆς</strong></span> <span class='ocrx_word' id='word_1_185' title='bbox 708 1944 910 2036; x_wconf 85' lang='grc' dir='ltr'><strong>φθαρήσεται·</strong></span> <span class='ocrx_word' id='word_1_186' title='bbox 926 1954 983 2010; x_wconf 88' lang='grc' dir='ltr'><strong>τοῦ</strong></span> <span class='ocrx_word' id='word_1_187' title='bbox 999 1942 1059 2037; x_wconf 91' lang='grc' dir='ltr'><strong>γάρ</strong></span> <span class='ocrx_word' id='word_1_188' title='bbox 1077 1945 1179 2008; x_wconf 83' lang='grc' dir='ltr'><strong>αἰτίου</strong></span> <span class='ocrx_word' id='word_1_189' title='bbox 1196 1943 1239 2032; x_wconf 90' lang='grc' dir='ltr'><strong>μή</strong></span> <span class='ocrx_word' id='word_1_190' title='bbox 1257 1943 1346 2021; x_wconf 84' lang='grc' dir='ltr'><strong>ὄντος</strong></span> <span class='ocrx_word' id='word_1_191' title='bbox 1356 1945 1383 2031; x_wconf 82' lang='lat'><strong>⁸)</strong></span> <span class='ocrx_word' id='word_1_192' title='bbox 1398 1939 1476 2011; x_wconf 87' lang='grc' dir='ltr'><strong>είναι</strong></span> <span class='ocrx_word' id='word_1_193' title='bbox 1491 1945 1529 2010; x_wconf 83' lang='grc' dir='ltr'><strong>τό</strong></span> <span class='ocrx_word' id='word_1_194' title='bbox 1550 1948 1701 2023; x_wconf 83' lang='grc' dir='ltr'><strong>αἰτιατόν,</strong></span> <span class='ocrx_word' id='word_1_195' title='bbox 1719 1938 1832 2012; x_wconf 87' lang='grc' dir='ltr'><strong>ἀδόνα-</strong></span> 
     </span>
     <span class='ocr_line' id='line_1_15' title="bbox 281 2047 1832 2142; baseline -0.004 -17"><span class='ocrx_word' id='word_1_196' title='bbox 281 2083 348 2127; x_wconf 91' lang='grc' dir='ltr'><strong>τον.</strong></span> <span class='ocrx_word' id='word_1_197' title='bbox 362 2057 512 2132; x_wconf 84' lang='grc' dir='ltr'><strong>Λυθείσης</strong></span> <span class='ocrx_word' id='word_1_198' title='bbox 530 2049 581 2120; x_wconf 79' lang='grc' dir='ltr'><strong>οὖν</strong></span> <span class='ocrx_word' id='word_1_199' title='bbox 599 2065 657 2130; x_wconf 76' lang='grc' dir='ltr'><strong>τῆς</strong></span> <span class='ocrx_word' id='word_1_200' title='bbox 674 2053 897 2128; x_wconf 85' lang='grc' dir='ltr'><strong>όποστήσασης</strong></span> <span class='ocrx_word' id='word_1_201' title='bbox 915 2053 992 2116; x_wconf 80' lang='grc' dir='ltr'><strong>αὐτο</strong></span> <span class='ocrx_word' id='word_1_202' title='bbox 1009 2051 1158 2126; x_wconf 85' lang='grc' dir='ltr'><strong>κινήσεως</strong></span> <span class='ocrx_word' id='word_1_203' title='bbox 1171 2047 1375 2140; x_wconf 82' lang='grc' dir='ltr'><strong>φθαρήσεται,</strong></span> <span class='ocrx_word' id='word_1_204' title='bbox 1388 2053 1437 2117; x_wconf 86' lang='grc' dir='ltr'><strong>ότι</strong></span> <span class='ocrx_word' id='word_1_205' title='bbox 1453 2051 1513 2142; x_wconf 91' lang='grc' dir='ltr'><strong>γάρ</strong></span> <span class='ocrx_word' id='word_1_206' title='bbox 1526 2055 1561 2117; x_wconf 83' lang='grc' dir='ltr'><strong>οὐ</strong></span> <span class='ocrx_word' id='word_1_207' title='bbox 1577 2053 1680 2129; x_wconf 81' lang='grc' dir='ltr'><strong>πάσης</strong></span> <span class='ocrx_word' id='word_1_208' title='bbox 1696 2050 1735 2130; x_wconf 85' lang='grc' dir='ltr'><strong>ήν</strong></span> <span class='ocrx_word' id='word_1_209' title='bbox 1752 2058 1832 2119; x_wconf 89' lang='grc' dir='ltr'><strong>ἀπο-</strong></span> 
     </span>
     <span class='ocr_line' id='line_1_16' title="bbox 228 2151 1827 2255; baseline -0.001 -23"><span class='ocrx_word' id='word_1_210' title='bbox 228 2174 253 2215; x_wconf 69' lang='lat'><strong>1‘</strong></span> <span class='ocrx_word' id='word_1_211' title='bbox 281 2167 421 2255; x_wconf 87' lang='grc' dir='ltr'><strong>τέλεσμα</strong></span> <span class='ocrx_word' id='word_1_212' title='bbox 434 2174 492 2240; x_wconf 82' lang='grc' dir='ltr'><strong>τῆς</strong></span> <span class='ocrx_word' id='word_1_213' title='bbox 505 2163 665 2244; x_wconf 87' lang='grc' dir='ltr'><strong>κινήσεως,</strong></span> <span class='ocrx_word' id='word_1_214' title='bbox 681 2151 775 2233; x_wconf 84' lang='grc' dir='ltr'><strong>δηλοῖ</strong></span> <span class='ocrx_word' id='word_1_215' title='bbox 789 2161 826 2226; x_wconf 83' lang='grc' dir='ltr'><strong>τό</strong></span> <span class='ocrx_word' id='word_1_216' title='bbox 843 2159 1057 2250; x_wconf 86' lang='grc' dir='ltr'><strong>καὶπρότερον</strong></span> <span class='ocrx_word' id='word_1_217' title='bbox 1070 2157 1305 2247; x_wconf 69' lang='grc' dir='ltr'><strong>κινείσθαιίρτό</strong></span> <span class='ocrx_word' id='word_1_218' title='bbox 1319 2161 1420 2224; x_wconf 90' lang='grc' dir='ltr'><strong>αίτιον</strong></span> <span class='ocrx_word' id='word_1_219' title='bbox 1432 2171 1490 2236; x_wconf 78' lang='grc' dir='ltr'><strong>τῆς</strong></span> <span class='ocrx_word' id='word_1_220' title='bbox 1506 2160 1621 2226; x_wconf 86' lang='grc' dir='ltr'><strong>τοότου</strong></span> <span class='ocrx_word' id='word_1_221' title='bbox 1638 2162 1827 2239; x_wconf 85' lang='grc' dir='ltr'><strong>συστάσεως.</strong></span> 
     </span>
     <span class='ocr_line' id='line_1_17' title="bbox 282 2260 1828 2363; baseline -0.003 -23"><span class='ocrx_word' id='word_1_222' title='bbox 282 2280 318 2340; x_wconf 83' lang='lat' dir='ltr'><em>Ei</em></span> <span class='ocrx_word' id='word_1_223' title='bbox 335 2266 368 2339; x_wconf 78' lang='grc' dir='ltr'><strong>δὲ</strong></span> <span class='ocrx_word' id='word_1_224' title='bbox 384 2279 419 2340; x_wconf 85' lang='grc' dir='ltr'><strong>ἑκ</strong></span> <span class='ocrx_word' id='word_1_225' title='bbox 437 2273 545 2363; x_wconf 85' lang='grc' dir='ltr'><strong>μέρους</strong></span> <span class='ocrx_word' id='word_1_226' title='bbox 561 2273 629 2336; x_wconf 74' lang='grc' dir='ltr'><strong>ἔστι</strong></span> <span class='ocrx_word' id='word_1_227' title='bbox 644 2281 702 2345; x_wconf 81' lang='grc' dir='ltr'><strong>της</strong></span> <span class='ocrx_word' id='word_1_228' title='bbox 719 2269 879 2351; x_wconf 85' lang='grc' dir='ltr'><strong>κινήσεως,</strong></span> <span class='ocrx_word' id='word_1_229' title='bbox 896 2270 1012 2334; x_wconf 84' lang='grc' dir='ltr'><strong>ἐκείνου</strong></span> <span class='ocrx_word' id='word_1_230' title='bbox 1029 2260 1270 2345; x_wconf 82' lang='grc' dir='ltr'><strong>καταλήξαντος</strong></span> <span class='ocrx_word' id='word_1_231' title='bbox 1288 2271 1344 2332; x_wconf 81' lang='grc' dir='ltr'><strong>οὐκ</strong></span> <span class='ocrx_word' id='word_1_232' title='bbox 1363 2269 1463 2337; x_wconf 86' lang='grc' dir='ltr'><strong>ἔσται.</strong></span> <span class='ocrx_word' id='word_1_233' title='bbox 1483 2307 1524 2317; x_wconf 93' lang='grc'>-</span> <span class='ocrx_word' id='word_1_234' title='bbox 1542 2267 1638 2334; x_wconf 83' lang='grc' dir='ltr'><strong>Πόθεν</strong></span> <span class='ocrx_word' id='word_1_235' title='bbox 1656 2260 1706 2349; x_wconf 70' lang='grc' dir='ltr'><strong>δίς</strong></span> <span class='ocrx_word' id='word_1_236' title='bbox 1724 2271 1774 2335; x_wconf 90' lang='grc' dir='ltr'><strong>ότι</strong></span> <span class='ocrx_word' id='word_1_237' title='bbox 1789 2274 1828 2335; x_wconf 86' lang='grc' dir='ltr'><strong>τό</strong></span> 
     </span>
     <span class='ocr_line' id='line_1_18' title="bbox 283 2366 1830 2474; baseline -0.004 -26"><span class='ocrx_word' id='word_1_238' title='bbox 283 2383 419 2474; x_wconf 83' lang='grc' dir='ltr'><strong>φθαρτόν</strong></span> <span class='ocrx_word' id='word_1_239' title='bbox 436 2380 582 2472; x_wconf 87' lang='grc' dir='ltr'><strong>γενητόν.</strong></span> <span class='ocrx_word' id='word_1_240' title='bbox 599 2385 635 2444; x_wconf 85' lang='grc' dir='ltr'><strong>Εἰ</strong></span> <span class='ocrx_word' id='word_1_241' title='bbox 650 2378 710 2469; x_wconf 90' lang='grc' dir='ltr'><strong>γάρ</strong></span> <span class='ocrx_word' id='word_1_242' title='bbox 728 2377 863 2468; x_wconf 89' lang='grc' dir='ltr'><strong>φθαρτόν</strong></span> <span class='ocrx_word' id='word_1_243' title='bbox 881 2382 976 2462; x_wconf 86' lang='grc' dir='ltr'><strong>ἐστιν,</strong></span> <span class='ocrx_word' id='word_1_244' title='bbox 992 2376 1057 2465; x_wconf 77' lang='grc' dir='ltr'><strong>ἔχει</strong></span> <span class='ocrx_word' id='word_1_245' title='bbox 1072 2400 1104 2440; x_wconf 92' lang='grc' dir='ltr'><strong>τι</strong></span> <span class='ocrx_word' id='word_1_246' title='bbox 1120 2377 1270 2460; x_wconf 85' lang='grc' dir='ltr'><strong>ἐναντίον,</strong></span> <span class='ocrx_word' id='word_1_247' title='bbox 1286 2380 1384 2441; x_wconf 84' lang='grc' dir='ltr'><strong>έκεῖνο</strong></span> <span class='ocrx_word' id='word_1_248' title='bbox 1401 2366 1503 2450; x_wconf 89' lang='grc' dir='ltr'><strong>δήπου</strong></span> <span class='ocrx_word' id='word_1_249' title='bbox 1519 2377 1557 2441; x_wconf 86' lang='grc' dir='ltr'><strong>τό</strong></span> <span class='ocrx_word' id='word_1_250' title='bbox 1574 2376 1743 2467; x_wconf 84' lang='grc' dir='ltr'><strong>φθαρτικόν</strong></span> <span class='ocrx_word' id='word_1_251' title='bbox 1758 2383 1830 2444; x_wconf 73' lang='lat' dir='ltr'><em>izu-</em></span> 
     </span>
     <span class='ocr_line' id='line_1_19' title="bbox 282 2474 1828 2580; baseline -0.005 -24"><span class='ocrx_word' id='word_1_252' title='bbox 282 2501 348 2558; x_wconf 82' lang='grc' dir='ltr'><strong>τοῦ·</strong></span> <span class='ocrx_word' id='word_1_253' title='bbox 366 2488 525 2579; x_wconf 88' lang='grc' dir='ltr'><strong>φθείρεται</strong></span> <span class='ocrx_word' id='word_1_254' title='bbox 541 2485 602 2580; x_wconf 88' lang='grc' dir='ltr'><strong>γάρ</strong></span> <span class='ocrx_word' id='word_1_255' title='bbox 618 2491 670 2551; x_wconf 80' lang='grc' dir='ltr'><strong>ὑπ’</strong></span> <span class='ocrx_word' id='word_1_256' title='bbox 688 2488 829 2550; x_wconf 78' lang='grc' dir='ltr'><strong>ἐναντίου</strong></span> <span class='ocrx_word' id='word_1_257' title='bbox 846 2493 908 2549; x_wconf 84' lang='grc' dir='ltr'><strong>πᾶν</strong></span> <span class='ocrx_word' id='word_1_258' title='bbox 925 2486 963 2548; x_wconf 86' lang='grc' dir='ltr'><strong>τό</strong></span> <span class='ocrx_word' id='word_1_259' title='bbox 979 2483 1186 2575; x_wconf 89' lang='grc' dir='ltr'><strong>φθειρόμενον.</strong></span> <span class='ocrx_word' id='word_1_260' title='bbox 1205 2489 1239 2548; x_wconf 85' lang='grc' dir='ltr'><strong>Εἰ</strong></span> <span class='ocrx_word' id='word_1_261' title='bbox 1256 2474 1289 2549; x_wconf 86' lang='grc' dir='ltr'><strong>δέ</strong></span> <span class='ocrx_word' id='word_1_262' title='bbox 1305 2485 1373 2573; x_wconf 80' lang='grc' dir='ltr'><strong>ἔχοι</strong></span> <span class='ocrx_word' id='word_1_263' title='bbox 1389 2486 1539 2562; x_wconf 77' lang='grc' dir='ltr'><strong>ἐναντίον,</strong></span> <span class='ocrx_word' id='word_1_264' title='bbox 1560 2484 1579 2558; x_wconf 85' lang='grc' dir='ltr'><strong>ή</strong></span> <span class='ocrx_word' id='word_1_265' title='bbox 1598 2479 1697 2566; x_wconf 75' lang='grc' dir='ltr'><strong>καίὲξ</strong></span> <span class='ocrx_word' id='word_1_266' title='bbox 1713 2487 1828 2552; x_wconf 77' lang='grc' dir='ltr'><strong>ἐκείνου</strong></span> 
     </span>
     <span class='ocr_line' id='line_1_20' title="bbox 282 2590 1829 2683; baseline 0 -20"><span class='ocrx_word' id='word_1_267' title='bbox 282 2591 353 2676; x_wconf 91' lang='grc' dir='ltr'><strong>όδός</strong></span> <span class='ocrx_word' id='word_1_268' title='bbox 376 2604 460 2664; x_wconf 76' lang='grc' dir='ltr'><strong>ἐστιν</strong></span> <span class='ocrx_word' id='word_1_269' title='bbox 484 2601 525 2674; x_wconf 81' lang='grc' dir='ltr'><strong>τίς</strong></span> <span class='ocrx_word' id='word_1_270' title='bbox 549 2594 638 2677; x_wconf 84' lang='grc' dir='ltr'><strong>αὐτό,</strong></span> <span class='ocrx_word' id='word_1_271' title='bbox 662 2593 716 2659; x_wconf 86' lang='grc' dir='ltr'><strong>καί</strong></span> <span class='ocrx_word' id='word_1_272' title='bbox 740 2597 784 2666; x_wconf 82' lang='grc' dir='ltr'><strong>εἴη</strong></span> <span class='ocrx_word' id='word_1_273' title='bbox 811 2593 848 2658; x_wconf 87' lang='grc' dir='ltr'><strong>ἄν</strong></span> <span class='ocrx_word' id='word_1_274' title='bbox 872 2592 1016 2683; x_wconf 89' lang='grc' dir='ltr'><strong>γενητόν·</strong></span> <span class='ocrx_word' id='word_1_275' title='bbox 1040 2591 1060 2665; x_wconf 82' lang='grc' dir='ltr'><strong>ή</strong></span> <span class='ocrx_word' id='word_1_276' title='bbox 1085 2590 1253 2681; x_wconf 86' lang='grc' dir='ltr'><strong>φθαρέντος</strong></span> <span class='ocrx_word' id='word_1_277' title='bbox 1270 2598 1377 2676; x_wconf 79' lang='grc' dir='ltr'><strong>αὑτοῦ,</strong></span> <span class='ocrx_word' id='word_1_278' title='bbox 1396 2593 1495 2682; x_wconf 80' lang='grc' dir='ltr'><strong>μόνως</strong></span> <span class='ocrx_word' id='word_1_279' title='bbox 1517 2595 1587 2676; x_wconf 85' lang='lat' dir='ltr'><strong>(fol.</strong></span> <span class='ocrx_word' id='word_1_280' title='bbox 1605 2597 1648 2662; x_wconf 83' lang='grc'><strong>34</strong></span> <span class='ocrx_word' id='word_1_281' title='bbox 1672 2595 1718 2680; x_wconf 84' lang='grc' dir='ltr'><strong>ν.)</strong></span> <span class='ocrx_word' id='word_1_282' title='bbox 1740 2597 1829 2661; x_wconf 81' lang='grc' dir='ltr'><strong>ἔσται</strong></span> 
     </span>
     <span class='ocr_line' id='line_1_21' title="bbox 228 2692 1826 2797; baseline -0.002 -28"><span class='ocrx_word' id='word_1_283' title='bbox 228 2729 256 2770; x_wconf 84' lang='grc' dir='ltr'><strong>ιο</strong></span> <span class='ocrx_word' id='word_1_284' title='bbox 281 2709 463 2773; x_wconf 83' lang='grc' dir='ltr'><strong>τούναντίον</strong></span> <span class='ocrx_word' id='word_1_285' title='bbox 487 2704 615 2797; x_wconf 84' lang='grc' dir='ltr'><strong>γεγονός</strong></span> <span class='ocrx_word' id='word_1_286' title='bbox 631 2702 685 2768; x_wconf 86' lang='grc' dir='ltr'><strong>καί</strong></span> <span class='ocrx_word' id='word_1_287' title='bbox 701 2700 857 2792; x_wconf 81' lang='grc' dir='ltr'><strong>ἄφθαρτον</strong></span> <span class='ocrx_word' id='word_1_288' title='bbox 874 2701 990 2789; x_wconf 86' lang='grc' dir='ltr'><strong>μηκέτι</strong></span> <span class='ocrx_word' id='word_1_289' title='bbox 1006 2705 1046 2776; x_wconf 86' lang='grc' dir='ltr'><strong>εὶς</strong></span> <span class='ocrx_word' id='word_1_290' title='bbox 1063 2703 1161 2765; x_wconf 85' lang='grc' dir='ltr'><strong>ἐκεῖνο</strong></span> <span class='ocrx_word' id='word_1_291' title='bbox 1186 2692 1389 2788; x_wconf 76' lang='grc' dir='ltr'><strong>μεταόάλλον</strong></span> <span class='ocrx_word' id='word_1_292' title='bbox 1400 2699 1436 2788; x_wconf 80' lang='grc'><strong>5)·</strong></span> <span class='ocrx_word' id='word_1_293' title='bbox 1461 2693 1619 2767; x_wconf 74' lang='grc' dir='ltr'><strong>δέδεικται</strong></span> <span class='ocrx_word' id='word_1_294' title='bbox 1637 2692 1674 2766; x_wconf 88' lang='grc' dir='ltr'><strong>δι’</strong></span> <span class='ocrx_word' id='word_1_295' title='bbox 1692 2704 1743 2768; x_wconf 90' lang='grc' dir='ltr'><strong>ότι</strong></span> <span class='ocrx_word' id='word_1_296' title='bbox 1765 2713 1826 2768; x_wconf 75' lang='grc' dir='ltr'><strong>πᾶν</strong></span> 
     </span>
     <span class='ocr_line' id='line_1_22' title="bbox 283 2799 1829 2909; baseline -0.005 -28"><span class='ocrx_word' id='word_1_297' title='bbox 283 2815 418 2909; x_wconf 83' lang='grc' dir='ltr'><strong>γενητόν</strong></span> <span class='ocrx_word' id='word_1_298' title='bbox 442 2811 590 2903; x_wconf 81' lang='grc' dir='ltr'><strong>φθαρτόν,</strong></span> <span class='ocrx_word' id='word_1_299' title='bbox 613 2809 809 2900; x_wconf 89' lang='grc' dir='ltr'><strong>φθαρήσεται</strong></span> <span class='ocrx_word' id='word_1_300' title='bbox 832 2809 902 2899; x_wconf 76' lang='grc' dir='ltr'><strong>ἄρα’</strong></span> <span class='ocrx_word' id='word_1_301' title='bbox 919 2807 1017 2899; x_wconf 89' lang='grc' dir='ltr'><strong>φθορά</strong></span> <span class='ocrx_word' id='word_1_302' title='bbox 1034 2799 1068 2872; x_wconf 84' lang='grc' dir='ltr'><strong>δέ</strong></span> <span class='ocrx_word' id='word_1_303' title='bbox 1083 2807 1154 2898; x_wconf 88' lang='grc' dir='ltr'><strong>παρΙ</strong></span> <span class='ocrx_word' id='word_1_304' title='bbox 1172 2810 1315 2874; x_wconf 87' lang='grc' dir='ltr'><strong>Ιεναντίου</strong></span> <span class='ocrx_word' id='word_1_305' title='bbox 1332 2809 1370 2874; x_wconf 82' lang='grc' dir='ltr'><strong>τό</strong></span> <span class='ocrx_word' id='word_1_306' title='bbox 1393 2810 1544 2892; x_wconf 76' lang='grc' dir='ltr'><strong>ἐναντίον,</strong></span> <span class='ocrx_word' id='word_1_307' title='bbox 1569 2811 1652 2875; x_wconf 85' lang='grc' dir='ltr'><strong>ὥστε</strong></span> <span class='ocrx_word' id='word_1_308' title='bbox 1675 2815 1771 2876; x_wconf 80' lang='grc' dir='ltr'><strong>ἐκεῖνο</strong></span> <span class='ocrx_word' id='word_1_309' title='bbox 1794 2815 1829 2876; x_wconf 71' lang='grc' dir='ltr'><strong>ἐκ</strong></span> 
     </span>
     <span class='ocr_line' id='line_1_23' title="bbox 283 2907 1830 3014; baseline -0.005 -24"><span class='ocrx_word' id='word_1_310' title='bbox 283 2923 398 2991; x_wconf 89' lang='grc' dir='ltr'><strong>τοότου</strong></span> <span class='ocrx_word' id='word_1_311' title='bbox 415 2921 593 3014; x_wconf 83' lang='grc' dir='ltr'><strong>γενήσεται·</strong></span> <span class='ocrx_word' id='word_1_312' title='bbox 609 2921 665 2985; x_wconf 86' lang='grc' dir='ltr'><strong>οὐκ</strong></span> <span class='ocrx_word' id='word_1_313' title='bbox 680 2917 741 3009; x_wconf 91' lang='grc' dir='ltr'><strong>ἀρα</strong></span> <span class='ocrx_word' id='word_1_314' title='bbox 758 2919 911 3008; x_wconf 86' lang='grc' dir='ltr'><strong>ἀγένητον</strong></span> <span class='ocrx_word' id='word_1_315' title='bbox 929 2913 976 2992; x_wconf 84' lang='grc' dir='ltr'><strong>ήν.</strong></span> <span class='ocrx_word' id='word_1_316' title='bbox 994 2915 1152 2981; x_wconf 92' lang='grc' dir='ltr'><strong>-Πόθεν</strong></span> <span class='ocrx_word' id='word_1_317' title='bbox 1170 2907 1220 2994; x_wconf 87' lang='grc' dir='ltr'><strong>δέ;</strong></span> <span class='ocrx_word' id='word_1_318' title='bbox 1237 2917 1287 2982; x_wconf 88' lang='grc' dir='ltr'><strong>ότι</strong></span> <span class='ocrx_word' id='word_1_319' title='bbox 1302 2926 1364 2981; x_wconf 85' lang='grc' dir='ltr'><strong>πᾶν</strong></span> <span class='ocrx_word' id='word_1_320' title='bbox 1380 2917 1418 2982; x_wconf 85' lang='grc' dir='ltr'><strong>τό</strong></span> <span class='ocrx_word' id='word_1_321' title='bbox 1435 2918 1600 3008; x_wconf 85' lang='grc' dir='ltr'><strong>ἀγένητον,</strong></span> <span class='ocrx_word' id='word_1_322' title='bbox 1618 2917 1784 3010; x_wconf 85' lang='grc' dir='ltr'><strong>ἄφθαρτον,</strong></span> <span class='ocrx_word' id='word_1_323' title='bbox 1803 2925 1830 2984; x_wconf 83' lang='grc' dir='ltr'><strong>εἰ</strong></span> 
     </span>
     <span class='ocr_line' id='line_1_24' title="bbox 283 3015 1828 3126; baseline -0.005 -27"><span class='ocrx_word' id='word_1_324' title='bbox 283 3034 352 3126; x_wconf 66' lang='grc' dir='ltr'><strong>γὰρ’</strong></span> <span class='ocrx_word' id='word_1_325' title='bbox 367 3031 513 3124; x_wconf 83' lang='grc' dir='ltr'><strong>φθαρτόν·</strong></span> <span class='ocrx_word' id='word_1_326' title='bbox 529 3020 715 3119; x_wconf 80' lang='grc' dir='ltr'><strong>δεδείχαμεν</strong></span> <span class='ocrx_word' id='word_1_327' title='bbox 733 3015 767 3092; x_wconf 86' lang='grc' dir='ltr'><strong>δέ</strong></span> <span class='ocrx_word' id='word_1_328' title='bbox 783 3027 833 3091; x_wconf 88' lang='grc' dir='ltr'><strong>ότι</strong></span> <span class='ocrx_word' id='word_1_329' title='bbox 847 3035 909 3090; x_wconf 84' lang='grc' dir='ltr'><strong>πᾶν</strong></span> <span class='ocrx_word' id='word_1_330' title='bbox 926 3023 1063 3116; x_wconf 86' lang='grc' dir='ltr'><strong>φθαρτόν</strong></span> <span class='ocrx_word' id='word_1_331' title='bbox 1080 3025 1225 3117; x_wconf 85' lang='grc' dir='ltr'><strong>γενητόν,</strong></span> <span class='ocrx_word' id='word_1_332' title='bbox 1243 3027 1332 3091; x_wconf 82' lang='grc' dir='ltr'><strong>ἔσται</strong></span> <span class='ocrx_word' id='word_1_333' title='bbox 1348 3027 1385 3090; x_wconf 84' lang='grc' dir='ltr'><strong>τό</strong></span> <span class='ocrx_word' id='word_1_334' title='bbox 1402 3026 1556 3117; x_wconf 87' lang='grc' dir='ltr'><strong>ἀγένητον</strong></span> <span class='ocrx_word' id='word_1_335' title='bbox 1579 3028 1722 3119; x_wconf 84' lang='grc' dir='ltr'><strong>γενητόν,</strong></span> <span class='ocrx_word' id='word_1_336' title='bbox 1747 3029 1828 3092; x_wconf 80' lang='grc' dir='ltr'><strong>ὥστε</strong></span> 
     </span>
     <span class='ocr_line' id='line_1_25' title="bbox 282 3125 1829 3232; baseline -0.005 -25"><span class='ocrx_word' id='word_1_337' title='bbox 282 3143 321 3208; x_wconf 86' lang='grc' dir='ltr'><strong>τό</strong></span> <span class='ocrx_word' id='word_1_338' title='bbox 345 3141 500 3232; x_wconf 89' lang='grc' dir='ltr'><strong>ἀγένητον</strong></span> <span class='ocrx_word' id='word_1_339' title='bbox 524 3136 691 3228; x_wconf 91' lang='grc' dir='ltr'><strong>ἄφθαρτον.</strong></span> <span class='ocrx_word' id='word_1_340' title='bbox 715 3136 847 3224; x_wconf 82' lang='grc' dir='ltr'><strong>Ὁμοίως</strong></span> <span class='ocrx_word' id='word_1_341' title='bbox 871 3125 906 3199; x_wconf 83' lang='grc' dir='ltr'><strong>δὲ</strong></span> <span class='ocrx_word' id='word_1_342' title='bbox 921 3133 975 3198; x_wconf 89' lang='grc' dir='ltr'><strong>καί</strong></span> <span class='ocrx_word' id='word_1_343' title='bbox 991 3135 1028 3198; x_wconf 81' lang='grc' dir='ltr'><strong>τό</strong></span> <span class='ocrx_word' id='word_1_344' title='bbox 1052 3131 1221 3224; x_wconf 88' lang='grc' dir='ltr'><strong>ἄφθαρτον,</strong></span> <span class='ocrx_word' id='word_1_345' title='bbox 1240 3134 1405 3224; x_wconf 84' lang='grc' dir='ltr'><strong>ἀγένητον.</strong></span> <span class='ocrx_word' id='word_1_346' title='bbox 1430 3139 1466 3198; x_wconf 84' lang='lat' dir='ltr'><em>Ei</em></span> <span class='ocrx_word' id='word_1_347' title='bbox 1488 3133 1548 3226; x_wconf 90' lang='grc' dir='ltr'><strong>γάρ</strong></span> <span class='ocrx_word' id='word_1_348' title='bbox 1571 3138 1717 3225; x_wconf 83' lang='grc' dir='ltr'><strong>γενητόν,</strong></span> <span class='ocrx_word' id='word_1_349' title='bbox 1740 3140 1829 3202; x_wconf 85' lang='grc' dir='ltr'><strong>ἔσται</strong></span> 
     </span>
     <span class='ocr_line' id='line_1_26' title="bbox 228 3235 1830 3342; baseline -0.006 -26"><span class='ocrx_word' id='word_1_350' title='bbox 228 3267 255 3305; x_wconf 73' lang='lat'><strong>²⁵</strong></span> <span class='ocrx_word' id='word_1_351' title='bbox 284 3250 419 3342; x_wconf 79' lang='grc' dir='ltr'><strong>φθαρτόν</strong></span> <span class='ocrx_word' id='word_1_352' title='bbox 442 3249 480 3313; x_wconf 85' lang='grc' dir='ltr'><strong>τό</strong></span> <span class='ocrx_word' id='word_1_353' title='bbox 505 3246 679 3337; x_wconf 89' lang='grc' dir='ltr'><strong>ἄφθαρτον·</strong></span> <span class='ocrx_word' id='word_1_354' title='bbox 704 3235 862 3308; x_wconf 87' lang='grc' dir='ltr'><strong>δέδεικται</strong></span> <span class='ocrx_word' id='word_1_355' title='bbox 886 3241 946 3332; x_wconf 88' lang='grc' dir='ltr'><strong>γάρ</strong></span> <span class='ocrx_word' id='word_1_356' title='bbox 970 3243 1020 3306; x_wconf 90' lang='grc' dir='ltr'><strong>ότι</strong></span> <span class='ocrx_word' id='word_1_357' title='bbox 1043 3251 1104 3306; x_wconf 80' lang='grc' dir='ltr'><strong>πᾶν</strong></span> <span class='ocrx_word' id='word_1_358' title='bbox 1128 3245 1166 3307; x_wconf 86' lang='grc' dir='ltr'><strong>τό</strong></span> <span class='ocrx_word' id='word_1_359' title='bbox 1190 3243 1341 3331; x_wconf 82' lang='grc' dir='ltr'><strong>γενητόν,</strong></span> <span class='ocrx_word' id='word_1_360' title='bbox 1365 3239 1511 3330; x_wconf 89' lang='grc' dir='ltr'><strong>φθαρτόν.</strong></span> <span class='ocrx_word' id='word_1_361' title='bbox 1537 3241 1584 3307; x_wconf 90' lang='grc' dir='ltr'><strong>Τά</strong></span> <span class='ocrx_word' id='word_1_362' title='bbox 1608 3241 1668 3331; x_wconf 86' lang='grc' dir='ltr'><strong>ἄρα</strong></span> <span class='ocrx_word' id='word_1_363' title='bbox 1691 3243 1830 3333; x_wconf 85' lang='grc' dir='ltr'><strong>τέσσαρα</strong></span> 
     </span>
     <span class='ocr_line' id='line_1_27' title="bbox 284 3341 1830 3446; baseline -0.006 -22"><span class='ocrx_word' id='word_1_364' title='bbox 284 3353 451 3446; x_wconf 75' lang='grc' dir='ltr'><strong>ἀξιώματα</strong></span> <span class='ocrx_word' id='word_1_365' title='bbox 476 3352 592 3436; x_wconf 83' lang='grc' dir='ltr'><strong>ἀληθῆ,</strong></span> <span class='ocrx_word' id='word_1_366' title='bbox 616 3343 781 3442; x_wconf 77' lang='grc' dir='ltr'><strong>ἠρτημένα</strong></span> <span class='ocrx_word' id='word_1_367' title='bbox 805 3341 887 3416; x_wconf 86' lang='grc' dir='ltr'><strong>δυεῖν</strong></span> <span class='ocrx_word' id='word_1_368' title='bbox 912 3343 1110 3438; x_wconf 79' lang='grc' dir='ltr'><strong>ἀξιωμάτων,</strong></span> <span class='ocrx_word' id='word_1_369' title='bbox 1135 3344 1177 3415; x_wconf 82' lang='grc' dir='ltr'><strong>ὧν</strong></span> <span class='ocrx_word' id='word_1_370' title='bbox 1203 3351 1239 3414; x_wconf 85' lang='grc' dir='ltr'><strong>τό</strong></span> <span class='ocrx_word' id='word_1_371' title='bbox 1256 3349 1312 3437; x_wconf 80' lang='grc' dir='ltr'><strong>μὲν</strong></span> <span class='ocrx_word' id='word_1_372' title='bbox 1328 3349 1426 3438; x_wconf 86' lang='grc' dir='ltr'><strong>λέγει,</strong></span> <span class='ocrx_word' id='word_1_373' title='bbox 1447 3349 1485 3413; x_wconf 87' lang='grc' dir='ltr'><strong>τό</strong></span> <span class='ocrx_word' id='word_1_374' title='bbox 1510 3349 1571 3413; x_wconf 78' lang='grc' dir='ltr'><strong>ἀπό</strong></span> <span class='ocrx_word' id='word_1_375' title='bbox 1596 3350 1747 3426; x_wconf 84' lang='grc' dir='ltr'><strong>ἀκινήτου</strong></span> <span class='ocrx_word' id='word_1_376' title='bbox 1769 3360 1830 3414; x_wconf 77' lang='grc' dir='ltr'><strong>πᾶν</strong></span> 
     </span>
     <span class='ocr_line' id='line_1_28' title="bbox 283 3449 1831 3552; baseline -0.006 -20"><span class='ocrx_word' id='word_1_377' title='bbox 283 3465 435 3548; x_wconf 84' lang='grc' dir='ltr'><strong>ὑποστὰν,</strong></span> <span class='ocrx_word' id='word_1_378' title='bbox 460 3455 684 3552; x_wconf 77' lang='grc' dir='ltr'><strong>ἀμετάόλητον</strong></span> <span class='ocrx_word' id='word_1_379' title='bbox 709 3453 786 3525; x_wconf 79' lang='grc' dir='ltr'><strong>εἶναι</strong></span> <span class='ocrx_word' id='word_1_380' title='bbox 809 3457 879 3524; x_wconf 84' lang='grc' dir='ltr'><strong>κατ’</strong></span> <span class='ocrx_word' id='word_1_381' title='bbox 905 3461 1030 3540; x_wconf 85' lang='grc' dir='ltr'><strong>οὐσίαν,</strong></span> <span class='ocrx_word' id='word_1_382' title='bbox 1054 3459 1092 3523; x_wconf 83' lang='grc' dir='ltr'><strong>τό</strong></span> <span class='ocrx_word' id='word_1_383' title='bbox 1116 3449 1151 3523; x_wconf 86' lang='grc' dir='ltr'><strong>δέ</strong></span> <span class='ocrx_word' id='word_1_384' title='bbox 1175 3458 1235 3523; x_wconf 81' lang='grc' dir='ltr'><strong>ἀπὸ</strong></span> <span class='ocrx_word' id='word_1_385' title='bbox 1260 3457 1439 3546; x_wconf 88' lang='grc' dir='ltr'><strong>κινουμένου</strong></span> <span class='ocrx_word' id='word_1_386' title='bbox 1463 3465 1525 3522; x_wconf 83' lang='grc' dir='ltr'><strong>πᾶν</strong></span> <span class='ocrx_word' id='word_1_387' title='bbox 1550 3455 1707 3536; x_wconf 84' lang='grc' dir='ltr'><strong>όποστάν,</strong></span> <span class='ocrx_word' id='word_1_388' title='bbox 1731 3459 1831 3548; x_wconf 88' lang='grc' dir='ltr'><strong>μετά-</strong></span> 
     </span>
    </p>
   </div>
   <div class='ocr_carea' id='block_1_3' title="bbox 283 3567 742 3650">
    <p class='ocr_par' dir='ltr' id='par_1_3' title="bbox 283 3567 742 3650">
     <span class='ocr_line' id='line_1_29' title="bbox 283 3567 742 3650; baseline -0.015 -10"><span class='ocrx_word' id='word_1_389' title='bbox 283 3569 404 3650; x_wconf 78' lang='grc' dir='ltr'><strong>όλητον</strong></span> <span class='ocrx_word' id='word_1_390' title='bbox 427 3567 506 3640; x_wconf 84' lang='grc' dir='ltr'><strong>είναι</strong></span> <span class='ocrx_word' id='word_1_391' title='bbox 529 3570 600 3636; x_wconf 86' lang='grc' dir='ltr'><strong>κατ’</strong></span> <span class='ocrx_word' id='word_1_392' title='bbox 626 3570 742 3635; x_wconf 85' lang='grc' dir='ltr'><strong>οὐσίαν.</strong></span> 
     </span>
    </p>
   </div>
   <div class='ocr_carea' id='block_1_4' title="bbox 282 3783 1034 5392">
    <p class='ocr_par' dir='ltr' id='par_1_4' title="bbox 282 3783 1034 5392">
     <span class='ocr_line' id='line_1_30' title="bbox 321 3783 1031 3864; baseline -0.011 -20"><span class='ocrx_word' id='word_1_393' title='bbox 321 3790 343 3864; x_wconf 87' lang='lat'><strong>¹)</strong></span> <span class='ocrx_word' id='word_1_394' title='bbox 354 3787 392 3844; x_wconf 87' lang='lat' dir='ltr'><strong>In</strong></span> <span class='ocrx_word' id='word_1_395' title='bbox 401 3785 587 3859; x_wconf 73' lang='lat' dir='ltr'><strong>marginibus</strong></span> <span class='ocrx_word' id='word_1_396' title='bbox 596 3801 678 3842; x_wconf 82' lang='lat' dir='ltr'><strong>nuno</strong></span> <span class='ocrx_word' id='word_1_397' title='bbox 686 3783 738 3840; x_wconf 86' lang='lat' dir='ltr'><strong>vix</strong></span> <span class='ocrx_word' id='word_1_398' title='bbox 750 3783 895 3854; x_wconf 77' lang='lat' dir='ltr'><strong>leguntur</strong></span> <span class='ocrx_word' id='word_1_399' title='bbox 906 3796 1031 3854; x_wconf 73' lang='lat' dir='ltr'><strong>sequen-</strong></span> 
     </span>
     <span class='ocr_line' id='line_1_31' title="bbox 282 3871 1031 3954; baseline -0.024 -16"><span class='ocrx_word' id='word_1_400' title='bbox 282 3879 327 3937; x_wconf 83' lang='lat' dir='ltr'><em>tis</em></span> <span class='ocrx_word' id='word_1_401' title='bbox 335 3896 412 3954; x_wconf 79' lang='lat' dir='ltr'><strong>quse</strong></span> <span class='ocrx_word' id='word_1_402' title='bbox 420 3877 527 3934; x_wconf 77' lang='lat' dir='ltr'><strong>Proslo</strong></span> <span class='ocrx_word' id='word_1_403' title='bbox 540 3871 649 3932; x_wconf 77' lang='lat' dir='ltr'><strong>ascribi</strong></span> <span class='ocrx_word' id='word_1_404' title='bbox 658 3875 802 3945; x_wconf 79' lang='lat' dir='ltr'><strong>possunt:</strong></span> <span class='ocrx_word' id='word_1_405' title='bbox 816 3872 926 3936; x_wconf 78' lang='grc' dir='ltr'><strong>Σχόλιον.</strong></span> <span class='ocrx_word' id='word_1_406' title='bbox 940 3874 970 3921; x_wconf 87' lang='grc'><strong>’0</strong></span> <span class='ocrx_word' id='word_1_407' title='bbox 981 3876 1031 3942; x_wconf 73' lang='grc' dir='ltr'><strong>γαρ</strong></span> 
     </span>
     <span class='ocr_line' id='line_1_32' title="bbox 282 3957 1032 4043; baseline -0.025 -19"><span class='ocrx_word' id='word_1_408' title='bbox 282 3970 471 4043; x_wconf 77' lang='grc' dir='ltr'><strong>Ἀρποκρατίων</strong></span> <span class='ocrx_word' id='word_1_409' title='bbox 490 3971 533 4018; x_wconf 84' lang='grc' dir='ltr'><strong>καί</strong></span> <span class='ocrx_word' id='word_1_410' title='bbox 552 3962 700 4026; x_wconf 79' lang='grc' dir='ltr'><strong>όἈττικός,</strong></span> <span class='ocrx_word' id='word_1_411' title='bbox 715 3963 737 4011; x_wconf 79' lang='lat' dir='ltr'><em>oi</em></span> <span class='ocrx_word' id='word_1_412' title='bbox 750 3963 777 4010; x_wconf 87' lang='grc' dir='ltr'><strong>τό</strong></span> <span class='ocrx_word' id='word_1_413' title='bbox 796 3961 898 4030; x_wconf 79' lang='grc' dir='ltr'><strong>γενητόν</strong></span> <span class='ocrx_word' id='word_1_414' title='bbox 917 3957 1032 4028; x_wconf 74' lang='grc' dir='ltr'><strong>λέγεσθαι</strong></span> 
     </span>
     <span class='ocr_line' id='line_1_33' title="bbox 282 4045 1030 4128; baseline -0.027 -14"><span class='ocrx_word' id='word_1_415' title='bbox 282 4064 324 4114; x_wconf 87' lang='grc' dir='ltr'><strong>τόν</strong></span> <span class='ocrx_word' id='word_1_416' title='bbox 344 4059 436 4128; x_wconf 84' lang='grc' dir='ltr'><strong>κόσμον</strong></span> <span class='ocrx_word' id='word_1_417' title='bbox 451 4057 473 4108; x_wconf 86' lang='grc' dir='ltr'><strong>ίν</strong></span> <span class='ocrx_word' id='word_1_418' title='bbox 488 4054 588 4123; x_wconf 80' lang='grc' dir='ltr'><strong>Τιμαίῳ</strong></span> <span class='ocrx_word' id='word_1_419' title='bbox 602 4052 648 4102; x_wconf 81' lang='grc' dir='ltr'><strong>όπό</strong></span> <span class='ocrx_word' id='word_1_420' title='bbox 663 4051 705 4100; x_wconf 73' lang='grc' dir='ltr'><strong>τοῦ</strong></span> <span class='ocrx_word' id='word_1_421' title='bbox 719 4049 851 4105; x_wconf 78' lang='grc' dir='ltr'><strong>Πλάτωνος</strong></span> <span class='ocrx_word' id='word_1_422' title='bbox 866 4051 932 4096; x_wconf 80' lang='grc' dir='ltr'><strong>κατὰ</strong></span> <span class='ocrx_word' id='word_1_423' title='bbox 945 4045 1030 4114; x_wconf 80' lang='grc' dir='ltr'><strong>χρόνον</strong></span> 
     </span>
     <span class='ocr_line' id='line_1_34' title="bbox 284 4136 1033 4214; baseline -0.025 -12"><span class='ocrx_word' id='word_1_424' title='bbox 284 4149 421 4214; x_wconf 85' lang='grc' dir='ltr'><strong>όιιιοόοντις,</strong></span> <span class='ocrx_word' id='word_1_425' title='bbox 436 4143 517 4199; x_wconf 83' lang='grc' dir='ltr'><strong>ίπιιδή</strong></span> <span class='ocrx_word' id='word_1_426' title='bbox 530 4139 725 4211; x_wconf 76' lang='grc' dir='ltr'><strong>θ’λριοτοτίλης</strong></span> <span class='ocrx_word' id='word_1_427' title='bbox 738 4137 841 4210; x_wconf 85' lang='grc' dir='ltr'><strong>ίγιιαλιῖ</strong></span> <span class='ocrx_word' id='word_1_428' title='bbox 850 4137 885 4204; x_wconf 79' lang='grc' dir='ltr'><strong>τῷ</strong></span> <span class='ocrx_word' id='word_1_429' title='bbox 895 4136 951 4204; x_wconf 76' lang='grc' dir='ltr'><strong>θείῳ</strong></span> <span class='ocrx_word' id='word_1_430' title='bbox 963 4137 1033 4184; x_wconf 82' lang='grc' dir='ltr'><strong>Πλά-</strong></span> 
     </span>
     <span class='ocr_line' id='line_1_35' title="bbox 284 4225 1031 4308; baseline -0.024 -16"><span class='ocrx_word' id='word_1_431' title='bbox 284 4260 342 4292; x_wconf 93' lang='grc' dir='ltr'><strong>τωνι</strong></span> <span class='ocrx_word' id='word_1_432' title='bbox 364 4239 387 4290; x_wconf 88' lang='grc' dir='ltr'><strong>ίν</strong></span> <span class='ocrx_word' id='word_1_433' title='bbox 406 4239 439 4308; x_wconf 78' lang='grc' dir='ltr'><strong>τῇ</strong></span> <span class='ocrx_word' id='word_1_434' title='bbox 464 4237 525 4304; x_wconf 86' lang='grc' dir='ltr'><strong>Περί</strong></span> <span class='ocrx_word' id='word_1_435' title='bbox 545 4231 659 4300; x_wconf 82' lang='grc' dir='ltr'><strong>οὐρανοῦ,</strong></span> <span class='ocrx_word' id='word_1_436' title='bbox 680 4228 742 4279; x_wconf 85' lang='grc' dir='ltr'><strong>διότι</strong></span> <span class='ocrx_word' id='word_1_437' title='bbox 760 4225 839 4298; x_wconf 81' lang='grc' dir='ltr'><strong>λόγων</strong></span> <span class='ocrx_word' id='word_1_438' title='bbox 862 4231 928 4276; x_wconf 79' lang='grc' dir='ltr'><strong>κατὰ</strong></span> <span class='ocrx_word' id='word_1_439' title='bbox 947 4226 1031 4294; x_wconf 84' lang='grc' dir='ltr'><strong>χρόνον</strong></span> 
     </span>
     <span class='ocr_line' id='line_1_36' title="bbox 283 4313 1031 4398; baseline -0.025 -16"><span class='ocrx_word' id='word_1_440' title='bbox 283 4333 325 4382; x_wconf 78' lang='grc' dir='ltr'><strong>τόν</strong></span> <span class='ocrx_word' id='word_1_441' title='bbox 344 4327 437 4398; x_wconf 84' lang='grc' dir='ltr'><strong>κόσμον</strong></span> <span class='ocrx_word' id='word_1_442' title='bbox 455 4325 573 4396; x_wconf 84' lang='grc' dir='ltr'><strong>γενητόν,</strong></span> <span class='ocrx_word' id='word_1_443' title='bbox 594 4321 626 4380; x_wconf 82' lang='grc' dir='ltr'><strong>ὦς</strong></span> <span class='ocrx_word' id='word_1_444' title='bbox 651 4318 739 4378; x_wconf 81' lang='grc' dir='ltr'><strong>ίιιιῒνος</strong></span> <span class='ocrx_word' id='word_1_445' title='bbox 760 4315 852 4380; x_wconf 80' lang='grc' dir='ltr'><strong>οἴεται,</strong></span> <span class='ocrx_word' id='word_1_446' title='bbox 871 4315 938 4385; x_wconf 78' lang='grc' dir='ltr'><strong>λέγει</strong></span> <span class='ocrx_word' id='word_1_447' title='bbox 958 4313 1031 4365; x_wconf 80' lang='grc' dir='ltr'><strong>αὐτόν</strong></span> 
     </span>
     <span class='ocr_line' id='line_1_37' title="bbox 283 4402 1032 4492; baseline -0.024 -20"><span class='ocrx_word' id='word_1_448' title='bbox 283 4423 408 4492; x_wconf 78' lang='grc' dir='ltr'><strong>ἄφθαρτον</strong></span> <span class='ocrx_word' id='word_1_449' title='bbox 428 4412 497 4480; x_wconf 71' lang='grc' dir='ltr'><strong>εἶναι,</strong></span> <span class='ocrx_word' id='word_1_450' title='bbox 512 4411 649 4481; x_wconf 83' lang='grc' dir='ltr'><strong>ἀπολογίαν</strong></span> <span class='ocrx_word' id='word_1_451' title='bbox 663 4407 754 4459; x_wconf 77' lang='grc' dir='ltr'><strong>οἴονται</strong></span> <span class='ocrx_word' id='word_1_452' title='bbox 773 4405 889 4475; x_wconf 87' lang='grc' dir='ltr'><strong>ιόρίοκιιν</strong></span> <span class='ocrx_word' id='word_1_453' title='bbox 909 4406 969 4474; x_wconf 82' lang='grc' dir='ltr'><strong>πρὸς</strong></span> <span class='ocrx_word' id='word_1_454' title='bbox 989 4402 1032 4454; x_wconf 80' lang='grc' dir='ltr'><strong>αὖ-</strong></span> 
     </span>
     <span class='ocr_line' id='line_1_38' title="bbox 285 4491 1032 4579; baseline -0.024 -17"><span class='ocrx_word' id='word_1_455' title='bbox 285 4513 341 4575; x_wconf 86' lang='grc' dir='ltr'><strong>τόν,</strong></span> <span class='ocrx_word' id='word_1_456' title='bbox 359 4505 473 4579; x_wconf 77' lang='grc' dir='ltr'><strong>λίγαντις</strong></span> <span class='ocrx_word' id='word_1_457' title='bbox 492 4503 529 4553; x_wconf 83' lang='grc' dir='ltr'><strong>ότι</strong></span> <span class='ocrx_word' id='word_1_458' title='bbox 549 4501 654 4571; x_wconf 78' lang='grc' dir='ltr'><strong>φθαρτὸς</strong></span> <span class='ocrx_word' id='word_1_459' title='bbox 677 4495 721 4566; x_wconf 87' lang='grc' dir='ltr'><strong>μίν</strong></span> <span class='ocrx_word' id='word_1_460' title='bbox 745 4491 797 4546; x_wconf 84' lang='grc' dir='ltr'><strong>ίστι</strong></span> <span class='ocrx_word' id='word_1_461' title='bbox 816 4496 857 4544; x_wconf 82' lang='grc' dir='ltr'><strong>διὰ</strong></span> <span class='ocrx_word' id='word_1_462' title='bbox 877 4492 920 4548; x_wconf 87' lang='grc' dir='ltr'><strong>τήν</strong></span> <span class='ocrx_word' id='word_1_463' title='bbox 944 4493 1032 4544; x_wconf 81' lang='grc' dir='ltr'><strong>ἑαυτοῦ</strong></span> 
     </span>
     <span class='ocr_line' id='line_1_39' title="bbox 285 4577 1033 4670; baseline -0.031 -20"><span class='ocrx_word' id='word_1_464' title='bbox 285 4598 364 4670; x_wconf 83' lang='grc' dir='ltr'><strong>φύσιν,</strong></span> <span class='ocrx_word' id='word_1_465' title='bbox 384 4597 508 4665; x_wconf 81' lang='grc' dir='ltr'><strong>ἄφθαρτος</strong></span> <span class='ocrx_word' id='word_1_466' title='bbox 528 4591 553 4640; x_wconf 77' lang='lat' dir='ltr'><strong>ii</strong></span> <span class='ocrx_word' id='word_1_467' title='bbox 573 4585 682 4656; x_wconf 75' lang='grc' dir='ltr'><strong>διαμένει</strong></span> <span class='ocrx_word' id='word_1_468' title='bbox 695 4587 736 4635; x_wconf 80' lang='grc' dir='ltr'><strong>διὰ</strong></span> <span class='ocrx_word' id='word_1_469' title='bbox 749 4583 793 4638; x_wconf 85' lang='grc' dir='ltr'><strong>τήν</strong></span> <span class='ocrx_word' id='word_1_470' title='bbox 807 4584 849 4632; x_wconf 82' lang='grc' dir='ltr'><strong>τοῦ</strong></span> <span class='ocrx_word' id='word_1_471' title='bbox 869 4582 922 4631; x_wconf 82' lang='grc' dir='ltr'><strong>θεοῦ</strong></span> <span class='ocrx_word' id='word_1_472' title='bbox 944 4577 1033 4642; x_wconf 81' lang='grc' dir='ltr'><strong>βούλη-</strong></span> 
     </span>
     <span class='ocr_line' id='line_1_40' title="bbox 284 4667 1031 4746; baseline -0.029 -6"><span class='ocrx_word' id='word_1_473' title='bbox 284 4707 329 4740; x_wconf 86' lang='grc' dir='ltr'><strong>σιν.</strong></span> <span class='ocrx_word' id='word_1_474' title='bbox 349 4687 418 4736; x_wconf 84' lang='grc' dir='ltr'><strong>Πάνυ</strong></span> <span class='ocrx_word' id='word_1_475' title='bbox 437 4684 462 4734; x_wconf 77' lang='grc' dir='ltr'><strong>δέ</strong></span> <span class='ocrx_word' id='word_1_476' title='bbox 482 4679 565 4737; x_wconf 82' lang='grc' dir='ltr'><strong>καλῶς</strong></span> <span class='ocrx_word' id='word_1_477' title='bbox 586 4677 597 4726; x_wconf 94' lang='grc' dir='ltr'><strong>ό</strong></span> <span class='ocrx_word' id='word_1_478' title='bbox 618 4675 750 4746; x_wconf 87' lang='grc' dir='ltr'><strong>φιλόσοφος</strong></span> <span class='ocrx_word' id='word_1_479' title='bbox 770 4669 836 4724; x_wconf 80' lang='grc' dir='ltr'><strong>ιίπιν</strong></span> <span class='ocrx_word' id='word_1_480' title='bbox 855 4673 915 4738; x_wconf 81' lang='grc' dir='ltr'><strong>πρός</strong></span> <span class='ocrx_word' id='word_1_481' title='bbox 936 4667 1031 4732; x_wconf 77' lang='grc' dir='ltr'><strong>αὐτοὺς,</strong></span> 
     </span>
     <span class='ocr_line' id='line_1_41' title="bbox 284 4761 1032 4847; baseline -0.028 -16"><span class='ocrx_word' id='word_1_482' title='bbox 284 4779 322 4832; x_wconf 85' lang='grc' dir='ltr'><strong>ότι</strong></span> <span class='ocrx_word' id='word_1_483' title='bbox 341 4777 361 4829; x_wconf 82' lang='lat' dir='ltr'><em>si</em></span> <span class='ocrx_word' id='word_1_484' title='bbox 373 4773 475 4847; x_wconf 83' lang='grc' dir='ltr'><strong>λέγεται</strong></span> <span class='ocrx_word' id='word_1_485' title='bbox 489 4772 594 4842; x_wconf 85' lang='grc' dir='ltr'><strong>φθαρτόν</strong></span> <span class='ocrx_word' id='word_1_486' title='bbox 609 4766 680 4818; x_wconf 80' lang='grc' dir='ltr'><strong>αὐτόν</strong></span> <span class='ocrx_word' id='word_1_487' title='bbox 696 4765 753 4817; x_wconf 82' lang='grc' dir='ltr'><strong>ὄντα</strong></span> <span class='ocrx_word' id='word_1_488' title='bbox 767 4763 821 4814; x_wconf 72' lang='grc' dir='ltr'><strong>ὅσον</strong></span> <span class='ocrx_word' id='word_1_489' title='bbox 835 4762 875 4814; x_wconf 75' lang='lat' dir='ltr'><em>itti</em></span> <span class='ocrx_word' id='word_1_490' title='bbox 895 4763 927 4830; x_wconf 75' lang='grc' dir='ltr'><strong>τῇ</strong></span> <span class='ocrx_word' id='word_1_491' title='bbox 945 4761 1032 4812; x_wconf 71' lang='grc' dir='ltr'><strong>ἑαυτοῦ</strong></span> 
     </span>
     <span class='ocr_line' id='line_1_42' title="bbox 284 4851 1031 4944; baseline -0.032 -20"><span class='ocrx_word' id='word_1_492' title='bbox 284 4871 364 4944; x_wconf 79' lang='grc' dir='ltr'><strong>φύσει,</strong></span> <span class='ocrx_word' id='word_1_493' title='bbox 384 4870 507 4937; x_wconf 82' lang='grc' dir='ltr'><strong>ἄφθαρτον</strong></span> <span class='ocrx_word' id='word_1_494' title='bbox 519 4859 644 4933; x_wconf 82' lang='grc' dir='ltr'><strong>γεγονίναι</strong></span> <span class='ocrx_word' id='word_1_495' title='bbox 657 4859 698 4908; x_wconf 81' lang='grc' dir='ltr'><strong>διὰ</strong></span> <span class='ocrx_word' id='word_1_496' title='bbox 711 4856 747 4906; x_wconf 84' lang='grc' dir='ltr'><strong>τό·</strong></span> <span class='ocrx_word' id='word_1_497' title='bbox 760 4853 800 4909; x_wconf 81' lang='grc' dir='ltr'><strong>Μή</strong></span> <span class='ocrx_word' id='word_1_498' title='bbox 818 4851 913 4923; x_wconf 83' lang='grc' dir='ltr'><strong>λίγετε,</strong></span> <span class='ocrx_word' id='word_1_499' title='bbox 933 4853 970 4902; x_wconf 82' lang='grc' dir='ltr'><strong>ὅτι</strong></span> <span class='ocrx_word' id='word_1_500' title='bbox 989 4855 1031 4901; x_wconf 79' lang='grc' dir='ltr'><strong>καί</strong></span> 
     </span>
     <span class='ocr_line' id='line_1_43' title="bbox 282 4936 1033 5035; baseline -0.033 -21"><span class='ocrx_word' id='word_1_501' title='bbox 282 4963 380 5035; x_wconf 81' lang='grc' dir='ltr'><strong>γινιτίν</strong></span> <span class='ocrx_word' id='word_1_502' title='bbox 393 4957 466 5009; x_wconf 79' lang='grc' dir='ltr'><strong>αὐτόν</strong></span> <span class='ocrx_word' id='word_1_503' title='bbox 481 4955 548 5018; x_wconf 85' lang='grc' dir='ltr'><strong>ἄντα,</strong></span> <span class='ocrx_word' id='word_1_504' title='bbox 563 4956 605 5003; x_wconf 79' lang='grc' dir='ltr'><strong>καί</strong></span> <span class='ocrx_word' id='word_1_505' title='bbox 618 4947 743 5020; x_wconf 82' lang='grc' dir='ltr'><strong>γινόμενον</strong></span> <span class='ocrx_word' id='word_1_506' title='bbox 757 4945 780 4996; x_wconf 88' lang='grc' dir='ltr'><strong>ίν</strong></span> <span class='ocrx_word' id='word_1_507' title='bbox 793 4943 881 5012; x_wconf 82' lang='grc' dir='ltr'><strong>χρόνῳ,</strong></span> <span class='ocrx_word' id='word_1_508' title='bbox 897 4936 957 4994; x_wconf 75' lang='grc' dir='ltr'><strong>εἶναι</strong></span> <span class='ocrx_word' id='word_1_509' title='bbox 974 4939 1033 5010; x_wconf 78' lang='grc' dir='ltr'><strong>ἀγί-</strong></span> 
     </span>
     <span class='ocr_line' id='line_1_44' title="bbox 283 5029 1032 5111; baseline -0.037 -8"><span class='ocrx_word' id='word_1_510' title='bbox 283 5068 355 5106; x_wconf 81' lang='grc' dir='ltr'><strong>νητον</strong></span> <span class='ocrx_word' id='word_1_511' title='bbox 366 5051 407 5099; x_wconf 82' lang='grc' dir='ltr'><strong>διὰ</strong></span> <span class='ocrx_word' id='word_1_512' title='bbox 417 5046 461 5101; x_wconf 82' lang='grc' dir='ltr'><strong>τήν</strong></span> <span class='ocrx_word' id='word_1_513' title='bbox 472 5047 514 5096; x_wconf 82' lang='grc' dir='ltr'><strong>τοῦ</strong></span> <span class='ocrx_word' id='word_1_514' title='bbox 527 5039 678 5111; x_wconf 71' lang='grc' dir='ltr'><strong>δημιουργοῦ</strong></span> <span class='ocrx_word' id='word_1_515' title='bbox 694 5035 816 5099; x_wconf 75' lang='grc' dir='ltr'><strong>βούλησιν.</strong></span> <span class='ocrx_word' id='word_1_516' title='bbox 831 5030 926 5081; x_wconf 57' lang='lat' dir='ltr'><em>titivm</em></span> <span class='ocrx_word' id='word_1_517' title='bbox 937 5031 961 5078; x_wconf 79' lang='lat' dir='ltr'><strong>tt</strong></span> <span class='ocrx_word' id='word_1_518' title='bbox 975 5029 1032 5096; x_wconf 81' lang='grc' dir='ltr'><strong>χρή,</strong></span> 
     </span>
     <span class='ocr_line' id='line_1_45' title="bbox 284 5113 1032 5201; baseline -0.037 -7"><span class='ocrx_word' id='word_1_519' title='bbox 284 5143 321 5194; x_wconf 88' lang='grc' dir='ltr'><strong>ότι</strong></span> <span class='ocrx_word' id='word_1_520' title='bbox 340 5141 352 5192; x_wconf 89' lang='grc' dir='ltr'><strong>ό</strong></span> <span class='ocrx_word' id='word_1_521' title='bbox 371 5143 432 5197; x_wconf 80' lang='grc' dir='ltr'><strong>θεῖος</strong></span> <span class='ocrx_word' id='word_1_522' title='bbox 445 5138 551 5186; x_wconf 83' lang='grc' dir='ltr'><strong>Πλάτων</strong></span> <span class='ocrx_word' id='word_1_523' title='bbox 565 5133 591 5182; x_wconf 81' lang='grc' dir='ltr'><strong>τί</strong></span> <span class='ocrx_word' id='word_1_524' title='bbox 605 5129 708 5201; x_wconf 83' lang='grc' dir='ltr'><strong>γενητόν</strong></span> <span class='ocrx_word' id='word_1_525' title='bbox 728 5121 786 5175; x_wconf 81' lang='grc' dir='ltr'><strong>κατ’</strong></span> <span class='ocrx_word' id='word_1_526' title='bbox 799 5121 881 5172; x_wconf 76' lang='grc' dir='ltr'><strong>αἰτίαν</strong></span> <span class='ocrx_word' id='word_1_527' title='bbox 899 5113 1032 5186; x_wconf 72' lang='grc' dir='ltr'><strong>λαμόάνει,</strong></span> 
     </span>
     <span class='ocr_line' id='line_1_46' title="bbox 284 5211 1033 5297; baseline -0.04 -11"><span class='ocrx_word' id='word_1_528' title='bbox 284 5237 327 5286; x_wconf 86' lang='grc' dir='ltr'><strong>καὶ</strong></span> <span class='ocrx_word' id='word_1_529' title='bbox 336 5231 363 5284; x_wconf 83' lang='grc' dir='ltr'><strong>οὗ</strong></span> <span class='ocrx_word' id='word_1_530' title='bbox 376 5235 443 5282; x_wconf 80' lang='grc' dir='ltr'><strong>κατὰ</strong></span> <span class='ocrx_word' id='word_1_531' title='bbox 455 5227 548 5297; x_wconf 82' lang='grc' dir='ltr'><strong>χρόνον·</strong></span> <span class='ocrx_word' id='word_1_532' title='bbox 559 5221 584 5275; x_wconf 84' lang='grc' dir='ltr'><strong>οὔ</strong></span> <span class='ocrx_word' id='word_1_533' title='bbox 601 5225 649 5293; x_wconf 87' lang='grc' dir='ltr'><strong>γὰρ</strong></span> <span class='ocrx_word' id='word_1_534' title='bbox 664 5219 744 5274; x_wconf 80' lang='grc' dir='ltr'><strong>δήπου</strong></span> <span class='ocrx_word' id='word_1_535' title='bbox 758 5215 769 5265; x_wconf 89' lang='grc' dir='ltr'><strong>ό</strong></span> <span class='ocrx_word' id='word_1_536' title='bbox 783 5213 887 5282; x_wconf 84' lang='grc' dir='ltr'><strong>Τίμαιος</strong></span> <span class='ocrx_word' id='word_1_537' title='bbox 901 5211 987 5278; x_wconf 79' lang='grc' dir='ltr'><strong>παρὼν</strong></span> <span class='ocrx_word' id='word_1_538' title='bbox 1001 5213 1033 5280; x_wconf 78' lang='grc' dir='ltr'><strong>τῇ</strong></span> 
     </span>
     <span class='ocr_line' id='line_1_47' title="bbox 283 5293 1034 5392; baseline -0.033 -20"><span class='ocrx_word' id='word_1_539' title='bbox 283 5319 420 5392; x_wconf 73' lang='grc' dir='ltr'><strong>προτεραίᾳ</strong></span> <span class='ocrx_word' id='word_1_540' title='bbox 438 5321 488 5377; x_wconf 79' lang='grc' dir='ltr'><strong>τοῖς</strong></span> <span class='ocrx_word' id='word_1_541' title='bbox 508 5319 564 5384; x_wconf 79' lang='grc' dir='ltr'><strong>περί</strong></span> <span class='ocrx_word' id='word_1_542' title='bbox 583 5309 712 5366; x_wconf 83' lang='grc' dir='ltr'><strong>Πιλιτιίοις</strong></span> <span class='ocrx_word' id='word_1_543' title='bbox 733 5305 826 5376; x_wconf 83' lang='grc' dir='ltr'><strong>λόγοις,</strong></span> <span class='ocrx_word' id='word_1_544' title='bbox 845 5305 888 5351; x_wconf 82' lang='grc' dir='ltr'><strong>καί</strong></span> <span class='ocrx_word' id='word_1_545' title='bbox 901 5293 1034 5356; x_wconf 71' lang='grc' dir='ltr'><strong>ἀποδεξό-</strong></span> 
     </span>
    </p>
   </div>
   <div class='ocr_carea' id='block_1_5' title="bbox 1084 3777 1835 5204">
    <p class='ocr_par' dir='ltr' id='par_1_5' title="bbox 1084 3777 1832 4388">
     <span class='ocr_line' id='line_1_48' title="bbox 1086 3777 1830 3852; baseline -0.003 -18"><span class='ocrx_word' id='word_1_546' title='bbox 1086 3801 1155 3852; x_wconf 86' lang='grc' dir='ltr'><strong>μενος</strong></span> <span class='ocrx_word' id='word_1_547' title='bbox 1175 3785 1202 3834; x_wconf 85' lang='grc' dir='ltr'><strong>τό</strong></span> <span class='ocrx_word' id='word_1_548' title='bbox 1221 3785 1271 3834; x_wconf 75' lang='grc' dir='ltr'><strong>πᾶν</strong></span> <span class='ocrx_word' id='word_1_549' title='bbox 1289 3783 1318 3833; x_wconf 88' lang='grc' dir='ltr'><strong>τό</strong></span> <span class='ocrx_word' id='word_1_550' title='bbox 1338 3780 1501 3850; x_wconf 73' lang='grc' dir='ltr'><strong>κατὰχρόνον</strong></span> <span class='ocrx_word' id='word_1_551' title='bbox 1514 3783 1616 3852; x_wconf 80' lang='grc' dir='ltr'><strong>γενητόν</strong></span> <span class='ocrx_word' id='word_1_552' title='bbox 1636 3783 1741 3851; x_wconf 82' lang='grc' dir='ltr'><strong>φθαρτόν</strong></span> <span class='ocrx_word' id='word_1_553' title='bbox 1761 3777 1830 3848; x_wconf 81' lang='grc' dir='ltr'><strong>ιίναι,</strong></span> 
     </span>
     <span class='ocr_line' id='line_1_49' title="bbox 1085 3871 1831 3944; baseline 0 -20"><span class='ocrx_word' id='word_1_554' title='bbox 1085 3877 1116 3943; x_wconf 77' lang='grc' dir='ltr'><strong>τῇ</strong></span> <span class='ocrx_word' id='word_1_555' title='bbox 1129 3872 1184 3934; x_wconf 77' lang='grc' dir='ltr'><strong>ίξῆς</strong></span> <span class='ocrx_word' id='word_1_556' title='bbox 1199 3871 1281 3942; x_wconf 78' lang='grc' dir='ltr'><strong>ὥσπερ</strong></span> <span class='ocrx_word' id='word_1_557' title='bbox 1295 3871 1477 3942; x_wconf 80' lang='grc' dir='ltr'><strong>ίπιλαθόμινες,</strong></span> <span class='ocrx_word' id='word_1_558' title='bbox 1490 3877 1522 3924; x_wconf 79' lang='grc' dir='ltr'><strong>τὰ</strong></span> <span class='ocrx_word' id='word_1_559' title='bbox 1535 3872 1634 3924; x_wconf 87' lang='grc' dir='ltr'><strong>ίναντία</strong></span> <span class='ocrx_word' id='word_1_560' title='bbox 1647 3873 1727 3941; x_wconf 65' lang='lat' dir='ltr'><em>inuret</em></span> <span class='ocrx_word' id='word_1_561' title='bbox 1740 3874 1831 3944; x_wconf 75' lang='grc' dir='ltr'><strong>ἔλεγεν,</strong></span> 
     </span>
     <span class='ocr_line' id='line_1_50' title="bbox 1085 3962 1832 4035; baseline 0.001 -20"><span class='ocrx_word' id='word_1_562' title='bbox 1085 3971 1128 4016; x_wconf 87' lang='grc' dir='ltr'><strong>καί</strong></span> <span class='ocrx_word' id='word_1_563' title='bbox 1148 3966 1222 4035; x_wconf 76' lang='grc' dir='ltr'><strong>ὀρθῶς</strong></span> <span class='ocrx_word' id='word_1_564' title='bbox 1246 3966 1403 4022; x_wconf 75' lang='grc' dir='ltr'><strong>ἀπαντῶντες</strong></span> <span class='ocrx_word' id='word_1_565' title='bbox 1423 3966 1483 4032; x_wconf 80' lang='grc' dir='ltr'><strong>πρός</strong></span> <span class='ocrx_word' id='word_1_566' title='bbox 1507 3965 1548 4014; x_wconf 82' lang='grc' dir='ltr'><strong>τόν</strong></span> <span class='ocrx_word' id='word_1_567' title='bbox 1567 3962 1727 4032; x_wconf 63' lang='grc' dir='ltr'><strong>Ἀριστοτελει</strong></span> <span class='ocrx_word' id='word_1_568' title='bbox 1751 3968 1832 4016; x_wconf 72' lang='grc' dir='ltr'><strong>ταῦτα</strong></span> 
     </span>
     <span class='ocr_line' id='line_1_51' title="bbox 1085 4050 1832 4124; baseline -0.008 -18"><span class='ocrx_word' id='word_1_569' title='bbox 1085 4055 1186 4123; x_wconf 78' lang='grc' dir='ltr'><strong>ἀροῦσιν,</strong></span> <span class='ocrx_word' id='word_1_570' title='bbox 1206 4055 1244 4104; x_wconf 84' lang='grc' dir='ltr'><strong>ότι</strong></span> <span class='ocrx_word' id='word_1_571' title='bbox 1262 4051 1345 4108; x_wconf 77' lang='grc' dir='ltr'><strong>ἐπειδή</strong></span> <span class='ocrx_word' id='word_1_572' title='bbox 1366 4052 1423 4103; x_wconf 83' lang='grc' dir='ltr'><strong>κατ’</strong></span> <span class='ocrx_word' id='word_1_573' title='bbox 1443 4051 1525 4102; x_wconf 84' lang='grc' dir='ltr'><strong>αἰτίαν</strong></span> <span class='ocrx_word' id='word_1_574' title='bbox 1545 4050 1618 4103; x_wconf 82' lang='grc' dir='ltr'><strong>αὐτόν</strong></span> <span class='ocrx_word' id='word_1_575' title='bbox 1635 4051 1702 4123; x_wconf 82' lang='grc' dir='ltr'><strong>λέγει</strong></span> <span class='ocrx_word' id='word_1_576' title='bbox 1721 4057 1832 4124; x_wconf 71' lang='grc' dir='ltr'><strong>γενητόν,</strong></span> 
     </span>
     <span class='ocr_line' id='line_1_52' title="bbox 1085 4139 1832 4212; baseline -0.003 -18"><span class='ocrx_word' id='word_1_577' title='bbox 1085 4147 1128 4195; x_wconf 84' lang='grc' dir='ltr'><strong>καί</strong></span> <span class='ocrx_word' id='word_1_578' title='bbox 1148 4143 1174 4194; x_wconf 83' lang='grc' dir='ltr'><strong>οὐ</strong></span> <span class='ocrx_word' id='word_1_579' title='bbox 1194 4141 1372 4210; x_wconf 77' lang='grc' dir='ltr'><strong>κατὰχρόνον,</strong></span> <span class='ocrx_word' id='word_1_580' title='bbox 1392 4141 1492 4200; x_wconf 84' lang='grc' dir='ltr'><strong>ιίκότως</strong></span> <span class='ocrx_word' id='word_1_581' title='bbox 1507 4139 1613 4211; x_wconf 80' lang='grc' dir='ltr'><strong>εὐλόγει</strong></span> <span class='ocrx_word' id='word_1_582' title='bbox 1633 4141 1705 4194; x_wconf 80' lang='grc' dir='ltr'><strong>αὐτόν</strong></span> <span class='ocrx_word' id='word_1_583' title='bbox 1726 4145 1832 4212; x_wconf 78' lang='grc' dir='ltr'><strong>φθαρτόν</strong></span> 
     </span>
     <span class='ocr_line' id='line_1_53' title="bbox 1086 4225 1831 4285; baseline 0 -2"><span class='ocrx_word' id='word_1_584' title='bbox 1086 4228 1154 4283; x_wconf 72' lang='grc' dir='ltr'><strong>εἶναι.</strong></span> <span class='ocrx_word' id='word_1_585' title='bbox 1174 4227 1326 4285; x_wconf 82' lang='lat' dir='ltr'><em>Scholium</em></span> <span class='ocrx_word' id='word_1_586' title='bbox 1351 4227 1426 4284; x_wconf 88' lang='lat' dir='ltr'><em>illud</em></span> <span class='ocrx_word' id='word_1_587' title='bbox 1450 4225 1628 4284; x_wconf 85' lang='lat' dir='ltr'><em>Holstsnius</em></span> <span class='ocrx_word' id='word_1_588' title='bbox 1652 4233 1684 4284; x_wconf 83' lang='lat' dir='ltr'><strong>st</strong></span> <span class='ocrx_word' id='word_1_589' title='bbox 1701 4228 1831 4284; x_wconf 81' lang='lat' dir='ltr'><strong>sltsrum</strong></span> 
     </span>
     <span class='ocr_line' id='line_1_54' title="bbox 1084 4313 1561 4388; baseline -0.006 -15"><span class='ocrx_word' id='word_1_590' title='bbox 1084 4315 1209 4374; x_wconf 80' lang='lat' dir='ltr'><em>inferius</em></span> <span class='ocrx_word' id='word_1_591' title='bbox 1227 4315 1356 4373; x_wconf 77' lang='lat' dir='ltr'><em>feliciter</em></span> <span class='ocrx_word' id='word_1_592' title='bbox 1374 4313 1561 4388; x_wconf 73' lang='lat' dir='ltr'><em>introspexit.</em></span> 
     </span>
    </p>

    <p class='ocr_par' dir='ltr' id='par_1_6' title="bbox 1084 4405 1833 4654">
     <span class='ocr_line' id='line_1_55' title="bbox 1122 4405 1833 4482; baseline -0.008 -16"><span class='ocrx_word' id='word_1_593' title='bbox 1122 4409 1144 4482; x_wconf 83' lang='lat'><strong>²)</strong></span> <span class='ocrx_word' id='word_1_594' title='bbox 1163 4407 1263 4466; x_wconf 81' lang='lat' dir='ltr'><em>Oodsx</em></span> <span class='ocrx_word' id='word_1_595' title='bbox 1275 4411 1414 4481; x_wconf 70' lang='lat' dir='ltr'><strong>respectu</strong></span> <span class='ocrx_word' id='word_1_596' title='bbox 1426 4405 1465 4463; x_wconf 82' lang='lat' dir='ltr'><strong>sd</strong></span> <span class='ocrx_word' id='word_1_597' title='bbox 1476 4411 1606 4478; x_wconf 71' lang='lat' dir='ltr'><strong>quatuor</strong></span> <span class='ocrx_word' id='word_1_598' title='bbox 1619 4406 1767 4463; x_wconf 72' lang='lat' dir='ltr'><em>axiomata</em></span> <span class='ocrx_word' id='word_1_599' title='bbox 1780 4405 1833 4461; x_wconf 79' lang='lat' dir='ltr'><strong>hie</strong></span> 
     </span>
     <span class='ocr_line' id='line_1_56' title="bbox 1084 4493 1832 4571; baseline -0.003 -17"><span class='ocrx_word' id='word_1_600' title='bbox 1084 4497 1169 4571; x_wconf 87' lang='lat' dir='ltr'><em>ponit</em></span> <span class='ocrx_word' id='word_1_601' title='bbox 1188 4497 1215 4550; x_wconf 75' lang='grc' dir='ltr'><strong>λ’</strong></span> <span class='ocrx_word' id='word_1_602' title='bbox 1238 4495 1271 4552; x_wconf 89' lang='lat' dir='ltr'><em>in</em></span> <span class='ocrx_word' id='word_1_603' title='bbox 1295 4493 1438 4567; x_wconf 73' lang='lat' dir='ltr'><em>margins,</em></span> <span class='ocrx_word' id='word_1_604' title='bbox 1463 4495 1529 4552; x_wconf 84' lang='lat' dir='ltr'><strong>etl.</strong></span> <span class='ocrx_word' id='word_1_605' title='bbox 1550 4497 1592 4567; x_wconf 90' lang='grc'><strong>16,</strong></span> <span class='ocrx_word' id='word_1_606' title='bbox 1615 4495 1658 4566; x_wconf 81' lang='lat'><strong>22,</strong></span> <span class='ocrx_word' id='word_1_607' title='bbox 1682 4495 1718 4551; x_wconf 75' lang='lat'><strong>24</strong></span> <span class='ocrx_word' id='word_1_608' title='bbox 1742 4494 1832 4552; x_wconf 79' lang='lat' dir='ltr'><em>infra.</em></span> 
     </span>
     <span class='ocr_line' id='line_1_57' title="bbox 1086 4586 1291 4654; baseline 0 -14"><span class='ocrx_word' id='word_1_609' title='bbox 1086 4586 1177 4654; x_wconf 81' lang='lat' dir='ltr'><em>...t&#39;,</em></span> <span class='ocrx_word' id='word_1_610' title='bbox 1197 4587 1233 4654; x_wconf 81' lang='grc' dir='ltr'><strong>Γ,</strong></span> <span class='ocrx_word' id='word_1_611' title='bbox 1253 4588 1291 4640; x_wconf 57' lang='grc' dir='ltr'><strong>ΔΖ</strong></span> 
     </span>
    </p>

    <p class='ocr_par' dir='ltr' id='par_1_7' title="bbox 1123 4676 1289 4752">
     <span class='ocr_line' id='line_1_58' title="bbox 1123 4676 1289 4752; baseline -0.012 -18"><span class='ocrx_word' id='word_1_612' title='bbox 1123 4676 1289 4752; x_wconf 53' lang='grc' dir='ltr'><strong>ὊΗΕΠ</strong></span> 
     </span>
    </p>

    <p class='ocr_par' dir='ltr' id='par_1_8' title="bbox 1085 4765 1835 5204">
     <span class='ocr_line' id='line_1_59' title="bbox 1121 4765 1834 4843; baseline -0.011 -17"><span class='ocrx_word' id='word_1_613' title='bbox 1121 4770 1144 4843; x_wconf 90' lang='lat'><strong>⁴)</strong></span> <span class='ocrx_word' id='word_1_614' title='bbox 1163 4767 1254 4826; x_wconf 79' lang='lat' dir='ltr'><em>Aliud</em></span> <span class='ocrx_word' id='word_1_615' title='bbox 1272 4783 1378 4824; x_wconf 82' lang='lat' dir='ltr'><em>rursus</em></span> <span class='ocrx_word' id='word_1_616' title='bbox 1404 4766 1531 4823; x_wconf 79' lang='lat' dir='ltr'><em>ooeurrit</em></span> <span class='ocrx_word' id='word_1_617' title='bbox 1551 4765 1582 4822; x_wconf 87' lang='lat' dir='ltr'><em>in</em></span> <span class='ocrx_word' id='word_1_618' title='bbox 1601 4765 1737 4838; x_wconf 74' lang='lat' dir='ltr'><em>margins</em></span> <span class='ocrx_word' id='word_1_619' title='bbox 1757 4769 1834 4834; x_wconf 73' lang='grc' dir='ltr'><strong>Σχοκ.</strong></span> 
     </span>
     <span class='ocr_line' id='line_1_60' title="bbox 1087 4857 1834 4925; baseline -0.003 -13"><span class='ocrx_word' id='word_1_620' title='bbox 1087 4860 1145 4914; x_wconf 63' lang='lat' dir='ltr'><em>Oiai</em></span> <span class='ocrx_word' id='word_1_621' title='bbox 1164 4858 1209 4912; x_wconf 83' lang='grc' dir='ltr'><strong>ίνὼ</strong></span> <span class='ocrx_word' id='word_1_622' title='bbox 1229 4857 1337 4925; x_wconf 84' lang='grc' dir='ltr'><strong>ίτίχθην,</strong></span> <span class='ocrx_word' id='word_1_623' title='bbox 1358 4857 1402 4923; x_wconf 79' lang='grc' dir='ltr'><strong>οὐχ</strong></span> <span class='ocrx_word' id='word_1_624' title='bbox 1422 4859 1510 4918; x_wconf 72' lang='grc' dir='ltr'><strong>ἁπλῶς</strong></span> <span class='ocrx_word' id='word_1_625' title='bbox 1523 4859 1569 4910; x_wconf 81' lang='grc' dir='ltr'><strong>ὑπὸ</strong></span> <span class='ocrx_word' id='word_1_626' title='bbox 1589 4861 1633 4916; x_wconf 72' lang='grc' dir='ltr'><strong>τῆς</strong></span> <span class='ocrx_word' id='word_1_627' title='bbox 1653 4859 1769 4916; x_wconf 80' lang='grc' dir='ltr'><strong>κινήσεως</strong></span> <span class='ocrx_word' id='word_1_628' title='bbox 1788 4861 1834 4910; x_wconf 76' lang='grc' dir='ltr'><strong>τοῦ</strong></span> 
     </span>
     <span class='ocr_line' id='line_1_61' title="bbox 1086 4949 1835 5022; baseline -0.009 -19"><span class='ocrx_word' id='word_1_629' title='bbox 1086 4951 1193 5022; x_wconf 66' lang='lat' dir='ltr'><em>stipavit,</em></span> <span class='ocrx_word' id='word_1_630' title='bbox 1207 4950 1264 5001; x_wconf 80' lang='grc' dir='ltr'><strong>ἀλλ’</strong></span> <span class='ocrx_word' id='word_1_631' title='bbox 1279 4949 1326 5000; x_wconf 78' lang='grc' dir='ltr'><strong>ὑπό</strong></span> <span class='ocrx_word' id='word_1_632' title='bbox 1340 4951 1414 5003; x_wconf 67' lang='lat' dir='ltr'><em>tisis</em></span> <span class='ocrx_word' id='word_1_633' title='bbox 1428 4949 1472 5007; x_wconf 73' lang='grc' dir='ltr'><strong>τῆς</strong></span> <span class='ocrx_word' id='word_1_634' title='bbox 1485 4951 1626 5018; x_wconf 68' lang='grc' dir='ltr'><strong>περιφορᾶς.</strong></span> <span class='ocrx_word' id='word_1_635' title='bbox 1641 4950 1668 4998; x_wconf 81' lang='lat' dir='ltr'><em>Ei</em></span> <span class='ocrx_word' id='word_1_636' title='bbox 1681 4952 1731 5019; x_wconf 75' lang='grc' dir='ltr'><strong>γὰρ</strong></span> <span class='ocrx_word' id='word_1_637' title='bbox 1746 4949 1835 5007; x_wconf 74' lang='grc' dir='ltr'><strong>ἀπλῦς</strong></span> 
     </span>
     <span class='ocr_line' id='line_1_62' title="bbox 1085 5037 1835 5110; baseline -0.008 -17"><span class='ocrx_word' id='word_1_638' title='bbox 1085 5043 1131 5093; x_wconf 78' lang='grc' dir='ltr'><strong>ἀπό</strong></span> <span class='ocrx_word' id='word_1_639' title='bbox 1151 5045 1195 5101; x_wconf 69' lang='grc' dir='ltr'><strong>τῆς</strong></span> <span class='ocrx_word' id='word_1_640' title='bbox 1215 5041 1330 5098; x_wconf 80' lang='grc' dir='ltr'><strong>κινήσεως</strong></span> <span class='ocrx_word' id='word_1_641' title='bbox 1344 5038 1467 5110; x_wconf 82' lang='grc' dir='ltr'><strong>ίγινόμην,</strong></span> <span class='ocrx_word' id='word_1_642' title='bbox 1482 5037 1529 5089; x_wconf 74' lang='lat' dir='ltr'><strong>itu</strong></span> <span class='ocrx_word' id='word_1_643' title='bbox 1544 5057 1575 5106; x_wconf 81' lang='grc' dir='ltr'><strong>με</strong></span> <span class='ocrx_word' id='word_1_644' title='bbox 1595 5042 1637 5089; x_wconf 84' lang='grc' dir='ltr'><strong>καί</strong></span> <span class='ocrx_word' id='word_1_645' title='bbox 1652 5043 1708 5107; x_wconf 83' lang='grc' dir='ltr'><strong>πρίν</strong></span> <span class='ocrx_word' id='word_1_646' title='bbox 1725 5039 1835 5108; x_wconf 72' lang='grc' dir='ltr'><strong>γιννηθό</strong></span> 
     </span>
     <span class='ocr_line' id='line_1_63' title="bbox 1085 5129 1204 5204; baseline -0.034 -22"><span class='ocrx_word' id='word_1_647' title='bbox 1085 5129 1204 5204; x_wconf 72' lang='grc' dir='ltr'><strong>γενέσθαι.</strong></span> 
     </span>
    </p>
   </div>
   <div class='ocr_carea' id='block_1_6' title="bbox 1120 5211 1836 5293">
    <p class='ocr_par' dir='ltr' id='par_1_9' title="bbox 1120 5211 1836 5293">
     <span class='ocr_line' id='line_1_64' title="bbox 1120 5211 1836 5293; baseline -0.018 -16"><span class='ocrx_word' id='word_1_648' title='bbox 1120 5219 1143 5293; x_wconf 72' lang='lat'><strong>⁵)</strong></span> <span class='ocrx_word' id='word_1_649' title='bbox 1161 5217 1230 5276; x_wconf 83' lang='lat' dir='ltr'>Ood.</span> <span class='ocrx_word' id='word_1_650' title='bbox 1251 5213 1392 5288; x_wconf 76' lang='grc' dir='ltr'><strong>μιταόαλόν</strong></span> <span class='ocrx_word' id='word_1_651' title='bbox 1418 5214 1468 5273; x_wconf 79' lang='lat' dir='ltr'><em>sic.</em></span> <span class='ocrx_word' id='word_1_652' title='bbox 1488 5215 1584 5273; x_wconf 73' lang='lat' dir='ltr'><strong>Panlo</strong></span> <span class='ocrx_word' id='word_1_653' title='bbox 1601 5213 1680 5270; x_wconf 72' lang='lat' dir='ltr'><em>infra</em></span> <span class='ocrx_word' id='word_1_654' title='bbox 1697 5211 1735 5268; x_wconf 86' lang='lat' dir='ltr'><strong>H.</strong></span> <span class='ocrx_word' id='word_1_655' title='bbox 1755 5219 1836 5286; x_wconf 77' lang='grc' dir='ltr'><strong>φθορὰ</strong></span> 
     </span>
    </p>
   </div>
   <div class='ocr_carea' id='block_1_7' title="bbox 1086 5309 1278 5361">
    <p class='ocr_par' dir='ltr' id='par_1_10' title="bbox 1086 5309 1278 5361">
     <span class='ocr_line' id='line_1_65' title="bbox 1086 5309 1278 5361; baseline -0.026 0"><span class='ocrx_word' id='word_1_656' title='bbox 1086 5311 1111 5361; x_wconf 70' lang='lat' dir='ltr'><em>ti</em></span> <span class='ocrx_word' id='word_1_657' title='bbox 1131 5309 1278 5360; x_wconf 82' lang='grc' dir='ltr'><strong>τούναντίου,</strong></span> 
     </span>
    </p>
   </div>
   <div class='ocr_carea' id='block_1_8' title="bbox 0 0 1977 6068">
    <p class='ocr_par' dir='ltr' id='par_1_11' title="bbox 0 0 1977 6068">
     <span class='ocr_line' id='line_1_66' title="bbox 0 0 1977 6068; baseline 0 0"><span class='ocrx_word' id='word_1_658' title='bbox 0 0 1977 6068; x_wconf 95' lang='lat' dir='ltr'><strong> </strong></span> 
     </span>
    </p>
   </div>
  </div>
 </body>
</html>
