4006 6074
783 545 821 618 O.
859 543 897 618 V.
927 541 1119 636 Apicianas
1146 543 1320 618 Juvenum

563 717 709 784 Dimittit
731 741 853 800 cumas,
877 721 911 785 et
933 717 1024 786 deria
1046 739 1191 804 quaeque
1213 738 1390 803 capessens,

565 822 751 892 Oeessuram
775 826 879 892 medio
901 825 997 911 liquit
1020 825 1194 892 certamine
1217 825 1346 910 pubem,

564 930 818 1020 Oompnlsnsque
841 933 895 1001 siti
917 935 1065 1019 (pedibus
1088 955 1163 1000 uam
1186 933 1315 1018 fugerat
1337 931 1476 1018 hostem)

496 1037 539 1075 ²³⁰
561 1041 682 1110 Pocula
702 1042 822 1110 Ioelem
845 1043 966 1129 poscit:
989 1064 1064 1109 mox
1087 1042 1180 1127 pellis
1202 1046 1334 1126 opertus

560 1151 715 1238 Tegmine
738 1152 874 1219 femineo
897 1151 1029 1218 festinat
1051 1151 1159 1216 vivere
1182 1149 1276 1216 dono.

560 1260 621 1328 Sed
643 1260 770 1327 laudem
792 1260 880 1328 Ioela
902 1260 1023 1341 volens,
1050 1259 1171 1326 fastidit
1193 1259 1342 1341 inertem,

558 1368 805 1455 Perrumpitqne
827 1368 888 1435 riri
910 1389 1086 1453 properans
1109 1388 1186 1434 cava
1208 1371 1355 1453 tempora
1376 1365 1467 1451 pnlo;
1558 1447 1563 1456 ι

559 1477 622 1556 Qui
645 1476 751 1562 gelido
774 1481 887 1562 eaptus
910 1476 1010 1557 letho,
1033 1475 1181 1542 fluitante
1203 1474 1344 1557 cerebro,

494 1579 536 1618 '³⁵
560 1584 709 1669 Exspirat
731 1587 874 1666 tenuem,
899 1583 1054 1650 transfixo
1076 1583 1208 1664 vertice,
1229 1583 1341 1650 vitam.

563 1693 645 1760 Tum
668 1693 813 1778 psallunt
836 1713 983 1778 proceres
1005 1691 1102 1759 simili
1125 1713 1270 1758 sermone
1291 1688 1434 1758 tonanti:

1029 1905 1128 1974 Osrur
1150 1905 1191 1972 V.

607 2124 780 2210 ‘Quisque
805 2123 884 2192 cluis
906 2143 1019 2210 regno,
1042 2143 1175 2209 magnae
1199 2123 1255 2208 qni
1276 2125 1439 2208 temperas
1462 2123 1567 2205 urbes,

566 2286 581 2316 ,
594 2233 656 2312 Qui
679 2238 825 2320 satrapas
848 2233 900 2300 rel
924 2236 1051 2318 sceptra
1075 2233 1161 2318 geris
1185 2255 1205 2299 a
1227 2252 1303 2318 rege
1326 2231 1473 2314 secunda,

564 2343 773 2424 ,Procurvue
795 2363 948 2409 venerare
971 2342 1088 2423 Deum,
1113 2340 1153 2408 da
1175 2341 1273 2428 digna
1296 2341 1427 2427 perenni

492 2447 535 2485 ²⁴⁰
564 2449 740 2531 ,Canticat
764 2471 901 2535 nemque
924 2448 1011 2516 aliud
1033 2447 1190 2515 Dominus
1212 2453 1245 2514 te
1269 2469 1385 2534 cogere
1407 2469 1471 2514 uon
1494 2446 1574 2514 vult.

565 2557 655 2638 ,Qui
678 2561 793 2639 terras,
816 2557 872 2643 qui
894 2579 971 2624 sexu
993 2557 1110 2642 quatit,
1132 2556 1189 2642 qni
1211 2557 1338 2622 flamine
1361 2560 1496 2642 pontum

564 2667 738 2748 ,Emovet
762 2672 795 2734 et
817 2667 940 2733 tonitru
962 2666 1126 2752 nigrantia
1148 2665 1260 2732 nubila
1282 2666 1403 2744 sulcat;

566 2774 727 2860 ,Exignis
748 2774 805 2860 qui
827 2774 912 2841 celsa
933 2774 1030 2854 levat,
1053 2774 1108 2859 qni
1132 2773 1266 2859 grandia
1289 2777 1394 2840 mutat
1411 2768 1434 2850 ¹)

566 2882 759 2964 ,Dulcisoni
783 2887 910 2950 mutate
933 2881 1034 2964 chori,
1057 2881 1216 2967 collesque
1238 2903 1424 2968 nemusque,

495 2987 538 3024 ¹⁴⁸
568 2991 807 3077 ,Responsent
830 2989 1002 3076 laudesque
1026 2993 1145 3058 navent
1167 2995 1200 3056 et
1223 2989 1404 3072 tinnitibus,
1427 3011 1509 3076 qnae

570 3096 750 3178 ,Protinus
772 3102 806 3163 et
828 3119 920 3164 verse
942 3096 1135 3165 concordent
1158 3119 1323 3164 murmura
1345 3097 1426 3166 roci.

569 3205 749 3291 ,Respexit
772 3204 938 3288 Dominus,
961 3225 1041 3290 quos
1064 3205 1204 3290 liquerat
1225 3209 1258 3271 et
1280 3204 1365 3272 male
1387 3205 1498 3272 fractm

567 3312 742 3396 ,Reddidit
764 3313 944 3401 imperium,
967 3312 1133 3398 medioque
1155 3335 1195 3379 ex
1217 3312 1308 3380 hoste
1330 3313 1451 3399 recepti
1471 3309 1536 3398 ,²).

972 3526 1072 3594 Gerar
1094 3525 1154 3594 VI.

604 3747 693 3832 Ergo
715 3745 929 3832 quaterdenos
950 3745 1077 3832 requies
1100 3749 1149 3811 est
1172 3744 1349 3831 missaper
1372 3767 1482 3828 annos,

498 3851 541 3890 ²⁸⁰
564 3857 712 3942 Dumque
734 3856 826 3924 bonis
848 3855 977 3938 fruitur,
1001 3855 1119 3922 iterum
1141 3852 1294 3921 redeunte
1316 3858 1418 3936 reatu,

560 3966 649 4042 Quae
672 3965 801 4032 fuerant
823 3965 983 4046 damnate,
1006 3964 1152 4050 placent:
1176 3985 1315 4050 iramque
1337 3962 1423 4031 idola
1445 3963 1522 4032 laeti

559 4073 747 4154 Institnnut,
771 4094 948 4158 nomenque
970 4073 1032 4140 Dei
1054 4095 1235 4158 numenque
1257 4072 1454 4157 relinquunt.

564 4179 651 4258 Quos
674 4180 830 4247 Dominus
853 4178 956 4248 laesos
979 4184 1101 4266 septem
1124 4179 1311 4265 disperdidit
1334 4181 1436 4248 annis.

561 4287 610 4356 Ac
632 4289 763 4374 parides
786 4289 855 4378 regi
878 4289 971 4356 iussit
993 4289 1111 4356 servire
1135 4289 1277 4356 Mediae:

496 4392 540 4429 ¹⁸⁵
562 4394 638 4464 Non
661 4396 721 4464 ulli
743 4397 820 4464 dare
841 4419 875 4466 se
897 4419 1021 4483 campo,
1044 4419 1108 4464 non
1131 4397 1226 4464 obvia
1248 4397 1332 4464 ferre

563 4504 710 4587 Pectora,
733 4505 788 4572 sed
810 4506 887 4573 solis
910 4505 1052 4593 gaudent
1075 4527 1109 4572 se
1132 4505 1268 4573 condere
1290 4505 1410 4585 muris3

557 4611 671 4679 Castra
695 4614 800 4697 modo,
824 4613 972 4700 celsaque
995 4617 1083 4680 metu
1107 4613 1285 4680 munimina
1306 4613 1447 4680 firmant.

559 4719 814 4808 Fornicibusqne
837 4722 923 4791 cavis
946 4720 1135 4802 absconditi,
1158 4721 1204 4788 sie
1227 4741 1355 4806 quoque
1378 4720 1513 4806 pollent.

557 4828 640 4896 Tum
664 4851 762 4916 pecus
785 4852 878 4898 omne
901 4831 983 4916 capi,
1006 4833 1077 4897 tum
1100 4829 1232 4915 praedia
1253 4834 1370 4898 cuncta
1392 4830 1539 4912 cremari,

314 5108 338 5182 ι)
357 5108 520 5167 Tumultus
538 5110 607 5168 inde
625 5111 730 5184 gravis
749 5122 781 5169 et
798 5111 937 5170 foliorum
961 5131 1029 5171 eon·
1084 5112 1301 5186 exemplarium
1319 5111 1428 5170 seriem
1446 5112 1618 5186 ampliorem
1631 5112 1745 5172 Cantici
1756 5115 1833 5174 Deb-

277 5197 358 5256 fusio
375 5199 406 5256 in
425 5199 457 5257 Ο.
475 5199 547 5258 Mox
565 5218 637 5258 vero
655 5203 683 5257 A
701 5217 797 5275 usqne
821 5202 853 5259 in
878 5202 970 5260 finem
989 5200 1029 5260 di·
1083 5202 1181 5273 borae,
1201 5201 1280 5274 quod
1298 5208 1396 5276 poeta,
1415 5219 1468 5276 pro
1487 5219 1568 5260 mors
1594 5219 1650 5260 suo
1673 5202 1830 5275 homerico,

230 5317 233 5323 ·
276 5287 319 5346 ris
339 5287 514 5348 vulneribus
533 5289 709 5347 confoditur.
1083 5291 1677 5366 perrexit,nequefallor,heroioisrnstris
1686 5293 1830 5351 intexere.

313 5379 337 5450 2)
354 5377 524 5437 Dolendum
542 5378 737 5438 intercedisse
759 5379 790 5436 in
815 5381 870 5440 hoo
895 5385 1031 5442 tumultu
