3978 6070
623 462 678 534 De
696 462 914 535 ίαιιιιοῖσνιιιιι
932 461 1110 536 stellarum
1128 463 1284 555 sphaera.
1695 474 1731 530 τε

180 636 297 726 κόσμον
322 629 613 715 κατασκευάζοντες
644 635 804 718 ποικίλον,
829 636 878 698 ἵνα
903 635 1151 725 μηχανήσωνται
1176 629 1265 714 τάξιν
1289 636 1354 712 ἑνός
1379 635 1505 727 ἀστέρος
1530 637 1653 724 άπλήν,
1677 637 1731 702 καί

181 746 252 810 ούτε
275 754 332 809 τοῦ
356 742 505 828 πλήθους,
524 745 596 809 οὔτε
612 754 653 828 τῇ
673 754 730 819 τῆς
745 745 901 819 ποικιλίας
918 735 1107 834 δημιουργίᾳ
1124 743 1301 835 πρέπουσαν
1326 747 1428 810 αἰτίαν
1453 741 1632 836 φράζοντες,
1656 748 1730 837 πρός

180 863 225 936 τῷ
243 853 295 916 καί
312 851 368 928 τάς
385 851 541 928 ὑποθέσεις
560 851 654 928 αύτάς
672 851 867 942 έληλέγχθαι
883 850 968 941 παρά
985 861 1047 916 τῶν
1065 853 1204 942 ὕστερον,
1220 859 1259 930 ὡς
1276 853 1359 940 μήτε
1375 853 1481 918 πάντα
1501 853 1542 919 τά
1558 855 1731 944 φαινόμενα

181 955 289 1038 σ’ὡζειν
314 952 497 1050 δυναμένας,
522 959 595 1047 μηθ’
620 963 678 1024 όσα
702 960 755 1024 καί
779 955 928 1038 σώζουσιν
946 960 1119 1050 ἀρκούντως
1138 954 1371 1038 άποδεικνύσας.
1389 969 1498 1028 Ταῦτα
1524 963 1578 1054 μέν
1603 958 1654 1028 ούν
1679 966 1732 1029 καί

139 1096 152 1133 ε
180 1073 195 1132 ό
221 1069 416 1158 Πτολέμαιος
440 1074 471 1134 έν
496 1081 560 1145 τοῖς
584 1079 646 1134 τῶν
671 1067 843 1134 ὑποθέσεων
870 1061 1000 1152 βιόλίοις
1024 1070 1318 1160 ἐπραγματεύσατο·
1342 1075 1468 1136 πολλῶν
1494 1063 1527 1136 δέ
1550 1071 1649 1136 όντων
1674 1073 1729 1138 καί

181 1177 284 1241 ἀλλων
310 1179 367 1242 ὅσα
390 1177 536 1269 λέγεσθαι
561 1169 694 1242 δυνατόν
717 1179 791 1267 πρὸς
808 1175 865 1253 τάς
882 1176 1031 1253 τοιαύτας
1049 1178 1146 1269 ἀρχάς
1171 1189 1228 1255 τῆς
1244 1180 1313 1271 περί
1333 1189 1395 1243 τῶν
1421 1183 1567 1269 ούρανίων
1592 1179 1729 1271 θεωρίας.

181 1291 337 1351 Τοσοῦτον
350 1293 440 1375 ήμεῖς
454 1297 518 1362 τοῖς
532 1287 701 1376 εἰρημένοις
717 1284 913 1375 προσθέντες,
927 1287 979 1350 ἐπὶ
992 1284 1034 1349 τά
1048 1287 1235 1375 προκείμενα
1248 1297 1408 1377 χωρῶμεν,
1423 1289 1473 1352 ότι
1484 1291 1592 1371 πολλῷ
1608 1288 1732 1371 βέλτιον

180 1400 286 1471 αὐτοῖς
311 1387 431 1460 διδόναι
454 1395 514 1466 τήν
538 1397 659 1468 κίνησιν
676 1405 742 1470 τοῖς
759 1394 883 1485 ἄστροις
901 1388 1021 1483 μεταξύ
1036 1404 1099 1458 τῶν
1117 1394 1263 1461 άπλάνων
1280 1395 1486 1486 τεταγμένοις
1507 1395 1561 1459 καὶ
1584 1405 1647 1460 τῶν
1672 1395 1731 1460 ὑπό

181 1503 316 1576 σελήνην
341 1503 495 1592 σωμάτων
520 1512 583 1567 τῶν
601 1503 656 1593 μέν
674 1506 777 1576 ἁπλῆν
794 1502 848 1566 καί
863 1501 1064 1592 τεταγμένην
1089 1502 1277 1591 κινουμένων
1298 1504 1430 1589 κίνησιν,
1447 1513 1509 1568 τῶν
1528 1496 1561 1568 δέ
1583 1505 1731 1575 ποικιλην

126 1631 153 1667 10
180 1613 234 1675 καί
257 1612 396 1676 ἄτακτον
430 1614 536 1687 αὺτοῖς
566 1612 765 1704 τεταγμένην
797 1611 863 1698 ἅμα
888 1610 942 1673 καί
965 1611 1129 1683 ποικίλην·
1153 1612 1191 1675 τό
1217 1611 1271 1701 μὲν
1297 1610 1357 1703 γάρ
1389 1611 1584 1703 τεταγμένον
1616 1616 1730 1676 οἰκεῖον

181 1716 322 1808 σώμασιν
348 1718 449 1800 θείοις,
474 1713 515 1783 ὡν
540 1724 624 1784 ἑστιν
649 1717 732 1809 ψυχή
760 1717 844 1783 κατά
868 1728 937 1782 νοῦν

181 1995 203 2061 f.
230 1997 282 2074 68,
306 1995 341 2059 in
364 1993 637 2059 lacuna4vers.:
664 2001 858 2068 ...ταῖς...
882 1989 1049 2081 χρωμένων
1073 1987 1303 2078 ψυχῶν...λά
1327 1986 1420 2078 ὀρθήν
1445 1988 1498 2053 καί
1518 1992 1615 2054 ἑκ...
1642 1987 1731 2053 είκὼν

180 2106 199 2172 ή
226 2093 323 2177 τάξις·
348 2100 385 2164 τό
410 2088 444 2163 δέ
467 2102 651 2163 ἁπλοῦν...
676 2097 817 2188 σὼμασιν
841 2102 951 2163 οἰκεῖον
976 2097 1121 2186 σώματος
1146 2096 1270 2188 γάρ...
1297 2095 1380 2184 μετά
1398 2096 1498 2173 ἄλλης
1515 2099 1575 2172 ούκ,
1595 2095 1732 2186 ἄμοιρος,

181 2213 220 2284 ὡς
245 2211 275 2272 έν
294 2211 451 2290 Πολιτικῷ
476 2205 717 2295 μεμαθήκαμεν·
741 2205 830 2270 όποτ’
856 2205 892 2270 ἀν
910 2199 961 2270 οὖν
979 2204 1021 2272 τά
1038 2205 1172 2295 σὼματα
1188 2205 1231 2295 μή
1250 2214 1313 2269 τῶν
1336 2207 1534 2292 πρωτίστων,
1558 2202 1642 2269 ἀλλά
1666 2213 1730 2268 τῶν

127 2345 154 2381 ιο
182 2307 334 2405 δευτέρων
358 2311 378 2390 ή
403 2315 457 2380 καί
481 2313 643 2380 συνθέσθαι
676 2318 731 2379 οὐκ
757 2317 910 2405 ἀμοίρων,
936 2314 1057 2404 ἀνάγκη
1085 2305 1187 2386 δήπου
1219 2314 1272 2379 καί
1295 2312 1355 2386 τήν
1383 2315 1504 2385 κίνησιν
1530 2315 1633 2376 αὐτῶν
1657 2305 1734 2376 εἶναι

180 2423 240 2497 τήν
266 2424 350 2489 κατά
374 2423 461 2513 φύσιν
487 2424 648 2496 τοιαύτην.
674 2431 709 2488 Ei
732 2419 784 2489 σύν
809 2428 840 2489 ἐν
864 2434 930 2500 τοῖς
953 2421 1133 2488 πλανᾶσθαι
1156 2423 1354 2515 λεγομένοις,
1378 2414 1468 2498 τάξιν
1499 2421 1553 2509 μέν
1584 2415 1662 2484 εἶναι
1686 2410 1735 2484 δεῖ

180 2531 306 2607 πάντως
330 2535 360 2596 ἐν
384 2542 453 2606 ταῖς
476 2523 640 2621 περιίδοις,
665 2531 837 2605 ἁπλότητα
855 2523 888 2597 δέ
902 2542 964 2596 τῶν
983 2531 1037 2621 μέν
1058 2536 1109 2596 ὑπ’
1136 2531 1228 2607 αὑτά,
1254 2535 1375 2620 μᾶλλον
1399 2540 1462 2594 τῶν
1488 2520 1521 2594 δέ
1544 2529 1603 2615 πρό
1629 2531 1731 2593 αὐτῶν

180 2637 278 2715 ἧττον
303 2650 397 2704 τοῦτο
422 2629 469 2705 δεῖ
491 2652 633 2706 σκοπεῖν·
659 2645 686 2706 εί
708 2642 763 2705 καί
786 2643 967 2731 ἀνωμαλίας
991 2641 1101 2717 ούσης,
1125 2645 1144 2714 ή
1171 2633 1258 2718 τάξις
1282 2639 1384 2720 ἐστίν,
1409 2638 1463 2703 καί
1494 2638 1552 2715 τάς
1580 2629 1730 2710 δοκούσας

181 2748 412 2836 ἀνομοιότητας
429 2753 460 2812 έν
477 2749 597 2839 χρόνοις
614 2753 681 2839 ἔχει
697 2751 913 2842 τεταγμένοις,
931 2756 970 2826 ὡς
987 2749 1041 2813 καί
1053 2755 1093 2824 εἰς
1108 2750 1274 2840 μυριοστόν
1288 2751 1355 2824 ἔτος
1374 2739 1523 2813 δύνασθαι
1539 2748 1611 2838 περί
1627 2750 1730 2810 αὐτῶν

126 2883 154 2919 ιο
180 2861 285 2932 εἰπεῖν,
309 2850 387 2931 όπως
404 2857 524 2921 ἕκαστα
541 2856 595 2920 καὶ
611 2860 674 2932 οἵας
691 2850 752 2935 ἕξει
768 2856 825 2932 τάς
843 2850 988 2935 ἀνελίξεις
1005 2867 1067 2922 τῶν
1084 2857 1235 2922 τοιούτων
1254 2861 1449 2946 ἀνωμαλιῶν·
1469 2860 1533 2921 εἴτε
1551 2850 1602 2921 σύν
1617 2855 1732 2920 θᾶττον

180 2975 298 3029 κινοῖτο
322 2964 376 3029 καί
401 2956 588 3054 βραδύτερον
612 2965 832 3055 τεταγμένως,
857 2967 921 3031 εἴτε
945 2967 995 3030 έπί
1017 2967 1173 3030 τάναντία
1196 2964 1374 3056 προσθέσεις
1398 2977 1534 3031 ποιεῖται
1558 2963 1612 3028 καί
1636 2967 1734 3050 ἀφαι-

182 3073 285 3162 ρέσεις,
309 3075 360 3138 εἴτ’
389 3073 439 3138 έπί
462 3073 500 3137 τό
524 3073 672 3162 ἀπόγειον
696 3073 715 3145 ή
740 3076 893 3164 περίγειον
918 3078 948 3138 εἰι
973 3075 1151 3166 ὡρισμένοις
1170 3075 1292 3164 χρόνοις
1316 3073 1522 3163 φυλάττοντα
1546 3073 1606 3142 τήν
1630 3063 1732 3148 τάξιν,

180 3170 267 3246 οὐδέν
292 3185 382 3266 ἡμεῖς
406 3174 531 3258 ἀνάξιον
555 3179 717 3272 ήγσύμεθα
740 3192 803 3246 τῶν
821 3181 905 3246 κατά
922 3193 990 3246 νοῦν
1008 3183 1195 3271 κινουμένων
1214 3181 1301 3248 θείων
1323 3182 1478 3271 σωμάτων
1502 3186 1585 3272 ὁρᾶν·
1609 3183 1647 3244 τό
1671 3177 1731 3268 γάρ

181 3288 265 3354 κατά
288 3289 393 3354 ταύτά
415 3290 469 3354 καί
492 3289 640 3365 ὡσαύτως
664 3289 718 3352 καί
733 3290 804 3379 περί
819 3289 861 3354 τά
880 3289 971 3365 αύτά,
990 3289 1060 3356 καθ’
1078 3293 1149 3355 όσον
1172 3290 1370 3377 κινουμένοις,
1389 3282 1522 3356 δυνατόν
1547 3295 1632 3356 ἑστιν
1656 3293 1729 3378 ὁρᾶν

128 3415 154 3453 2⁵
181 3396 235 3460 καί
259 3401 289 3462 έν
314 3398 445 3474 τούτοις·
471 3397 550 3462 ἀλλο
573 3396 632 3487 γάρ
650 3397 687 3461 τό
705 3396 853 3473 ὡσαύτως
870 3397 978 3461 καὶτὸ
995 3397 1199 3464 κατάταύτά
1216 3399 1268 3462 καί
1292 3399 1329 3462 τό
1353 3399 1422 3488 περὶ
1446 3398 1487 3463 τά
1505 3396 1586 3462 αύτά
1610 3407 1672 3461 τῶν
1697 3421 1732 3461 τε

179 3504 311 3595 πρώτων
334 3509 403 3572 έστι
425 3507 479 3571 καί
501 3515 564 3571 τῶν
590 3505 690 3596 μέσων
715 3504 769 3570 καί
798 3514 861 3568 τῶν
893 3508 1101 3570 τελευταίων·
1126 3518 1191 3583 τοῖς
1221 3506 1281 3597 γάρ
1311 3507 1413 3596 μέσοις
1444 3507 1574 3572 ἕκαστον
1607 3504 1729 3569 τούτων

181 3604 364 3692 ἀποδοτέον,
390 3638 428 3703 με

180 3886 203 3952 f.
229 3888 271 3952 68
295 3910 336 3965 v..
354 3885 389 3950 in
406 3885 519 3950 eadem
535 3885 670 3951 lacuna:
696 3893 825 3959 ...τοῖς
848 3895 1008 3976 προσεχῶς
1023 3935 1029 3950 .
1043 3935 1071 3950 ..
1097 3885 1221 3962 κύκλοις
1246 3888 1317 3950 σίων
1341 3895 1467 3950 τῶν...
1493 3883 1644 3956 κινήσεων
1668 3891 1731 3946 τῶν

180 3993 231 4059 έπί
255 3995 292 4059 τό
318 3993 380 4058 ἀνω
404 3993 458 4057 καί
482 3992 545 4061 κά.
561 4045 591 4061 ..
615 4003 678 4058 τῶν
703 3992 864 4058 θαττόνων
889 3993 943 4059 καί
968 3983 1182 4083 βραδυτέρων·
1207 4003 1315 4058 πασῶν
1341 3984 1374 4058 δέ
1397 4002 1459 4057 τῶν
1489 3990 1623 4057 ἐνταῦθα
1648 3989 1732 4054 κατά

128 4135 155 4172 ιι
181 4101 269 4191 φύσιν
294 4102 400 4166 ἄλλων
425 4102 532 4178 ἄλλοις
557 4104 621 4167 ἐκεῖ
642 4107 714 4166 κατ’
740 4105 854 4192 ἀμφοῖν
871 4105 902 4166 έν
923 4112 988 4178 τοῖς
1003 4104 1121 4178 αὐτοῖς,
1140 4103 1211 4167 ούτε
1228 4093 1267 4167 δι’
1285 4099 1442 4166 ἀσθένειαν
1467 4109 1525 4175 τῆς
1549 4109 1732 4188 ταχυτῆτος

182 4209 200 4281 ἢ
221 4221 279 4287 τῆς
298 4202 494 4300 βραδυτῆτος
512 4210 715 4289 έπεισιούσης,
730 4212 802 4275 οότε
816 4202 868 4275 διά
884 4203 965 4288 ζωῆς
984 4203 1164 4300 μεταόολήν
1181 4222 1239 4288 τῆς
1255 4217 1295 4287 εἰς
1313 4211 1350 4277 τό
1368 4211 1515 4303 ἀπόγειον
1533 4211 1551 4283 ή
1566 4210 1732 4300 περίγειον,

183 4318 254 4384 ούτε
279 4319 389 4385 στάσει
405 4329 463 4396 τῆς
479 4317 671 4408 προσθέσεως
688 4319 742 4383 καί
757 4319 944 4408 ἀφαιρέσεως
962 4310 1185 4410 διειργομένης,
1203 4319 1287 4384 ἀλλά
1303 4330 1464 4409 πανταχοῖ
1480 4317 1652 4408 φερομένων
1669 4326 1732 4380 τῶν

183 4430 249 4491 ἐκεῖ
263 4427 417 4517 σωμάτων
442 4419 494 4492 διά
510 4427 570 4502 τὴν
587 4436 650 4491 τῶν
667 4425 773 4518 ψυχῶν
791 4437 854 4491 τῶν
871 4439 1020 4494 κινουσῶν
1037 4429 1111 4518 πρός
1130 4428 1214 4492 ἀλλα
1231 4428 1284 4492 καί
1300 4427 1383 4492 ἀλλα
1403 4427 1521 4509 νόησιν,
1542 4425 1603 4491 άπὸ
1620 4444 1659 4496 -::·
1676 4433 1734 4499 τῆς

184 4537 282 4611 αὐτῆς
307 4527 463 4623 δυνάμεως
489 4527 539 4600 διά
565 4535 725 4622 βούλησιν,
751 4540 966 4627 ἀφομοιουσῶν
983 4535 1041 4613 τάς
1058 4541 1203 4626 ἐμφανεῖς
1225 4537 1360 4611 κινήσεις
1384 4546 1449 4611 τοῖς
1473 4534 1656 4623 νοουμένοις·
1682 4529 1736 4596 καί

131 4665 157 4703 ³⁵
184 4641 243 4732 γάρ
267 4643 419 4732 ὀχήματα
441 4637 591 4718 πολυειδῆ
617 4654 680 4708 τῶν
712 4645 849 4735 ἀστέρων
881 4651 964 4710 ἐστιν
996 4646 1070 4735 πρός
1102 4669 1139 4710 τε
1164 4645 1322 4720 ἀλλήλους
1346 4642 1495 4718 καὶτοὺς
1519 4653 1574 4708 τοῦ
1607 4644 1733 4731 ούρανοῦ

182 4749 306 4835 τόπους,
325 4751 378 4814 καί
397 4752 500 4840 φύσεις
524 4755 674 4830 ποικίλαι,
692 4752 749 4828 τάς
767 4757 890 4842 ἀφανεῖς
908 4753 1163 4844 άπργραφόμεναι
1179 4763 1242 4817 τῶν
1262 4744 1349 4818 εἰδῶν
1366 4743 1520 4839 δυνάμεις.
1537 4749 1600 4815 Καί
1624 4754 1656 4814 αί
1679 4748 1733 4839 μέν

182 4857 359 4948 προσθέσεις
383 4865 445 4924 ἐκεῖ
468 4861 521 4924 καί
546 4862 717 4951 ἀφαιρέσεις
741 4872 804 4927 τῶν
829 4863 887 4926 ὑπὸ
913 4864 1047 4936 σελήνην
1072 4855 1240 4927 ἐπιδόσεων
1264 4866 1305 4937 εἰς
1328 4859 1388 4934 τήν
1412 4852 1495 4936 ζωήν
1520 4857 1573 4922 καί
1596 4855 1732 4945 ὑφέσεων

184 4972 259 5031 εἰσιν
285 4969 393 5052 αἰτίαι,
419 4967 472 5032 καί
496 4968 533 5032 τό
557 4962 634 5032 εἶναι
657 4967 711 5030 καὶ
734 4965 793 5037 τήν
810 4957 989 5032 εἰδοποιίαν·
1008 4973 1040 5032 αἱ
1064 4963 1097 5033 δέ
1118 4958 1312 5058 βραδυτήτες
1333 4967 1386 5031 καί
1410 4971 1442 5028 αἱ
1465 4974 1647 5054 ταχυτῆτες
1670 4971 1733 5026 τῶν

184 5066 378 5150 δυσκινήτων
402 5077 456 5141 καί
480 5077 649 5148 εύκινήτων
675 5068 871 5164 μεταθολῶν,
888 5076 1020 5141 καὶτῶν
1038 5077 1268 5166 ήρεμαιοτέρων
1285 5077 1339 5139 καί
1355 5067 1610 5164 όξυρροπωτέρων
1635 5064 1731 5148 ζωῶν.

130 5205 156 5242 ⁴⁰
184 5191 222 5249 Αἱ
246 5175 279 5249 δέ
303 5189 345 5258 είς
369 5185 407 5248 τό
432 5183 495 5248 ἀνω
520 5184 573 5247 καί
597 5183 685 5248 κάτω
702 5185 836 5260 κινήσεις
853 5195 916 5249 τῶν
942 5186 1106 5276 ἀνωφόρων
1130 5185 1149 5257 ή
1172 5185 1373 5275 κατωφόρων,
1398 5182 1549 5270 καὶπρὸς
1573 5179 1611 5242 τό
1637 5177 1730 5268 μέσον

183 5293 202 5366 ή
229 5293 290 5358 ἀπό
314 5304 370 5359 τοῦ
395 5293 491 5381 μέσου
513 5301 623 5382 φορῶν,
641 5293 707 5358 ἐπεί
727 5293 781 5357 καί
804 5293 861 5370 τάς
886 5287 1031 5372 αὐξήσεις
1055 5294 1108 5360 καὶ
1126 5291 1267 5380 μειώσεις
1284 5292 1341 5369 τάς
1358 5301 1415 5367 τῆς
1441 5290 1574 5364 σελήνης
1599 5285 1652 5352 καί
1674 5285 1731 5361 τάς
