3940 6072
710 919 1104 1023 ROMANUS
1145 921 1481 1024 RHETOR.

589 1461 774 1550 Ῥωμανοῦ
807 1466 992 1550 Σοφιστοῦ
1022 1457 1106 1550 περί
1135 1460 1362 1550 παρειμένσυ
1393 1457 1604 1545 κανόνιςΙ).

855 1567 908 1638 De
928 1569 1012 1656 stylo
1032 1569 1128 1655 Ῑσσιίι·
1150 1577 1179 1636 et
1201 1572 1345 1638 remisso.

365 1787 431 1851 Ούκ
447 1788 549 1876 ἀγνοῶ
567 1784 622 1874 μέν
637 1789 678 1862 ιὀς
694 1788 862 1874 τολμηρῶς
878 1783 933 1848 καὶ
948 1785 1112 1876 περίεργον
1127 1778 1206 1850 εἶναι
1222 1771 1302 1862 δόξω
1314 1781 1340 1868 ²)
1354 1833 1361 1848 .
1377 1834 1383 1848 .
1398 1835 1405 1849 .
1421 1781 1463 1850 τά
1481 1782 1685 1858 σιωπηθέντα
1703 1793 1753 1868 τῷ
1774 1795 1888 1876 μακρῷ

322 1893 424 1984 χρόνῳ
448 1884 609 1985 διερευνῶν
626 1893 679 1958 καί
695 1883 899 1984 δημοσιεύων·
914 1891 1021 1982 τολμά
1037 1882 1071 1959 δέ
1087 1895 1121 1958 ού
1145 1902 1207 1958 τῶν
1232 1892 1414 1984 σοφωτέρων
1436 1891 1661 1983 ἀγνοησάντων
1678 1895 1801 1981 (μανία
1826 1893 1887 1984 γάρ

319 2011 414 2066 τοῦτο
437 2001 552 2094 λέγειν,
575 1990 616 2064 δι’
641 1993 683 2066 ὧν
708 2002 874 2092 φιλοσοφία
905 2001 959 2066 καὶ
982 2000 1073 2089 νόμοι
1096 2000 1150 2065 καί
1173 1999 1321 2092 ῥητορικά.
1347 1999 1402 2066 καί
1425 1999 1466 2067 τά
1490 1999 1574 2066 ἄλλα
1604 2001 1887 2088 πλεονεκτήματα

320 2119 366 2193 τῷ
391 2111 448 2194 βίῳ
466 2100 668 2201 δεδώρηται),
692 2108 776 2174 ἀλλά
800 2107 936 2201 ῥᾳθυμίᾳ
959 2108 1022 2174 τινί
1045 2107 1087 2174 τά
1111 2111 1241 2175 πλείονα
1265 2101 1518 2201 διαφθειράντων.
1536 2107 1662 2199 ’Ὥσπερ
1686 2101 1744 2173 οὖν
1770 2111 1789 2172 ό
1816 2109 1888 2172 σύν-

321 2241 420 2300 τονος,
444 2222 511 2290 ctae
537 2216 702 2308 φερόμενος
726 2218 867 2294 ὑπὸτῆς
891 2217 1019 2307 φύσεως,
1043 2219 1119 2290 ἔστη
1145 2215 1231 2308 παρά
1246 2228 1305 2294 τῆς
1322 2219 1436 2306 τέχνης
1458 2209 1547 2294 τάξιν
1569 2209 1688 2298 λαόὼν,
1715 2217 1805 2281 ούτω
1829 2216 1885 2280 καί

321 2330 338 2390 ὁ
363 2327 519 2415 ἀνείμονος
543 2325 644 2417 ἐχέτω
667 2325 796 2410 κανόνα,
820 2326 873 2391 καὶ
897 2325 940 2417 μὴ
960 2325 1093 2418 βάσιμος
1109 2327 1191 2392 έστω
1214 2335 1291 2391 πᾶσι
1310 2323 1513 2415 πλανώμενος
1527 2326 1563 2410 3)·
1585 2323 1781 2416 πειράσομαι
1806 2337 1881 2416 γοῦν

319 2439 361 2512 ὡς
384 2433 431 2512 ἂν,
456 2430 517 2511 οἷός
540 2428 624 2500 τιῶ
657 2432 865 2526 μετριώτερον
890 2443 1064 2525 στοχασμῷ
1088 2435 1142 2500 καί
1166 2425 1355 2518 διδασκαλίᾳ
1372 2425 1538 2518 δουλεύων,
1564 2423 1814 2500 διακινδυνεύειν
1842 2441 1881 2509 τίς

319 2544 447 2634 τέχνην.
471 2541 581 2608 Πάντα
605 2541 666 2635 γάρ
690 2546 772 2634 ἀρχῇ
798 2545 929 2634 γίνεται·
955 2548 984 2609 οί
1007 2533 1041 2610 δὲ
1065 2541 1133 2632 μεθ’
1157 2548 1242 2632 ἡμᾶς
1266 2541 1458 2634 μακρότερον
1471 2542 1497 2628 ⁴)
1525 2543 1678 2634 [ἐργασίᾳ]
1706 2543 1764 2608 καί
1793 2547 1881 2634 ἀκρι-

319 2643 466 2743 ύέστερον
491 2654 709 2746 ἀγωνίσονται.
733 2649 782 2717 Τά
805 2649 866 2742 γάρ
889 2659 967 2718 πᾶσι
990 2654 1174 2743 παρείμενα,
1198 2651 1285 2742 φησί,
1309 2661 1385 2718 πᾶσι
1407 2651 1462 2717 καί
1484 2653 1698 2742 πεπλήρωται

1011 2867 1182 2959 Τρόποι.

365 3091 419 3149 Δεῐ
440 3083 497 3148 τδν
522 3082 712 3172 βουλόμενον
737 3083 886 3173 άνειμίνῳ
909 3096 1089 3178 χαρακτῆρι
1111 3081 1306 3169 πλησιάζειν,
1331 3085 1369 3153 τδ
1393 3086 1449 3176 μέν
1469 3082 1572 3177 τραχύ
1596 3073 1818 3176 δραπετεύειν,
1843 3088 1877 3150 τί

324 3181 358 3256 δέ
381 3190 517 3283 ἀσφαλές
540 3183 692 3270 ίξασκεῑν.

365 3298 464 3364 ’Ἔστι
487 3290 521 3367 δέ
537 3311 592 3366 τοῦ
609 3299 665 3390 μέν
681 3303 832 3393 τραχέως,
858 3303 927 3369 ὅτε
944 3305 1158 3395 συγκρουσμός
1175 3304 1229 3369 καί
1251 3308 1271 3378 ἡ
1298 3301 1463 3394 ἐναγώνιος
1486 3295 1631 3381 σύνταξις
1653 3301 1708 3369 καί
1732 3305 1774 3369 τθ
1800 3307 1878 3394 ἰαμ-

320 3401 482 3500 όόκροτον.
507 3408 542 3474 ‘0
567 3408 623 3499 μέν
646 3403 699 3474 υύν
716 3411 942 3500 συγκρουσμός,
959 3409 1021 3478 οἷον
1038 3417 1079 3488 είς
1097 3404 1272 3505 ύπερόολὴν
1289 3408 1407 3498 παίζει,
1421 3409 1495 3479 ἔνθα
1514 3415 1530 3475 ὁ
1547 3415 1642 3501 Κῦρος
1658 3411 1712 3475 καί
1733 3416 1751 3476 ὁ
1769 3413 1875 3489 Σάκις,

319 3517 373 3582 καί
389 3521 405 3581 ὁ
423 3516 598 3609 κένταυρος,
615 3516 668 3582 καί
684 3517 699 3582 ό
716 3527 779 3582 τῶν
797 3511 999 3586 Ἀναόοίσεων
1016 3511 1202 3611 ψευδόμενος
1218 3519 1331 3609 νεκρός.
1349 3521 1384 3586 '0
1408 3511 1442 3586 δέ
1464 3511 1639 3610 Ἡρόδοτος,
1664 3517 1774 3609 μύθοις
1800 3526 1875 3588 ύπο-

319 3625 442 3690 κλέπων
468 3625 517 3691 ἀεὶ
539 3624 598 3697 τὴν
617 3624 776 3704 ἀλήθειαν,
795 3629 977 3694 ἀπιστεῖται
993 3629 1046 3694 καί
1070 3629 1182 3719 τέρπει.
1209 3629 1244 3694 ‘0
1262 3619 1295 3694 δέ
1311 3618 1506 3705 Θουκυδίδης
1529 3628 1583 3693 καί
1605 3627 1743 3693 Πλάτων
1770 3631 1873 3712 αὐτός,

318 3738 335 3797 ὁ
361 3732 416 3822 μέν
440 3727 473 3813 ἐξ
498 3731 638 3824 ἀνάγκης
663 3727 871 3813 ἀπεικάζεται
894 3745 935 3820 τῇ
962 3735 1032 3820 Ῥέᾳ
1056 3733 1115 3808 τὴν
1139 3746 1200 3825 γῆν
1217 3733 1254 3819 ⁸)·
1279 3739 1295 3800 ό
1320 3727 1354 3802 δέ
1379 3733 1465 3826 παρά
1489 3735 1548 3808 τὴν
1576 3736 1762 3826 φιλοσοφίαν
1787 3735 1873 3825 μύθῳ

319 3832 511 3932 διαλέγεται,
535 3845 575 3917 ὡς
600 3841 794 3916 ἀπαιτούσης
817 3853 876 3920 τῆς
899 3854 954 3908 τοῦ
980 3843 1140 3933 ἀνειμένου
1164 3844 1291 3934 φύσεως.

361 3946 538 4040 (Τρόπος.“)
556 3947 651 4039 ’Ἔχει
668 3939 701 4014 δὲ
716 3948 807 4039 χάριν
829 3951 962 4027 σπανίως
978 3952 1150 4042 λεγόμενον
1167 3952 1204 4017 τό
1221 3947 1530 4040 όμοιοιιατάληκτον·
1546 3947 1610 4015 οἷον
1627 3953 1643 4013 ὁ
1659 3941 1868 4026 Θουκυδίδης·

318 4059 471 4122 Φαίνεται
493 4055 554 4149 γάρ
571 4062 591 4131 ἡ
610 4067 661 4122 νῦν
677 4056 787 4134 Ἑλλάς
811 4059 1003 4148 καλουμένη,
1027 4065 1062 4126 ού
1084 4059 1185 4125 πάλαι
1202 4051 1333 4144 βεόαίως
1350 4060 1526 4148 οἰκουμένη.
1544 4058 1604 4125 Καὶ
1626 4057 1733 4122 πάλιν·
1760 4057 1869 4124 Ἐθαύ-

317 4158 396 4257 μαζε
419 4166 457 4231 τὸ
480 4164 612 4242 πλῆθος,
637 4170 671 4230 οὗ
695 4165 755 4257 γάρ
778 4157 850 4238 ἤδει
871 4169 909 4233 τό
932 4166 1041 4244 πάθος.
1066 4169 1126 4233 Καὶ
1155 4166 1298 4234 Πλάτων·
1324 4161 1365 4232 Ὦ
1388 4170 1492 4230 λῶστε
1515 4169 1614 4248 πῶλε,
1640 4168 1688 4230 ίνα
1710 4168 1868 4255 προσείπω

316 4296 351 4340 σε
375 4272 459 4338 κατά
483 4274 525 4339 σέ.
550 4273 708 4339 Φευκτέον
732 4264 766 4340 δὲ
789 4277 826 4340 τό
849 4276 1026 4368 προσκορές,
1052 4267 1206 4368 οὐδὲγάρ
1230 4280 1261 4340 ἑν
1290 4276 1428 4358 συντόνῳ
1461 4265 1619 4364 εὐδοκιμεῖ
1641 4280 1788 4366 Γοργεϊον
1819 4275 1868 4338 καί

319 4379 539 4475 ’ίσοκρατεῑοκ

356 4562 379 4637 ¹)
398 4563 445 4619 Ex
463 4562 527 4620 eod.
547 4561 615 4619 Vnt„
634 4562 688 4619 105
705 4581 733 4636 p.
754 4563 777 4636 1,
797 4561 817 4621 ί
838 4562 898 4619 151.
925 4561 1070 4637 copiosus
1123 4559 1232 4621 frieuit.
1249 4561 1308 4620 Sed
1331 4579 1454 4637 prorsus
1480 4560 1645 4620 timendum
1668 4578 1708 4619 ne
1731 4562 1866 4620 mutilum

319 4651 421 4723 codex,
435 4649 465 4706 in
480 4649 556 4706 duee
570 4657 671 4724 partes
685 4651 808 4724 divisae,
821 4651 968 4726 prolixum
984 4659 1016 4709 et
1027 4667 1072 4708 τε·
1123 4652 1252 4711 rhetoris
1271 4671 1345 4727 opus
1364 4671 1402 4710 ex
1414 4654 1543 4728 abrupto
1559 4651 1681 4724 ἰιιείρῖεέ
1700 4658 1731 4710 et
1749 4654 1865 4712 interne

318 4760 385 4800 rum
404 4740 539 4798 eontinet
551 4741 796 4800 commentarium
809 4743 839 4800 in
854 4743 929 4801 duos
948 4743 1070 4798 Hermo·
1124 4743 1224 4801 datin
1243 4741 1353 4812 codice,
1371 4740 1422 4814 qni
1441 4741 1562 4798 omnino
1580 4741 1688 4799 unicus
1707 4743 1834 4802 videtur.

319 4829 406 4903 genis
431 4835 595 4886 tractatus:
622 4834 681 4902 Περί
709 4831 822 4902 ιύρίσιως
848 4836 881 4888 ού
900 4835 958 4901 ΠιρΙ
981 4833 1069 4895 ὶδιῶνς
1159 4834 1182 4907 ⁸)
1201 4830 1368 4905 spatiolum
1380 4829 1410 4886 in
1423 4829 1487 4888 eod.
1499 4847 1629 4888 vacuum
1640 4831 1796 4889 videretur
1812 4833 1866 4890 hie·

318 4919 398 4991 quod
416 4924 514 4976 totum
539 4918 661 4976 videtur
683 4937 757 4993 opus
783 4919 879 4994 ignoti
896 4918 1068 4993 interpretis
1122 4929 1187 4980 tum
1205 4921 1339 4980 innuere.

317 5006 444 5065 Joennie
457 5007 630 5082 Doxopetri.
641 5008 726 5066 Inter
737 5017 895 5083 utramque
907 5010 1070 5080 Hermoge·
1158 5011 1182 5084 ³)
1200 5009 1342 5083 Suspicor
1360 5010 1536 5082 πλανυμίνιις.

317 5095 365 5154 nis
391 5101 577 5170 πραγματιίον,
596 5096 727 5155 fortasse
751 5097 790 5155 ed
815 5099 914 5156 locum
938 5114 1068 5154 vanuum
1157 5100 1181 5174 ⁴)
1199 5099 1326 5174 Ἐργαιία
1343 5099 1374 5156 in
1393 5115 1488 5172 marg.

317 5186 511 5260 implendum,
523 5185 668 5246 inseritur
681 5188 857 5263 opuseulum
868 5187 1004 5260 Romani,
1018 5205 1068 5244 cu·
1158 5191 1182 5263 ⁵)
1201 5194 1234 5262 τῇ
1253 5190 1296 5262 ριίι
1315 5193 1347 5261 τῇ
1367 5191 1403 5262 ῥῇ.
1423 5187 1471 5244 Sie
1489 5187 1554 5245 σοιλ
1573 5185 1723 5260 ambigue.

314 5274 366 5350 jus
384 5295 492 5334 nomen
504 5277 571 5335 ideo
583 5296 631 5336 me
643 5278 776 5352 pellexit,
790 5279 869 5354 quod
881 5277 991 5336 summi
1010 5294 1068 5335 me·
1146 5272 1181 5354 '⁶)
1200 5281 1298 5352 τρίπος,
1328 5277 1371 5336 εἰσ
1395 5277 1537 5353 frequens
1561 5274 1728 5336 attitulas
1754 5279 1866 5352 ponitur

317 5365 380 5424 lodi
392 5365 516 5424 Romani
529 5368 702 5426 memoriam
714 5367 787 5426 mihi
801 5365 1013 5428 saevissimam
1026 5385 1069 5425 re-
1122 5373 1209 5426 extre
1226 5365 1393 5443 periodum.
