4008 6068
857 483 1005 560 Sanetus
1025 484 1241 562 Athanasius

814 899 844 942 v.
871 873 1117 950 11.”Ακουσον,
1144 873 1288 965 θυγάτερ.

945 985 1046 1068 Audi,
1072 986 1156 1069 fitia.

321 1193 504 1273 Ἀθανάσιος
528 1189 563 1262 δὲ
585 1200 601 1260 6
624 1196 706 1262 πάνυ
727 1197 781 1262 καὶ
796 1207 837 1283 τῇ
857 1199 931 1290 ἁγίᾳ
948 1202 1025 1263 Θεο-
1123 1200 1320 1268 Athanasius
1343 1200 1399 1267 ille
1420 1201 1528 1286 magni
1545 1200 1692 1281 nominis,
1717 1220 1825 1266 sacrae

277 1306 363 1391 τόκῳ
379 1304 547 1380 ἀνατίθησι
564 1309 611 1371 τό·
628 1304 798 1384 ”Ακουσον,
811 1305 956 1398 θυγάτερ·
972 1307 1027 1371 καὶ
1082 1330 1209 1393 quoqne
1224 1307 1284 1374 Dei
1301 1309 1450 1393 genitrici
1466 1307 1589 1374 dedicat
1612 1306 1709 1373 illud:
1737 1307 1826 1372 ‘An-

276 1412 314 1476 τό
339 1412 433 1490 αὐτός
457 1417 525 1478 ἐστι
542 1414 661 1504 Κύριος,
679 1416 752 1505 ὅπερ
769 1415 875 1504 όριοιόν
892 1417 960 1479 ἐστι
976 1414 1025 1480 τό·
1082 1417 1124 1496 di,
1136 1417 1240 1498 filia„
1252 1421 1285 1482 at
1296 1416 1335 1482 de
1349 1417 1459 1482 eodem
1471 1414 1608 1481 Domino
1621 1415 1826 1502 agitur.Per·

277 1526 372 1610 Χαῖρε
388 1522 626 1611 κεχαριτωμένη
641 1520 677 1607 ¹),
703 1525 719 1585 6
736 1521 844 1611 Κόριος
861 1520 943 1611 μετὰ
961 1532 1025 1592 σοῦ.
1081 1524 1153 1590 inde
1177 1525 1260 1590 enim
1276 1527 1325 1588 est
1340 1522 1420 1589 illud
1446 1527 1496 1588 ‘o
1519 1522 1613 1607 plena
1630 1522 1767 1608 gratia„
1792 1524 1826 1587 at

278 1627 416 1719 Είρηκὼς
439 1627 510 1720 γάρ,
528 1630 633 1719 φησίν,
650 1633 666 1693 6
690 1623 797 1708 Δαυίδ,
814 1630 946 1721 Χριστόν
969 1629 1025 1695 τόν
1084 1635 1097 1665 ⁸
1112 1630 1268 1698 Dominus
1283 1635 1389 1698 tecum
1402 1679 1429 1708 ,.
1445 1628 1541 1710 Nam,
1558 1630 1672 1713 inquit,
1689 1628 1744 1695 nbi
1760 1627 1825 1695 Da·

276 1736 377 1827 λόγον
394 1745 450 1802 τοῦ
466 1741 556 1818 Θεοῦ,
573 1736 659 1813 εὐθὺς
676 1737 730 1802 καί
746 1737 807 1808 τὴν
828 1737 1025 1828 ἀνθρωπινθν
1081 1740 1133 1805 vid
1154 1739 1236 1806 dixit
1251 1737 1413 1805 Christum
1429 1759 1498 1806 esse
1513 1738 1573 1805 Dei
1589 1737 1743 1818 Verbum,
1759 1740 1825 1803 ata-

277 1845 421 1936 γέννησιν
446 1835 691 1930 θεθήλωκε,τὴν
716 1849 751 1912 ἐκ
775 1845 939 1937 Παρθένου.
964 1846 1026 1910 Καὶ
1080 1849 1140 1914 tim
1156 1848 1330 1916 declaravit
1344 1853 1455 1913 natum
1472 1869 1539 1913 esse
1562 1869 1598 1913 ex
1614 1846 1760 1932 Virgine.
1783 1845 1827 1911 Et

275 1955 291 2015 6
306 1951 361 2043 μὲν
378 1944 517 2042 Γαόριὴλ
535 1953 790 2043 κεχαριτωμένην
804 1958 910 2029 ἁπλῶς
923 1957 1025 2030 καλεῖ,
1082 1955 1213 2023 Gabriel
1236 1978 1306 2022 eam
1329 1955 1517 2040 simpliciter
1532 1958 1625 2021 aoeat
1647 1955 1754 2040 gratia
1776 1975 1825 2020 re·

276 2053 358 2140 Εένος
382 2058 424 2125 ιθν
449 2063 548 2137 αὐτῆς
572 2059 655 2126 κατά
684 2060 744 2134 τὴν
771 2061 925 2153 γέννησιν,
950 2065 967 2126 6
991 2053 1027 2127 tt
1081 2064 1262 2150 pletem,ut
1278 2063 1333 2148 qni
1348 2063 1423 2129 huia
1439 2063 1639 2148 generationi
1656 2067 1825 2129 extraneus

276 2160 373 2234 Δαυίθ
396 2171 432 2235 ἐκ
455 2180 511 2235 τοῦ
528 2169 704 2260 σπέρματος
729 2175 825 2236 αὑτοῦ
849 2170 1027 2260 τυγχάνου-
1081 2177 1139 2251 est,
1155 2172 1231 2238 dum
1248 2170 1351 2236 David
1373 2192 1413 2235 ex
1436 2171 1527 2256 eujus
1550 2170 1668 2235 semine
1691 2189 1825 2255 genera·

275 2301 344 2356 σαν,
369 2275 526 2370 θυγατέρα
548 2287 732 2368 προσφωνεῖ.
1080 2285 1144 2362 tur,
1168 2301 1238 2345 eam
1260 2277 1397 2345 salutat:
1425 2277 1538 2344 ‘Filia
1555 2326 1582 2357 ,.

883 2599 1082 2668 PSALMUS
1105 2598 1222 2666 XLVI.

641 2841 674 2884 n.
700 2821 730 2886 l.
753 2819 804 2892 Εἰς
828 2815 918 2891 τέλος
941 2812 1017 2905 ὑπὲρ
1041 2823 1104 2878 τῶν
1129 2819 1201 2879 υίῶν
1226 2811 1305 2904 Κορὲ
1327 2810 1463 2903 θαλριός.
1573 2805 1575 2810 ⁴

724 2925 767 2991 In
787 2925 853 3009 fine
876 2924 1080 3008 superstites
1104 2921 1194 3006 core,
1212 2924 1372 3008 psalmus.

310 3135 503 3220 Ἀθανάσιος,
516 3137 675 3226 Κόριλλος.
688 3135 1028 3227 Κλῆσινὲθνῶνόψαλ-
1124 3138 1270 3205 Psalmns
1292 3138 1425 3204 nunciat
1447 3136 1644 3204 vocationem
1667 3133 1823 3221 gentium,

277 3247 333 3336 ρός
357 3247 511 3335 σημαίνει,
537 3241 688 3335 ἀλίμενος
714 3249 750 3311 ἐκ
771 3244 938 3335 προσώπου
963 3254 1025 3310 τῶν
1081 3250 1226 3314 cantatus
1249 3247 1282 3312 in
1305 3267 1441 3333 persona
1459 3249 1641 3311 sanctornm
1663 3242 1824 3328 apostolo-

277 3355 373 3444 ἁγίων
397 3353 594 3430 ἀποστόλων,
610 3353 844 3443 παραινούντων
861 3363 926 3430 τοῖς
942 3351 1027 3418 ἔθυε·
1080 3378 1169 3436 rum,
1196 3355 1252 3440 qui
1283 3359 1415 3419 monent
1444 3351 1564 3418 Gentes
1580 3351 1739 3418 'exultare
1766 3371 1823 3434 per

277 3486 324 3526 σιν
342 3466 531 3552 ἀνασκιρτᾶν
549 3453 600 3526 aa
616 3455 755 3552 πράξεων
774 3459 899 3553 ἀγαθῶν
916 3461 967 3526 ἐπὶ
983 3471 1023 3546 τῇ
1080 3465 1180 3530 bonos
1192 3467 1282 3530 aetus
1294 3463 1335 3527 ob
1347 3465 1544 3546 reportatam
1556 3459 1597 3524 ab
1609 3458 1740 3524 infensis
1752 3457 1825 3524 dae·

277 3569 427 3662 γενοριένη
454 3571 523 3657 νίκῃ
541 3569 626 3635 κατὰ
643 3579 705 3634 τῶν
722 3571 893 3658 ἀλιτηρίων
918 3561 1027 3660 θαιρό-
1080 3573 1227 3638 monibus
1242 3557 1419 3637 victoriam.
1436 3567 1626 3634 Inseribitnr
1644 3569 1657 3599 ⁸
1675 3587 1772 3651 anper
1783 3565 1822 3629 fi-

278 3704 346 3744 νων.
363 3669 660 3770 Ἑπιγέγρκπταιθὲ
675 3679 750 3769 ὑπὲρ
767 3689 830 3742 τῶν
847 3683 919 3741 υἱῶν
937 3677 1025 3767 Κορὲ,
1079 3681 1139 3747 lioa
1163 3678 1286 3757 Gora„
1309 3677 1442 3742 nonita
1471 3681 1579 3742 tamen
1602 3680 1640 3740 ut
1664 3674 1825 3740 canticum

277 3792 336 3877 οὐχ
348 3793 387 3863 ὡς
400 3793 452 3852 ὑπ’
466 3789 590 3853 ἐκείνων
602 3787 726 3862 πάντως
739 3787 955 3879 γεγενημένης
968 3798 1025 3864 τῆς
1080 3786 1160 3852 illud
1177 3787 1305 3852 omnino
1320 3784 1361 3851 ab
1376 3785 1442 3878 illis
1464 3784 1597 3864 oriatur,
1614 3783 1667 3848 aad
1682 3782 1767 3866 quod
1783 3782 1824 3847 ab

276 3887 370 3980 ᾠδῆς,
395 3897 464 3959 ἀλλ’
491 3900 532 3970 ὡς
551 3886 590 3959 δι’
608 3897 710 3960 αὐτῶν
727 3899 892 3983 ὑπηρετεῖν
909 3917 1028 3983 τεταγ·
1081 3896 1158 3980 ipsis
1178 3916 1216 3960 ex
1232 3894 1341 3960 ordine
1364 3893 1586 3958 instruebatur
1609 3890 1822 3957 ministerium

277 4002 376 4092 μένων
400 4013 441 4088 τῇ
468 4006 608 4091 ἀναφορᾷ
630 4013 688 4079 τῆς
712 3993 813 4085 ᾡθῆς·
837 4002 904 4066 ἔστι
928 3992 962 4065 δὲ
985 4007 1026 4078 ὡς
1080 4004 1114 4068 in
1138 4003 1196 4068 ode
1215 4001 1386 4068 recitanda.
1402 4001 1449 4068 Ut
1472 4001 1555 4067 enirn
1579 3999 1711 4080 dietum,
1734 3999 1825 4066 adest

275 4112 406 4201 εἴρηται,
417 4119 480 4174 τῶν
492 4111 587 4200 ἁγίων
601 4108 786 4174 ἀποστόλων
796 4109 834 4172 τὸ
846 4107 1024 4197 πρόσωπον.
1080 4133 1214 4197 persona
1237 4109 1466 4196 apostolorum.

497 4453 528 4496 v.
552 4433 583 4497 4.
608 4421 760 4508 ’Υπέταξε
782 4426 877 4503 λαοὺς
900 4432 989 4515 ἡμῖν,
1013 4425 1066 4491 καί
1089 4423 1160 4500 ἔθνη
1186 4425 1246 4491 ὑπό
1269 4424 1341 4501 τοὺς
1364 4411 1462 4495 πόδας
1486 4423 1599 4487 αὐτῶν.

552 4536 693 4622 Sndjeeit
709 4537 848 4622 populos
870 4537 974 4620 nonis,
998 4543 1027 4604 et
1048 4543 1157 4621 pentes
1179 4537 1238 4604 snt
1255 4537 1393 4620 peditus
1415 4536 1548 4603 nostris.

320 4752 355 4819 '0
379 4743 413 4818 δέ
436 4749 514 4828 θεῖος
539 4749 723 4828 Ἀθανάσιος
746 4749 840 4827 λαοὺς
865 4752 918 4815 καὶ
938 4749 1023 4828 ἔθνη,
1124 4752 1169 4819 At
1180 4753 1271 4820 divus
1284 4745 1478 4819 Athanasius
1490 4751 1536 4819 ait
1548 4750 1684 4837 populos
1697 4755 1730 4817 at
1742 4772 1822 4838 gen·

274 4861 329 4926 τόν
346 4883 382 4926 τι
408 4867 552 4926 Σατανᾶν
569 4860 624 4924 καὶ
639 4859 696 4937 τὰς
713 4858 767 4924 σὺν
784 4863 870 4944 αὐτῷ
887 4856 1024 4948 πονηρὰς
1078 4865 1127 4926 tes
1149 4860 1222 4926 illas
1237 4883 1304 4926 esse
1320 4859 1472 4926 θυίουσιν
1488 4865 1521 4926 et
1543 4881 1658 4945 pravas
1680 4861 1741 4926 snb
1764 4858 1821 4924 illo

274 4962 420 5058 δυνάμεις
437 4964 513 5035 εἷναί
529 4991 633 5059 φησιν,
650 4969 720 5059 περὶ
735 4963 777 5034 ὧν
794 4971 901 5059 ἔλεγεν
919 4973 934 5033 6
959 4973 1026 5035 Σω-
1078 4972 1265 5053 potestates,
1277 4968 1315 5035 de
1328 4967 1444 5054 quibas
1455 4968 1537 5034 dixit
1553 4967 1715 5035 Salvator:
1735 4965 1825 5033 ‘Eo-

274 5077 344 5167 τήρ·
358 5066 438 5140 Ἰθοθ
452 5066 574 5142 θέθωκα
587 5080 658 5164 ὑμῖν
674 5085 788 5140 πατεῖν
805 5074 910 5140 έπάνω
926 5075 1024 5164 όρεων
1079 5099 1114 5144 ca
1130 5075 1201 5143 dedi
1212 5075 1302 5142 vobis
1314 5075 1499 5143 oononloare
1511 5080 1675 5162 serpentes
1687 5079 1721 5142 et
1735 5095 1823 5142 soor·

313 5302 336 5377 ¹)
354 5304 426 5361 Lao.
447 5319 465 5375 ι,
484 5303 530 5359 28.
