4022 6072
761 464 910 544 Sanetus
930 465 1135 542 Ambrosius
1666 477 1718 536 121

174 644 357 732 reponitur;
380 649 413 710 et
429 665 448 709 e
463 665 526 728 quo
542 641 620 708 illud
638 643 850 724 intrauerunt,
867 663 967 727 neque
983 641 1059 708 dum
1081 640 1204 723 vivunt,
1221 662 1283 706 non
1308 645 1434 707 exeunt.
1457 639 1589 718 Quando
1613 642 1722 727 aliqua

175 755 214 820 de
238 751 533 819 sanctimonialibus
549 749 626 816 illue
641 751 786 817 converti
800 749 949 830 voluerit,
967 754 1023 815 aut
1039 748 1147 832 alique
1168 747 1346 833 poenitens,
1365 747 1437 815 huie
1458 752 1584 814 tantum
1607 754 1720 834 portue

175 862 263 946 ipsae
285 860 484 944 aperiuntur.
508 857 594 924 Nam
611 879 739 943 semper
754 857 878 924 clausae
895 861 998 937 erunt,
1015 861 1047 922 et
1064 855 1214 922 victualia
1230 856 1275 922 eis
1290 877 1349 941 per
1363 877 1490 921 murum
1507 857 1720 942 deponuntur.

177 967 262 1036 Nam
285 990 385 1053 aquae
409 967 442 1032 in
465 967 621 1034 cisternas
644 966 774 1032 habent.

549 1233 550 1238 ἵ
687 1144 847 1230 Virpitius
871 1147 1012 1212 moriens
1036 1146 1170 1213 dietavit
1184 1139 1219 1228 ¹).

374 1699 851 1880 seuerus
914 1742 1534 1878 AMBROSIUS

744 2023 1158 2102 MEDIOLANENSIS.

873 2274 1033 2284 ..--.-—

474 2575 687 2644 Auobrosiuui
702 2578 760 2660 qui
775 2577 928 2644 dicuntur
943 2597 1055 2676 perstre
1072 2577 1111 2643 de
1124 2579 1257 2644 notorie
1273 2597 1383 2644 rerum
1395 2571 1433 2657 ¹).

495 2790 656 2858 Naturam
680 2792 756 2857 dere
779 2791 894 2876 cuique
917 2813 1007 2858 suam
1030 2792 1132 2859 voluit
1155 2792 1252 2872 Deus,
1276 2795 1372 2878 etque

537 2899 638 2966 Juxta
661 2903 810 2966 naturam
836 2899 896 2967 scit
919 2901 995 2966 dare
1018 2900 1132 2984 cuique
1154 2898 1273 2966 looum.

496 3004 639 3073 Naturae
662 3029 772 3074 rerum
794 3009 876 3093 quis,
900 3009 971 3093 quis
994 3008 1174 3076 considerat
1196 3007 1290 3091 alten,

541 3114 584 3180 Et
607 3114 677 3181 loca
700 3120 834 3182 naturae
858 3116 924 3182 eine
948 3121 1078 3201 stupore
1103 3117 1234 3201 potest?

501 3220 576 3288 Non
600 3223 661 3288 erit
685 3223 842 3289 attonitus
865 3222 979 3306 solum,
1003 3223 1057 3290 sed
1080 3227 1113 3288 et
1135 3223 1204 3308 ipse
1226 3221 1375 3288 fatiscet:

544 3327 657 3393 Finem
680 3333 814 3396 naturae
837 3351 930 3396 nemo
955 3330 1063 3397 videre
1086 3334 1204 3416 potest.

499 3435 709 3514 Quintanas
732 3460 838 3504 rerum
862 3441 994 3503 naturae
1017 3441 1123 3504 mente
1146 3436 1314 3504 revolvet?

544 3544 711 3611 Artificem
734 3543 867 3612 laudant
890 3565 952 3623 are,
975 3566 1066 3629 opus,
1090 3545 1266 3630 ingenium.

500 3651 583 3718 Mira
606 3653 722 3737 probet
746 3653 830 3737 quod
853 3651 897 3718 sit
919 3651 1097 3718 mirabilior
1119 3673 1195 3718 suus
1218 3656 1340 3719 auctor.

546 3751 654 3825 Claret
677 3759 827 3844 majestas
851 3759 1030 3826 conditione
1053 3781 1119 3827 sua.

502 3863 561 3931 Est
583 3887 640 3931 aer
662 3866 703 3932 ab
726 3888 809 3952 aque
832 3867 1000 3935 distinctus
1023 3872 1055 3934 et
1078 3868 1162 3954 ignis
1185 3868 1226 3934 ab
1249 3867 1316 3948 illo,

548 3971 699 4058 Subjneet
722 3975 772 4040 his
796 3975 893 4042 tellus
916 3975 1068 4043 inferiora
1090 3979 1215 4043 tenens.

507 4077 629 4145 Stravit
651 4080 795 4166 pulchre,
819 4083 965 4148 distinxit
987 4105 1040 4150 res
1063 4083 1236 4168 sapienter,

547 4185 664 4272 Stellae
686 4188 720 4253 in
742 4188 839 4256 coelis
859 4189 956 4274 jussit
979 4189 1099 4256 habere
1121 4191 1239 4256 locum.

500 4289 621 4377 Magna
644 4293 847 4378 planetarum
870 4301 977 4362 movet
1000 4299 1112 4364 aether
1134 4319 1269 4382 corpora
1290 4301 1425 4383 septem.

543 4398 611 4466 Aer
634 4399 775 4486 alitibus,
798 4403 939 4488 piscibus
963 4407 1047 4472 undu
1069 4407 1177 4473 datur.

504 4505 638 4574 Caeteru
659 4513 747 4576 terra
769 4514 867 4596 tenet,
892 4514 1008 4598 quibus
1031 4519 1079 4580 eet
1102 4515 1177 4580 data
1200 4513 1306 4599 gratie
1329 4513 1423 4594 vitae,

544 4614 634 4684 Haeo
658 4618 704 4684 ita
726 4619 873 4685 distinxit
890 4621 968 4703 vita,
993 4621 1149 4707 vigorque
1172 4620 1245 4686 Dei.

502 4719 676 4790 Mirantem
699 4727 803 4793 reddit
826 4749 934 4794 rerum
956 4729 1119 4796 distinctio
1141 4733 1292 4812 mentem,

547 4831 606 4899 Est
629 4833 745 4900 humus
768 4835 919 4902 haerendi
942 4839 1081 4907 maxima
1103 4859 1198 4905 eausa
1220 4838 1310 4904 mihi.

227 5091 250 5166 ¹)
266 5091 443 5152 Addebatur
455 5093 551 5152 veluti
562 5095 752 5156 acholiolnm:
765 5099 849 5158 Inter
861 5101 937 5160 dune
1027 5101 1050 5176 ¹)
1068 5101 1115 5158 Ex
1136 5099 1237 5159 oodioe
1263 5097 1389 5175 collegii
1407 5099 1519 5160 chrisu
1545 5099 1734 5170 Oxonieneie,

186 5185 287 5256 peden,
305 5200 438 5256 pureum
458 5185 599 5245 CCXXII
611 5205 722 5260 possus
734 5193 866 5250 etodium
885 5195 935 5250 eet.
989 5208 1070 5248 num.
1089 5205 1149 5248 xcv
1166 5190 1218 5248 fol.
1238 5191 1271 5246 17
1285 5201 1327 5248 vu
1340 5191 1401 5248 Sub
1418 5190 1476 5247 hoo
1495 5189 1600 5248 titulo:
1626 5191 1736 5249 Verum

198 5273 277 5332 VIII
290 5277 392 5332 studio
410 5277 491 5334 mezu
503 5293 618 5350 poenes
636 5279 771 5352 efficiunt.
987 5283 1085 5340 naneti
1102 5281 1253 5339 Ambrosii
1269 5281 1501 5339 Mediolanensem
1519 5281 1656 5354 episcopt.

333 5399 430 5457 Auen.
449 5415 477 5476 v,
497 5400 651 5462 fol.v111*.
