3978 6070
583 501 773 593 Reciproea
790 499 881 575 orbis
898 506 929 576 οῖ
949 500 1094 574 hominis
1111 500 1315 594 sympathia.
1687 515 1726 572 89

176 673 232 751 τάς
249 672 350 764 ψυχάς
367 665 598 765 διαλεγόμενον,
617 673 760 764 βήματος
777 668 858 740 εἶπεν
876 665 997 740 δεῖσθαί
1011 699 1105 750 τινος·
1120 676 1326 766 ύπερκόσμιος
1342 675 1402 769 γάρ
1419 672 1468 761 ήν,
1492 677 1546 743 καὶ
1561 685 1725 757 παντελῶς

176 779 363 874 ἐξῃρημένος
386 794 449 848 τῶν
474 781 591 874 ψυχῶν,
616 788 631 848 6
656 776 689 850 δὲ
711 785 874 875 προφήτης
899 784 952 848 καὶ
970 783 1092 858 θνητῶν
1107 776 1259 875 περιόδων
1283 779 1380 876 κῆρυξ
1405 786 1458 851 καί
1481 787 1657 876 ἑγκόσμιος.
1684 828 1724 838 -

176 892 253 968 Τοὺς
279 891 333 981 μὲν
359 886 410 957 ούν
434 892 546 984 λόγους
569 893 642 970 τούς
665 891 875 984 προρητικούς
899 895 1026 984 ὕστερον
1052 885 1295 983 διασκεψόμεθα·
1312 895 1377 959 νυνὶ
1401 885 1434 960 δὲ
1458 896 1538 972 τίνες
1562 901 1591 960 οί
1614 900 1725 986 κλῆροι

174 1002 228 1066 καὶ
252 1002 332 1076 τίνες
355 1006 384 1065 οί
409 1003 469 1085 βίοι
492 1000 635 1092 λέγωμεν
658 1002 820 1091 πρότερον,
843 1003 897 1066 καί
921 1003 992 1066 τίνοι
1008 1001 1050 1068 τά
1069 993 1316 1093 παραδείγματα
1339 1014 1402 1068 τῶν
1429 1005 1515 1088 βίων,
1539 1005 1593 1069 καὶ
1617 997 1669 1070 διά
1692 1008 1724 1070 τί

136 1131 148 1166 ⁵
175 1120 278 1174 ταῦτα
303 1109 364 1174 ἀπὸ
388 1119 450 1174 τῶν
475 1118 532 1186 τῆς
557 1109 721 1200 Λαχέσεως
746 1102 875 1200 δέχεται
896 1110 1049 1202 γονάτων,
1068 1115 1139 1176 ἀλλ’
1164 1114 1220 1176 ούκ
1245 1112 1305 1176 ἀπό
1330 1123 1392 1177 τῶν
1418 1112 1522 1177 ἀλλων
1547 1119 1678 1204 Μοιρῶν,
1702 1113 1722 1186 ή

174 1218 235 1284 ἀπὸ
259 1227 317 1294 τῆς
343 1218 460 1308 μητρός
484 1228 547 1284 τῶν
565 1223 695 1309 Μοιρῶν·
712 1212 784 1296 ἀξια
800 1217 860 1309 γάρ
877 1230 981 1285 ταῦτα
997 1219 1131 1309 θεωρίας.
1152 1220 1278 1286 Τούτων
1297 1213 1334 1294 δὴ
1360 1223 1569 1312 προκειμένων
1593 1226 1636 1296 είς
1661 1223 1725 1288 ἐπί-

175 1349 297 1407 στασιν,
315 1317 369 1390 δύο
385 1337 487 1392 ταῦτα
513 1327 653 1417 μάλιστα
670 1326 730 1419 χρή
749 1321 928 1418 προλαύεῖν,
943 1330 979 1393 ἵν’
993 1333 1008 1393 6
1023 1328 1144 1417 σύμπας
1161 1329 1253 1421 λόγος
1270 1336 1345 1418 ήμῖν
1362 1329 1496 1420 γένηται
1516 1332 1720 1422 καταφανής.

175 1474 216 1485 -
236 1433 292 1498 Ἓν
317 1435 383 1525 μέν,
407 1437 457 1501 ότι
480 1436 518 1500 τό
542 1437 583 1525 ἐρ’
610 1441 697 1524 ἡμῖν,
723 1440 757 1501 ού
782 1435 888 1525 μάτην
912 1436 949 1501 λέ

173 1657 196 1723 f.
223 1658 275 1737 84,
296 1658 371 1742 plus
387 1659 494 1724 minus
510 1657 604 1722 hiant
621 1658 641 1722 8
659 1679 788 1723 versus:
813 1659 911 1726 ...ἐν
935 1665 1004 1730 ταῖς
1029 1647 1061 1732 ἐξ
1085 1657 1188 1720 αὐτῶν
1204 1708 1210 1723 .
1228 1707 1234 1723 .
1250 1709 1257 1724 .
1272 1665 1419 1746 ματικαῖς
1443 1655 1596 1746 ἀνάγκαις
1620 1656 1723 1747 ἕτερον

121 1776 147 1814 ¹⁰
175 1756 208 1830 δὲ
224 1765 328 1856 ἕτερον
340 1818 347 1831 .
358 1817 381 1833 ..
407 1756 480 1854 δρᾶν
498 1769 539 1840 εἰς
555 1762 598 1828 τά
615 1762 735 1836 θνητά.
751 1815 757 1827 .
772 1814 779 1827 .
793 1763 864 1830 σθαι
879 1762 933 1828 καί
948 1763 1062 1829 ἐκεῖθεν
1079 1769 1120 1840 εἰς
1136 1769 1218 1853 ήμᾶς
1237 1766 1319 1830 ὥστε
1334 1819 1341 1833 .
1359 1817 1366 1832 .
1382 1764 1576 1855 ,σχομένουςΙ
1601 1764 1722 1831 τούτων

171 1873 232 1966 γάρ
255 1875 344 1964 πρὸ..
357 1924 363 1938 .
374 1872 475 1963 μαρής
499 1876 514 1936 6
530 1872 601 1964 περὶ
617 1881 679 1937 τῶν
697 1873 832 1961 κλήρων,
849 1874 940 1938 ἔσται
955 1874 1041 1940 καὶ...
1058 1879 1133 1962 ήμῖν
1150 1873 1254 1965 λόγος·
1270 1874 1308 1939 τό
1334 1873 1388 1963 μὲν
1413 1868 1465 1938 ούν
1490 1871 1546 1950 τάς
1570 1872 1722 1963 κοσμικὰς

172 1981 336 2072 περιφοράς
360 1973 530 2047 διαύαίνειν
554 1982 608 2046 καὶ
633 1981 739 2072 μέχρις
762 1987 852 2070 ήμῶν
879 1982 1019 2047 καὶτῶν
1044 1981 1149 2047 ἀλλων
1175 1981 1296 2056 θνητῶν
1322 1976 1419 2062 ζώων,
1446 1985 1664 2074 ὑπομνηστέον
1688 1988 1724 2048 ὲκ
1778 1967 1783 1976 ’

173 2101 231 2167 τῆς
254 2101 310 2155 τοῦ
334 2090 453 2179 κόσμου
478 2089 683 2180 συμπαθείας.
709 2090 837 2164 Ταύτην
862 2082 895 2155 δέ
913 2085 951 2156 αύ
968 2082 1171 2156 ἀποδεικτέον
1187 2097 1276 2180 ήμῖν,
1292 2094 1327 2158 ἐκ
1346 2103 1402 2158 τοῦ
1426 2086 1504 2172 ζῶον
1529 2092 1560 2158 έν
1585 2087 1722 2158 εἶναιτὸ

172 2208 244 2263 πῖιν.
270 2204 303 2262 Εἰ
326 2199 387 2290 γάρ
412 2203 478 2265 ἐστι
502 2197 586 2290 ψυχή
614 2202 687 2290 μία,
713 2201 887 2290 συνέχουσα
909 2201 965 2265 τὀν
990 2203 1062 2265 όλον
1094 2199 1228 2290 κόσμον,
1252 2201 1374 2292 ἀνάγκη
1402 2193 1504 2275 δήπου
1529 2197 1722 2291 συμπάθειαν

121 2311 146 2349 ¹⁵
174 2303 337 2375 εἶναιτῶν
361 2311 391 2374 ἐν
416 2312 501 2392 αύτῷ
526 2320 626 2399 μερῶν
650 2310 724 2390 πρὸς
749 2309 895 2382 ἄλληλα·
919 2310 972 2374 καὶ
995 2308 1057 2401 γάρ
1080 2320 1143 2374 τῶν
1166 2301 1246 2395 τῇδε
1269 2305 1356 2390 ζώων
1388 2311 1521 2376 ἕκαστον
1546 2311 1623 2375 αύτθ
1647 2309 1721 2400 πρὸς

172 2419 268 2482 ἑαυτὸ
292 2417 451 2508 συμπαθές
475 2422 558 2483 ἐστιν
583 2419 691 2500 οὕτως,
716 2420 797 2484 ὥστε
821 2420 875 2483 ἀπ’
900 2417 1004 2484 ἀλλων
1022 2422 1137 2510 μορίων
1161 2419 1265 2484 ἄλλων
1286 2410 1468 2493 κατάδηλον
1493 2418 1632 2509 γίνεσθαι
1657 2411 1724 2483 διά-

178 2525 270 2592 θεσιν.
296 2532 331 2590 Εἰ
356 2517 389 2592 δὲ
412 2528 449 2591 τδ
468 2525 600 2617 μερικθν,
622 2526 719 2601 οὕτως
736 2518 948 2617 ἀμυδροτέραν
965 2529 1037 2616 έχον
1055 2537 1111 2592 τοῦ
1128 2529 1244 2603 παντός
1262 2520 1356 2606 ζωὴν,
1380 2528 1461 2615 ὅμως
1486 2529 1552 2616 ἔχει
1575 2526 1635 2600 τήν
1659 2536 1722 2592 τῶν

176 2646 277 2726 μερῶν
303 2625 354 2699 διά
377 2634 499 2707 ταύτην
524 2632 731 2721 συμπάθειαν,
755 2637 863 2718 πολλῷ
889 2639 1010 2724 μᾶλλον
1035 2640 1050 2698 6
1074 2635 1205 2723 κόσμος·
1229 2639 1248 2708 ή
1275 2633 1335 2724 γάρ
1358 2645 1414 2700 τοῦ
1437 2634 1555 2708 παντὸς
1579 2627 1642 2711 ζωή
1668 2634 1723 2698 καὶ

174 2733 375 2831 δυνατωτέρα
397 2740 522 2817 πάντως
541 2741 625 2806 έστὶν
642 2752 704 2805 τῶν
722 2753 864 2832 μερικῶν,
882 2743 935 2806 καί
950 2736 1014 2820 ζωή
1033 2743 1084 2807 έπί
1099 2735 1192 2820 ζωαῖς
1209 2736 1296 2826 οὖσα,
1315 2735 1462 2830 μειζόνως
1486 2732 1592 2806 συνδεῖ
1613 2741 1720 2807 πάντα

119 2868 146 2906 ιο
171 2851 246 2940 πρὸς
269 2850 329 2922 τήν
354 2849 455 2922 ἀλλην
480 2852 651 2933 κοινωνίαν,
677 2850 731 2915 καί
753 2849 813 2922 τήν
838 2853 886 2915 ἀπ’
916 2851 1020 2915 ἀλλων
1045 2855 1085 2925 είς
1102 2851 1185 2914 ἀλλα
1203 2853 1328 2922 ποίησιν
1344 2846 1378 2938 ¹).
1402 2855 1437 2913 Εἰ
1460 2841 1486 2915 δ’
1512 2843 1563 2914 ούν
1588 2842 1666 2927 ζῶον
1690 2850 1720 2913 έν

172 2965 257 3026 ἐστιν
282 2963 298 3022 6
321 2959 447 3046 κόσμος,
472 2957 557 3024 ἔστιν
582 2961 612 3023 ἐν
631 2961 716 3041 αύτῷ
732 2952 796 3036 ζωή
816 2960 883 3048 μία,
901 2969 1009 3024 πασῶν
1028 2959 1208 3050 συναγωγάς
1225 2968 1287 3022 τῶν
1312 2962 1343 3024 έν
1368 2962 1454 3041 αύτῷ
1477 2951 1563 3036 ζωῶν
1577 2957 1614 3040 ²)·
1640 2963 1666 3022 εἰ
1691 2949 1725 3023 δέ

170 3079 276 3152 τοῦτο,
290 3066 456 3156 συμπαθής
474 3071 488 3130 6
502 3067 618 3157 κόσμος
631 3067 705 3157 πρὸς
717 3066 840 3132 ἑαυτόν·
854 3072 881 3132 εἰ
897 3059 931 3132 δέ
946 3078 1051 3144 τοῦτο,
1069 3057 1218 3132 δύνανται
1234 3066 1359 3142 πάντως
1384 3071 1416 3130 αί
1437 3066 1533 3132 ἄλλαι
1543 3065 1569 3154 ³)
1588 3067 1721 3142 κινήσεις

172 3183 213 3253 είς
238 3176 321 3240 άλλα
346 3166 527 3252 διαύαίνειν,
552 3176 606 3240 καὶ
628 3187 729 3240 ποιεῖν
747 3181 788 3251 εἰς
805 3180 916 3258 έκεῖνα,
934 3176 991 3241 κάν
1009 3181 1147 3242 ὁπωσοῦν
1168 3178 1225 3266 ἔχη
1253 3167 1452 3252 διαστάσεως·
1477 3170 1554 3240 εἶναι
1577 3172 1637 3266 γάρ
1660 3174 1720 3247 τήν

172 3287 245 3375 μίαν
268 3277 352 3363 ζωήν
379 3285 436 3357 τήν
461 3275 750 3376 διαπορθμεύουσαν
775 3283 831 3362 τάς
854 3286 994 3362 ποιήσεις

117 3529 144 3566 τε
172 3505 195 3570 f.
214 3505 256 3570 84
273 3529 313 3585 v.‚
330 3505 365 3570 in
382 3505 494 3570 eadem
510 3505 644 3570 lacuna:
671 3553 700 3571 ..
717 3493 896 3592 ,δυνάμενα
920 3501 1006 3566 πά..
1022 3511 1093 3566 ,τῶν
1112 3492 1145 3566 δὲ
1161 3503 1192 3565 ἐν
1209 3509 1255 3584 τῷ
1271 3498 1379 3587 κόσμῳ
1395 3548 1400 3562 .
1416 3549 1444 3563 ..
1470 3497 1654 3589 κυριώτερα,
1678 3495 1721 3562 τά

171 3602 205 3676 δέ
229 3611 362 3701 άκυρότε
376 3665 383 3679 .
399 3664 429 3680 ..
453 3609 593 3700 καθάπερ
618 3610 672 3674 καὶ
695 3612 725 3676 έν
742 3608 887 3686 ἑκάστοις
904 3618 966 3675 τῶν
984 3607 1147 3682 θνητῶν..
1164 3657 1170 3671 .
1195 3599 1347 3681 δήπουθεν
1372 3609 1422 3672 ότι
1444 3603 1502 3682 τάς
1526 3614 1589 3671 τῶν
1614 3630 1723 3696 κυριω-

170 3719 265 3808 τέρων
290 3711 435 3808 δυνάμεις
459 3721 500 3794 εἰς
524 3717 566 3783 τά
591 3717 764 3808 ἀκυρότερα
789 3708 872 3808 δρᾶν·
899 3720 1069 3808 ἀναγκαῖον
1087 3716 1141 3782 καί
1155 3713 1212 3791 τάς
1230 3716 1291 3782 ἀπὸ
1312 3725 1375 3781 τῶν
1400 3705 1561 3804 δυνάμεων
1586 3714 1720 3791 κινήσεις

170 3825 225 3890 καί
247 3825 370 3901 τούτοις
395 3822 452 3902 τάς
476 3825 613 3901 κινήσεις
636 3817 799 3915 προξενεῖν.
827 3829 862 3888 1έὶ
886 3815 919 3891 δὲ
942 3835 1048 3908 τοῦτο,
1072 3822 1243 3915 κυριώτερα
1268 3813 1301 3888 δὲ
1324 3821 1366 3888 τά
1390 3814 1476 3888 ἀίδια
1499 3831 1562 3887 τῶν
1587 3821 1726 3901 θνητῶν,1

169 3933 223 3997 καί
245 3932 288 3998 τά
311 3933 513 4025 τεταγμένως
537 3933 704 4023 κινούμενα
728 3942 791 3998 τῶν
816 3932 975 4013 ἀτάκτων,
1000 3935 1050 3999 ἀπ’
1070 3934 1194 3999 ἐκείνων
1212 3931 1271 4022 ἄρα
1296 3922 1506 3997 διαύαίνουσιν
1531 3937 1563 3996 αἱ
1585 3933 1721 4008 κινήσεις

116 4067 143 4104 ιο
170 4047 211 4118 είς
235 4051 350 4126 ταῦτα,
375 4042 557 4108 καὶταῦτα
580 4045 707 4120 ἐκείνοις
724 4043 843 4129 ἕπεται,
860 4041 902 4109 τά
919 4041 1020 4116 θνητά
1036 4053 1102 4119 τοῖς
1119 4041 1287 4118 ἀθανάτοις
1304 4050 1360 4106 τοῦ
1385 4039 1504 4130 κόσμου
1529 4042 1661 4130 μέρεσιν.
1686 4046 1722 4105 Εἰ

169 4143 203 4218 δέ
226 4163 331 4230 τοῦτο,
355 4151 446 4242 φοραὶ
468 4153 521 4216 καὶ
538 4155 661 4243 ἀρορίαι
678 4147 764 4231 ζιύων
782 4152 905 4226 θνητῶν
922 4151 983 4218 ἀπὸ
1008 4162 1070 4216 τῶν
1095 4154 1241 4243 ούρανιῶν
1257 4141 1408 4242 περιόδων
1433 4149 1597 4215 ἀθανάτων
1622 4154 1719 4215 οὺσῶν

170 4265 397 4346 ἐπιτελοῦνται,
422 4261 476 4326 καί
500 4259 609 4352 ρθοραί
632 4261 686 4326 καὶ
701 4261 836 4354 γενέσεις
861 4261 915 4325 καὶ
936 4263 996 4346 βίοι
1012 4270 1075 4326 τῶν
1092 4252 1171 4347 τῇδε
1187 4254 1285 4343 ζώων,
1303 4269 1331 4325 οἱ
1348 4259 1402 4349 μέν
1426 4255 1719 4348 πολυχρονιώτερα,

170 4375 199 4435 οἱ
215 4360 249 4435 δέ
265 4367 566 4461 ὀλιγοχρονιώτεροι,
579 4370 633 4434 καί
649 4369 734 4435 κατά
752 4367 886 4459 σώματα
902 4370 955 4434 καί
971 4369 1055 4435 κατά
1072 4368 1172 4460 ψυχάς
1190 4361 1340 4445 διαθέσεις
1358 4370 1478 4460 χείρους
1495 4367 1549 4432 καί
1567 4366 1720 4452 βελτίους.

172 4515 214 4526 -
239 4479 282 4542 Τθ
307 4477 362 4565 μὲν
386 4471 438 4542 ούν
462 4476 522 4548 τήν
539 4477 694 4567 κοσμικὴν
714 4477 880 4568 περιφοράν
899 4469 972 4569 δρᾶν
991 4484 1032 4555 εἰς
1048 4483 1132 4567 ήμᾶς
1150 4469 1201 4543 διά
1218 4477 1339 4543 τούτων
1360 4474 1588 4566 ὑπομνηστέον,
1613 4477 1653 4548 ὡς
1677 4470 1721 4535 ένὶ

117 4602 143 4638 ³⁵
169 4577 239 4666 ζώῳ
263 4595 308 4668 τῷ
331 4585 445 4668 παντὶ,
469 4595 532 4652 τῶν
558 4585 612 4678 μέν
636 4587 825 4672 ποιούντων,
849 4597 912 4653 τῶν
937 4578 971 4653 δέ
1001 4588 1206 4678 πασχόντων·
1230 4597 1325 4651 τοῦτο
1355 4577 1388 4650 δὲ
1412 4575 1527 4666 δῆλον,
1551 4585 1577 4647 εἰ
1600 4574 1679 4660 ζῶον
1704 4583 1720 4643 6

170 4691 296 4781 κόσμος·
319 4705 414 4760 τοῦτο
439 4685 472 4760 δέ
496 4687 604 4779 δῆλον,
629 4697 690 4761 ἀπὸ
715 4706 770 4762 τοῦ
794 4707 936 4786 κρεῖττον
953 4691 1030 4762 εἷναι
1046 4707 1212 4787 πανταχοῦ
1236 4696 1274 4761 τό
1299 4697 1371 4759 ὅλον
1396 4703 1451 4758 τοῦ
1476 4691 1595 4782 μέρους,
1620 4687 1663 4778 μή
1686 4678 1720 4753 δὲ

169 4800 207 4864 τὸ
222 4800 246 4888 ⁴)
270 4794 351 4878 ἄζων
375 4813 431 4867 τοῦ
456 4798 581 4887 ζῶντος,
607 4805 713 4869 καὶτὸ
731 4805 865 4878 ἀνόητον
882 4816 937 4870 τοῦ
958 4817 1027 4871 νοῦν
1047 4808 1185 4895 ἔχοντος·
1209 4809 1285 4869 ὡστ’
1311 4809 1337 4868 εἰ
1360 4805 1444 4869 ἔστιν
1468 4826 1501 4865 τι
1524 4808 1664 4864 τοιοῦτον
1688 4800 1720 4861 έν

170 4919 216 4992 τῷ
240 4910 337 4974 παντί
353 4904 413 4990 ζῶν
431 4913 484 4976 καὶ
504 4923 601 4995 νοοῦν,
618 4917 727 4998 πολλῷ
745 4919 865 5002 μᾶλλον
882 4915 920 4978 τό
936 4923 997 4978 πᾶν
1015 4925 1166 4979 τοιοῦτον·
1185 4923 1236 4977 νοῦ
1253 4904 1287 4977 δὲ
1311 4911 1398 4987 ὄντος
1422 4912 1453 4976 ἐν
1479 4918 1524 4992 τῷ
1547 4905 1643 4974 παντὶ
1666 4907 1720 4970 καὶ

168 5011 251 5097 ζωῆς
276 5027 357 5106 μιᾶς,
382 5023 398 5083 6
422 5030 480 5096 τῆς
505 5019 696 5111 συμπαθείας
720 5021 852 5113 ἐναργὴς
876 5013 938 5096 ἤδη
964 5023 1067 5113 λόγος.
1086 5023 1165 5086 ’Ότι
1186 5011 1219 5086 δέ
1235 5025 1319 5086 ἐστιν
1344 5019 1398 5084 καὶ
1422 5018 1459 5084 τό
1483 5017 1527 5106 ἐρ’
1552 5021 1640 5104 ήμῖν,
1665 5015 1719 5080 καὶ

206 5270 228 5342 ¹)
247 5271 344 5343 Supra
362 5269 413 5326 lin.
433 5270 535 5326 κίνησιν.
1006 5273 1029 5343 ³)
1048 5273 1127 5330 Item
1146 5275 1221 5324 ἀλλαι
1240 5289 1277 5328 ex
1296 5290 1369 5329 corr.
1388 5270 1518 5346 primum
1537 5275 1628 5326 ἀλλων.

205 5361 229 5436 ¹)
248 5361 317 5420 eod.
337 5362 413 5423 ξύων·
1005 5365 1028 5439 ⁴)
1047 5365 1083 5422 In
1101 5362 1251 5436 margine:
1270 5383 1309 5437 γρ.
1329 5367 1449 5436 μηδαμοῦ
1467 5367 1492 5417 οῖ
1511 5369 1539 5418 το
1560 5367 1632 5428 ᾰζων.

313 5487 409 5544 Am.
429 5503 458 5559 ν,
476 5486 519 5544 6*.
