3944 6074
290 561 342 619 182
763 556 930 651 Orpheica
949 561 1018 632 ίαίσ
1037 559 1209 634 hominum
1226 584 1363 654 μοαοινι.

287 738 378 794 τινῶν
404 720 528 794 δέονται
551 730 604 793 καί
629 729 733 794 ἄλλων
759 731 971 822 μερικωτέρων
989 733 1142 823 γνώσεων,
1159 737 1221 799 εἴτε
1238 743 1400 822 τεχνικῶν,
1418 735 1478 800 εἴτε
1496 739 1690 824 ἑμπειρικῶν,
1709 740 1748 811 είς
1772 735 1826 808 τήν

286 837 431 928 πρόνοιαν
451 848 507 912 τῆς
523 838 651 914 πόλεως·
669 837 793 915 πάντως
811 839 870 930 γάρ
890 840 983 929 ἱερούς
1001 841 1120 932 γάμους
1138 847 1361 920 ἐπιτελοῦντες,
1379 844 1431 906 καί
1449 842 1559 907 θυσιῶν
1576 869 1613 933 γε
1630 837 1681 910 διά
1704 847 1827 922 τούτους

288 937 454 1018 δεήσονται
478 947 531 1009 καί
557 949 733 1038 ἱερουργίας·
760 953 833 1012 ἀλλ’
857 955 912 1014 σὀκ
937 952 1059 1038 εἴρηται
1083 952 1137 1014 καί
1161 953 1209 1015 ὅτι
1226 951 1347 1023 ταύτην
1373 951 1484 1027 αύτούς
1508 943 1702 1034 παιδευτέον,
1728 957 1826 1029 αὐτοῖς

286 1053 408 1126 ταύτην
433 1054 572 1144 ἀφέντος,
597 1062 636 1132 ὡς
661 1055 697 1120 ἀν
722 1068 776 1120 τοῦ
794 1056 962 1145 νομοθέτου
979 1053 1312 1149 προσπεριλαμύάνειν.
1331 1063 1369 1123 Τί
1386 1051 1413 1122 δΙ
1432 1063 1502 1148 ούχι
1518 1061 1571 1123 καὶ
1589 1071 1741 1148 μαντικῆς
1760 1052 1829 1132 δεή-

247 1190 259 1226 σ
287 1189 395 1229 σονται
426 1165 621 1256 πραγμάτων
647 1164 843 1254 ἀνθρωπίνων
869 1164 1083 1253 ἀσταθμήτων
1114 1167 1299 1256 ποιούμενου
1331 1168 1493 1258 πρόνοιανς
1519 1167 1601 1233 ἀλλά
1632 1169 1686 1232 καί
1714 1167 1828 1242 ταύτης

287 1273 376 1338 αὐτοὶ
399 1273 603 1338 ποιείσθωσαν
628 1267 773 1352 ζήτησιν.
791 1273 881 1338 Οὕτω
898 1275 1000 1337 τοίνυν
1018 1274 1071 1337 καί
1088 1273 1148 1346 τήν
1165 1285 1227 1339 τῶν
1243 1285 1356 1366 καιρῶν
1374 1277 1565 1365 ἐπιστήμην,
1583 1281 1608 1341 εί
1632 1267 1730 1366 μηδὲν
1754 1277 1828 1340 ἄλλο

286 1376 538 1473 κατηνάγκαζεν,
564 1379 634 1444 ἀλλ’
651 1388 680 1445 οἱ
695 1384 950 1471 παραπίπτοντες
967 1383 1069 1471 καιροὶ
1091 1393 1153 1447 τῶν
1178 1377 1317 1472 πράξεων
1342 1383 1538 1450 καθιστάνειν
1564 1387 1696 1474 ἔμελλον
1721 1385 1827 1460 αύτούς

285 1497 326 1567 εἰς
350 1491 409 1562 τήν
434 1502 492 1567 τῆς
516 1489 657 1581 γνώσεως
682 1493 784 1554 αὐτῶν
809 1485 921 1580 ὄρεξιν·
947 1490 1035 1556 ταῦτ’
1062 1486 1113 1555 οὖν
1141 1495 1167 1576 [ὁ
1192 1490 1363 1579 νομοθέτης
1388 1495 1459 1578 (fol.
1486 1497 1562 1579 106)
1586 1485 1687 1572 εἰδώς,
1712 1499 1751 1569 ὡς
1776 1494 1827 1582 μέν

286 1598 463 1689 ἀνθρώπους
489 1599 714 1663 ἀποτετέλεκεν
740 1598 858 1688 σοφούς,
883 1598 942 1668 τήν
968 1591 1001 1662 δέ
1024 1609 1087 1662 τῶν
1105 1600 1178 1688 προς
1194 1599 1236 1663 τά
1255 1599 1440 1689 ἀνθρώπινα]
1467 1603 1542 1690 ἔργα
1567 1595 1828 1690 συμθαλλομένων

233 1747 257 1783 ,0
289 1711 419 1796 [τεχνῶν
444 1707 462 1780 ή
482 1709 657 1796 ἐμπειριῶν]
676 1699 873 1779 ἐπιτήδευσιν
891 1711 996 1782 αύτοῖς
1014 1711 1132 1795 ἀφῆκεν
1159 1710 1410 1797 [προσεννοζῆσαι
1426 1710 1479 1772 καὶ
1500 1703 1830 1800 προσπεριύάλλεσθαι·

289 1808 350 1901 [δεῖ
371 1815 430 1907 γάρ
455 1817 568 1906 ὥσπερ]
586 1814 656 1890 τοὺς
675 1815 770 1893 θεοὺς,
789 1818 870 1882 ούτω
887 1817 939 1880 καί
956 1817 1025 1892 τούς
1044 1816 1196 1906 ἄρχοντας
1219 1819 1287 1901 [τῆς
1305 1819 1444 1906 ἀρίστης]
1463 1819 1594 1900 πόλεως,
1611 1818 1652 1883 τά.
1670 1817 1724 1907 μὲν
1750 1821 1830 1906 ἔχειν

284 1924 370 2014 παρά
394 1936 449 1988 τοῦ
473 1925 600 2013 πατρὸς,
630 1923 683 2008 [τά
707 1915 751 2010 δέ]
772 1924 883 1999 αὐτούς
901 1926 1108 2014 συνεισφέρειν
1125 1929 1258 2001 ἑαυτοῖς·
1275 1925 1328 1989 καί
1350 1925 1409 2016 γάρ
1435 1932 1462 1990 οἱ
1486 1923 1549 1990 θεοὶ
1574 1926 1615 1991 τά
1639 1927 1694 2015 μὲν
1719 1925 1831 1990 ἀνωθεν

286 2036 347 2099 ἀπὸ
373 2043 434 2098 τῶν
460 2035 566 2097 αἰτίων
591 2025 783 2119 κομίζονται,
808 2031 849 2096 τά
867 2023 900 2096 δέ
917 2033 1006 2095 αὐτοὶ
1023 2043 1091 2108 ταῖς
1108 2037 1227 2096 ἑαυτῶν
1245 2026 1370 2110 τάξεσιν
1400 2035 1636 2121 [συνυφιστῦισι]
1649 2034 1702 2096 καὶ
1725 2035 1831 2122 ἔχουσι

286 2143 477 2214 τελειότητα
503 2133 624 2223 διττὴν,
651 2141 701 2230 ἀφ’
728 2144 859 2227 [ἑαυτῶν
884 2143 930 2228 τε]
957 2143 1010 2205 καί
1034 2145 1168 2207 ἐκείνων·
1194 2144 1256 2207 εἴτε
1281 2136 1332 2206 οὖν
1359 2144 1559 2229 ἱεροσκοπίας,
1583 2143 1657 2226 [εἴτε
1681 2145 1752 2227 τῆς]
1779 2151 1831 2204 τοῦ

234 2285 259 2320 ιι
286 2251 404 2326 παντὸς
428 2245 546 2328 τάξεως
569 2251 788 2325 κατανοήσεως
816 2241 958 2336 [δέοιντο]
976 2251 1049 2332 πρὸς
1067 2249 1122 2324 τάς
1143 2243 1306 2338 συνέρΞεις,
1322 2251 1384 2313 εἴτε
1401 2249 1500 2323 ἀλλης
1517 2237 1742 2323 ἐπιτηδεύσεως
1760 2251 1831 2336 πρές

288 2361 390 2433 ἄλλην
414 2359 581 2432 πολιτικήν
607 2360 772 2450 ἐνέργειαν,
798 2359 887 2422 αἀτοί
911 2359 964 2422 καί
988 2355 1117 2446 ὄψονται
1141 2359 1194 2421 καί
1219 2349 1489 2428 έπιτηδεύσουσιν·
1515 2359 1587 2421 οὔτε
1612 2349 1650 2421 δι’
1678 2357 1829 2446 [ἄγνοιαν]

288 2480 350 2533 τῶν
375 2471 595 2559 προσηκόντων
621 2467 819 2556 μαθημάτων
845 2470 1013 2555 μέλλοντες
1032 2470 1133 2530 αύτῶν
1160 2467 1365 2553 ἀμελετήτως
1390 2468 1481 2554 ἔχειν,
1508 2465 1609 2540 ἄλλως
1634 2489 1671 2529 τε
1695 2465 1750 2529 καὶ
1773 2475 1832 2528 τῶν

287 2589 396 2667 χρειῶν
422 2577 531 2651 αύτούς
556 2583 596 2652 είς
621 2577 784 2640 ἐπίστασιν
810 2577 950 2663 ἀγουσῶν
983 2575 1075 2636 τίνων
1109 2566 1231 2637 δέονται
1255 2571 1471 2660 μαθημάτων·
1499 2574 1571 2636 ούτε
1603 2563 1654 2636 διά
1679 2571 1830 2662 ῥᾳθυμίαν

286 2689 371 2762 ὄντες
397 2685 495 2774 σοφοὶ,
519 2687 573 2750 καί
596 2675 813 2757 παιδευθέντες
837 2691 939 2746 πᾶσαν
965 2682 1023 2754 τήν
1050 2680 1242 2772 ἀνθρωπίνην
1263 2673 1417 2756 παιδείαν,
1435 2679 1482 2768 ὑφ’
1507 2676 1543 2754 ής
1568 2679 1747 2751 εἰθίσθησαν
1773 2705 1831 2769 μη·

232 2823 259 2860 ιο
287 2786 372 2870 δενθς
395 2805 458 2857 τῶν
484 2796 616 2882 ἀρίστων
641 2782 901 2877 ἐπιτηδευμάτων
927 2794 1103 2880 ὀλιγωρεῖν·
1128 2793 1200 2854 οὕτε
1225 2781 1263 2852 δι’
1289 2779 1461 2878 ἀδυναμίαν
1494 2787 1550 2862 τάς
1583 2787 1683 2876 φύσεις
1708 2789 1831 2875 ἔχοντες

287 2902 465 2991 ἀκροτάτας
490 2901 543 2964 καί
563 2899 721 2974 τοιαύτας,
747 2900 812 2974 οἱάς
837 2897 930 2970 αύτθς
946 2889 1023 2960 εἶναι
1041 2887 1189 2984 διώρισεν,
1207 2906 1268 2959 τῶν
1286 2898 1439 2984 ἐσομένων
1465 2899 1620 2986 φυλάκων,
1637 2893 1679 2957 τά
1696 2917 1732 2958 τε
1752 2893 1832 2957 ἀλλα

286 3009 437 3098 καὶπρὸς
461 3009 498 3072 τὸ
523 3001 601 3085 ὀξεῖς
627 3001 704 3072 εἶναι
729 3006 781 3071 καί
806 3006 966 3094 μνήμονας
999 3006 1148 3093 ἀρίστων·
1176 3007 1257 3069 ὥστε
1272 3005 1295 3088 Ι)
1321 2998 1353 3083 ἐξ
1379 3004 1525 3068 ἀπάντων
1550 3003 1669 3067 τούτων
1694 3001 1831 3091 ἀσφαλές

286 3111 440 3183 ὑπέλαύεν
464 3121 480 3182 ὁ
504 3117 685 3206 νομοθέτης,
699 3109 908 3203 ἐνδειξάμενος
927 3114 1018 3203 μόνον
1036 3115 1085 3177 ὅτι
1110 3105 1233 3178 δέονται
1257 3113 1311 3178 καί
1334 3123 1391 3188 τῆς
1415 3121 1478 3177 τῶν
1503 3119 1658 3200 κοσμικῶν
1682 3103 1831 3198 περιόδων

287 3227 424 3314 θεωρίας,
447 3231 552 3302 αύτοῖς
577 3227 739 3316 ἐπιτρέψαι
762 3225 821 3296 τήν
846 3234 903 3298 τῆς
929 3222 1054 3312 θεωρίας
1079 3223 1198 3298 ταύτης
1224 3223 1338 3313 εύρεσίν
1363 3247 1399 3288 τε
1422 3222 1475 3286 καὶ
1498 3213 1706 3296 ἐπιτήδευσιν.

1027 3547 1098 3612 MB'.

232 3803 259 3841 ις
333 3769 368 3832 Ὀ
386 3765 441 3858 μὲν
462 3764 607 3857 θεολόγος
625 3763 750 3856 Ὀρφεύς
767 3765 838 3853 τρία
855 3762 929 3854 γένη
948 3753 1169 3852 παραδέδωκεν
1188 3756 1364 3847 ἀνθρώπων·
1384 3757 1517 3843 [πρῶτον
1535 3753 1589 3842 μὲν
1607 3753 1676 3837 (fol.
1704 3755 1769 3820 106
1786 3755 1830 3837 v.)

287 3880 324 3942 τὸ
347 3887 488 3966 χρυσοῦν,
514 3878 586 3965 ὅπερ
611 3881 787 3948 ὑποστῆσαι
805 3874 858 3936 τον
876 3870 1011 3942 Φάνητά
1029 3893 1131 3960 φησιν·
1151 3859 1294 3956 δεύτερον
1315 3866 1351 3928 τὸ
1370 3865 1542 3955 ἀργυρμῦν,
1561 3857 1595 3926 ού
1612 3885 1703 3951 φησιν
1729 3855 1831 3951 [ἄρξαι

286 3987 340 4051 τὸν
366 3987 512 4074 μέγιστον
538 3985 660 4071 Κρόνον·
685 3983 790 4070 τρίτον
816 3971 849 4042 δὲ
873 3979 1044 4057 τιτανικὸν,
1070 3978 1086 4040 ὅ
1110 3999 1202 4064 φησιν
1228 3977 1263 4038 ἐκ
1287 3982 1349 4036 τῶν
1374 3979 1542 4034 τιτανικῶν
1568 3971 1669 4058 μέλων
1694 3969 1749 4031 τὀν
1776 3969 1830 4030 Δία

287 4092 524 4179 συστήσασθαι]
551 4091 720 4165 συννοήσας
748 4091 798 4172 [ῶς
822 4097 886 4163 τοῖς
911 4086 1008 4176 τρισίν
1034 4087 1113 4166 ὅροις
1137 4083 1270 4168 τούτοις]
1296 4089 1356 4145 πᾶν
1381 4069 1459 4154 εἶδος
1487 4075 1663 4166 περιέχεται
1687 4083 1746 4149 τῆς
1773 4077 1830 4137 ἀν-

287 4200 439 4291 θρωπίνης
465 4193 587 4285 [ζωῆς]
613 4197 632 4268 ή
658 4195 718 4287 γάρ
743 4195 845 4283 νοερόν
871 4197 954 4258 ἐστιν
978 4194 1032 4257 καὶ
1058 4191 1155 4272 θεῖον,
1181 4193 1285 4266 αὐτοῖς
1314 4191 1400 4273 [τοῖς]
1427 4185 1612 4274 ἀκροτάτοις
1644 4191 1707 4245 τῶν
1731 4183 1829 4245 ὄντων

232 4339 258 4375 τι
286 4301 491 4397 ἐνιδρυμένον·
514 4304 533 4378 ή
559 4307 634 4392 πρὸς
656 4305 750 4369 ἐαυτέ
767 4303 980 4391 ἐπέστραπται
998 4301 1050 4364 καί
1067 4311 1130 4365 νοεῖ
1144 4299 1238 4363 ἑαυτὸ
1256 4297 1310 4360 καί
1326 4297 1458 4384 ά[γαπᾷ]
1480 4293 1538 4366 τήν
1563 4291 1714 4362 τοιαύτην
1734 4284 1828 4369 ζωήν,

287 4417 305 4489 ή
330 4418 405 4507 πρὸς
430 4414 471 4479 τά
494 4416 618 4503 χείρονα
647 4414 779 4499 [βλέπει]
806 4412 858 4476 καὶ
885 4417 955 4498 μετ’
981 4412 1104 4475 ἐκείνων
1129 4408 1227 4473 ἐθέλει
1244 4401 1311 4486 ζῆν,
1338 4407 1459 4494 ἀλογων
1484 4403 1591 4466 ὄντων,
1617 4405 1754 4488 Τριττῆς
1779 4393 1829 4462 οὖν

287 4529 379 4601 οὔσης
404 4535 461 4599 τῆς
482 4521 675 4612 ἀνθρωπίνης
691 4517 782 4605 ζωῆς,
803 4522 851 4605 [τὸ
869 4519 934 4607 μέν]
953 4517 1130 4609 πρώτιστον
1149 4517 1209 4580 ἀπὸ
1227 4525 1281 4579 τοῦ
1299 4513 1445 4588 Φάνητύς
1463 4516 1558 4594 ἐστιν,
1579 4507 1620 4593 [θς
1637 4509 1726 4593 αύ]τ“ο
1743 4517 1828 4571 νοοῦν

287 4635 439 4701 συνάπτει
463 4643 526 4706 τοῖς
551 4641 685 4707 νοητοῖς·
709 4631 745 4696 τὸ
771 4619 804 4695 δέ
828 4619 982 4718 δεύτερον,
1000 4627 1060 4690 ἀπθ
1086 4635 1141 4689 τοῦ
1168 4625 1281 4713 Κρόνου
1300 4633 1354 4686 τοῦ
1371 4622 1505 4709 πρώτου,
1531 4617 1623 4706 φησίν
1649 4616 1681 4704 [ὁ
1707 4613 1828 4702 μῦθος]

288 4743 514 4837 ἀγκυλομήτου
539 4741 593 4806 καί
616 4739 721 4804 πάντα
744 4740 817 4827 πρὸς
833 4740 945 4802 ἑαυτὸν
961 4745 1122 4808 ποιοῦντος
1139 4731 1341 4820 ἐπιστρέφειν·
1359 4729 1395 4792 τὸ
1413 4719 1446 4790 δέ
1462 4727 1566 4814 τρίτον
1585 4723 1645 4786 ἀπὸ
1670 4723 1750 4802 Διὸς,
1776 4731 1827 4784 τοῦ

232 4883 259 4918 οι
289 4864 349 4920 τῶν
371 4845 521 4942 δευτέρων
544 4861 682 4940 προνοεῖν
701 4850 753 4914 καὶ
770 4841 951 4935 διακοσμεῖν
970 4841 1010 4906 τί
1029 4845 1152 4930 χείρονα
1170 4831 1383 4910 διδάσκοντος·
1401 4844 1495 4898 τοῦτο
1512 4829 1572 4922 γάρ
1589 4821 1665 4893 ἴδιον
1683 4821 1830 4918 δημιουρ-

287 4964 367 5052 γίας.
386 4999 427 5010 -
445 4961 479 5022 '0
497 4951 530 5024 δέ
546 4983 583 5049 γε
600 4950 769 5041 ἹΙσίοδοςθ)
786 4961 844 5044 ούχ
848 4955 856 5016 ί
872 4955 943 5043 τρία
959 4949 999 5015 τά
1013 4951 1085 5040 γένη
1101 4957 1186 5012 ποιεῖ
1201 4947 1303 5036 μόνον,
1319 4941 1403 5008 ἀλλά
1416 4949 1538 5030 πρῶτον
1555 4941 1592 5003 τθ
1608 4947 1750 5027 χρυσοῦν,
1764 4931 1829 5002 εἶτα

289 5074 447 5161 ἀργυροῦν,
473 5061 542 5133 εἶτα
565 5071 715 5156 χαλκοῦν,
739 5059 807 5129 εἶτα
829 5062 961 5152 ήρωϊκον
987 5085 1019 5124 τι
1035 5059 1132 5147 γένος,
1151 5053 1219 5122 εἶτα
1237 5047 1390 5144 σιδηροῦν,
1410 5058 1451 5128 εἰς
1471 5042 1726 5136 πολυειδεστέρας
1751 5041 1828 5125 ζωάς

289 5177 348 5250 τήν
373 5175 471 5264 τομήν
495 5173 653 5266 προάγων,
678 5175 721 5238 Τὸ
739 5172 793 5262 μὲν
811 5165 863 5234 σύν
880 5179 1011 5258 χρυσοῦν
1028 5166 1082 5230 καί
1098 5166 1201 5246 τούτῳ
1218 5155 1312 5236 δηλοῖ
1327 5161 1432 5246 νοεράν
1457 5184 1528 5223 τινα
1551 5151 1634 5236 ζωήν
1659 5155 1751 5220 ἀϋλον
1776 5151 1827 5216 καί

328 5410 351 5486 ¹)
369 5408 403 5466 A.
422 5407 441 5466 f.
460 5407 504 5464 35.
1125 5395 1147 5470 ²)
1169 5395 1241 5466 Opp.
1260 5408 1287 5466 ν,
1309 5393 1360 5448 109
1379 5407 1441 5464 sqq.
