3944 6074
845 483 937 558 Pars
963 485 996 557 I.
1644 495 1698 552 aas

194 653 238 720 M.
252 654 309 721 fol.
324 655 378 722 25.
392 698 430 707 -
442 657 504 722 Ed.
516 679 548 742 p.
561 657 636 736 360,
649 656 672 722 1.
691 659 731 724 10
749 659 775 720 εί
789 656 895 745 μέντοι
949 663 1013 717 τῶν
1037 654 1187 720 τοιούτων
1212 679 1275 724 om.
1300 695 1343 708 -
1366 659 1388 726 1.
1413 662 1433 726 2
1459 667 1525 734 τοῖς
1548 650 1696 743 τοιοῖσδε)

149 757 243 847 θεῖον)
266 765 291 826 εὶ
315 761 371 850 μέν
395 787 427 826 τι
450 761 531 827 θεῖον
556 771 631 849 post
655 767 835 831 corn—l.
855 768 893 830 11
949 763 1073 840 τούτοις
1097 756 1244 834 τοιοῖσδε,
1271 805 1310 815 -<
1335 769 1357 834 1.
1381 771 1401 834 3
1426 767 1595 851 άκόλυτον)
1613 768 1697 834 ἀκώ-

149 874 218 934 κατ’
245 869 359 957 αὐτὴν)
376 873 442 934 κατ’
463 873 568 939 αὺτόν.
587 911 623 920 -
644 873 666 939 1.
687 875 726 940 12
746 872 895 960 κομικίην)
948 874 1055 938 λυτον.
1082 910 1122 920 -
1145 872 1220 961 πρὸς
1243 875 1338 960 ημᾶς)
1363 878 1404 949 είς
1428 880 1522 964 ημᾶς.
1547 913 1587 926 --
1614 878 1698 940 άπο-

149 977 303 1064 κωμικήν.
948 978 1134 1062 λεοθέντων)
1148 979 1426 1052 άποπλησθέντων.
1442 1021 1482 1030 —-
1495 985 1517 1050 1.
1531 986 1551 1050 4
1564 981 1583 1056 ἢ
1597 982 1698 1076 πράγ-

192 1085 369 1153 11110125
392 1111 423 1153 v.
442 1089 519 1154 -1.
546 1089 586 1153 14
611 1085 817 1174 ἐμπιπλάναι)
843 1089 897 1175 ἐμ·
949 1089 1039 1174 μασι)
1064 1087 1117 1150 καί
1139 1086 1259 1178 πράγμ.

146 1194 336 1279 πιμπλάναι.
350 1193 423 1260 -1.
440 1198 478 1261 17
497 1193 740 1284 Ἀριστοφάνην)
759 1199 898 1282 Ἀριστο·
992 1193 1037 1258 Μ.
1062 1194 1120 1260 101.
1145 1197 1198 1262 29.
1224 1238 1262 1247 -
1285 1196 1307 1261 1.
1332 1199 1351 1262 9
1378 1185 1485 1260 διττὸν
1503 1190 1567 1280 οὖν)
1589 1188 1696 1263 διττὸν

147 1298 240 1387 φάνη.
265 1337 308 1350 -
331 1301 353 1367 1.
381 1305 420 1368 19
445 1299 516 1378 τοὺς
540 1295 719 1392 θρηνῴδεις)
742 1300 799 1378 τάς
823 1300 897 1390 θριι·
947 1310 1032 1390 γοῦν.
1050 1342 1092 1351 -
1109 1303 1131 1369 1.
1152 1307 1192 1370 10
1209 1313 1255 1387 τῷ
1270 1306 1418 1390 ποικίλῳ)
1437 1305 1473 1370 ἂν
1490 1315 1535 1388 τῷ
1551 1330 1636 1372 ποικ.
1653 1344 1696 1354 -

147 1401 264 1492 νῴδεις.
282 1449 323 1458 -
340 1411 362 1477 1.
380 1414 423 1477 26
446 1412 520 1500 πρὸς
540 1403 683 1486 παιδείας
707 1403 897 1500 άξιοχρωτέ-
946 1409 969 1474 l.
989 1413 1027 1476 17
1045 1419 1091 1493 τῷ
1107 1414 1284 1500 πολεμικῷ)
1299 1421 1345 1495 τῷ
1361 1417 1527 1496 πολιτικῷ.
1551 1457 1589 1467 -
1613 1415 1634 1480 l.
1654 1416 1694 1482 19

149 1521 214 1606 ρας)
230 1518 305 1605 πρὸς
322 1509 467 1582 παιδείαν
485 1513 738 1610 άξιοχρεωτίρας.
753 1557 795 1568 -
812 1521 834 1587 1.
851 1522 894 1586 26
948 1519 1245 1610 άπαγγελλομένην)
1270 1523 1385 1611 ἑπαγγ.

146 1623 264 1709 καίτοι)
287 1625 340 1689 καί
363 1627 405 1692 τί.
993 1628 1036 1692 Μ.
1054 1627 1111 1694 fol.
1129 1631 1170 1694 29
1189 1652 1219 1693 ν.
1238 1673 1276 1682 -
1292 1630 1314 1695 1.
1332 1633 1374 1696 22
1392 1629 1468 1718 Πρὸς
1485 1628 1582 1698 τ611’.
1600 1631 1645 1696 Τίι
1662 1621 1695 1696 δὲ

192 1730 236 1797 Μ.
261 1733 318 1800 101.
337 1735 390 1800 26.
407 1777 445 1786 -
461 1733 483 1800 1.
508 1737 549 1800 31
576 1725 634 1819 δεῖ)
655 1724 727 1800 δεῖν.
746 1734 821 1799 -1,
839 1735 892 1814 36,
947 1724 1101 1822 δεύτερον.
1122 1771 1161 1782 -
1178 1736 1199 1801 1.
1218 1737 1261 1802 24
1278 1734 1398 1827 ἐνεργά)
1416 1735 1539 1827 εύεργά.
1559 1775 1597 1788 -
1615 1740 1694 1806 125

146 1840 332 1922 praemissis
355 1843 465 1908 decem
483 1843 737 1927 quaestionibus,
754 1843 788 1907 in
806 1865 894 1907 mar·
947 1839 1202 1930 θεραπεύσαντες)
1212 1841 1616 1932 θηραπεύσαντας.-1.27
1627 1844 1696 1909 ἑπό-

146 1948 223 2032 gine
247 1955 382 2016 notatur
405 1952 461 2016 ubi
485 1952 623 2038 singulis
647 1953 892 2037 respondeatur.
947 1958 1045 2034 μενοι)
1056 1949 1307 2037 ἑπομένως-1.
1317 1955 1362 2020 28
1372 1941 1423 2016 διά
1433 1951 1506 2036 τὴν)
1517 1944 1568 2017 διὰ
1580 1943 1613 2018 δὲ
1623 1953 1694 2026 τήν.

146 2053 240 2122 Unde
265 2058 314 2122 ed.
339 2059 360 2123 1.
383 2059 425 2123 36
444 2057 521 2147 Πρὸς
538 2056 577 2123 τά
602 2049 646 2124 A‘.
664 2095 706 2107 -
724 2060 745 2123 1.
764 2061 806 2124 38
830 2067 892 2121 τῶν
946 2058 1022 2121 -1.
1041 2059 1081 2123 29
1095 2053 1137 2120 τά
1153 2056 1453 2147 προσπαράσχοντοι)
1469 2059 1524 2124 τὸν
1540 2083 1694 2152 προσπαρ,

144 2159 344 2247 ποιημάτων)
370 2173 433 2227 τῶν
457 2173 610 2236 ποιητῶν.
946 2167 1021 2231 -1,
1040 2168 1082 2231 32
1097 2163 1216 2256 φεύγειν
1234 2154 1287 2249 δὴ)
1305 2165 1429 2256 φεύγειν
1444 2157 1501 2234 δεῖ.
1515 2207 1552 2217 -
1571 2168 1693 2245 ἁπάσης

188 2272 233 2336 M.
247 2273 304 2340 fol.
319 2275 361 2340 26
374 2298 404 2340 ν.
423 2317 461 2325 -
476 2275 499 2339 1.
518 2277 560 2340 43
577 2267 816 2360 ἑξωμοιοῦντας)
829 2267 894 2352 ἑξο-
946 2275 1061 2357 αὐτῶν)
1086 2272 1189 2348 πάσης
1215 2275 1320 2341 αὐτόν.
1338 2312 1381 2324 -
1400 2276 1422 2342 1.
1449 2279 1492 2344 34
1515 2280 1694 2365 ἐφεστάναι)

145 2389 320 2468 μοιοῦντας.
346 2391 476 2456 -τοϊς
502 2379 670 2468 ἀνθρώποις
697 2381 800 2465 εἴθεοι)
826 2393 890 2458 τοῖς
945 2385 1129 2471 ἀφεστάναι.
1156 2421 1194 2430 -
1220 2383 1243 2448 1.
1268 2385 1309 2449 35
1330 2373 1490 2472 κομῳδίαν
1515 2386 1560 2452 sic
1584 2389 1693 2472 saepe)

144 2485 344 2578 ἀνθρωπίνοις
360 2487 461 2559 ἤθεσι.
480 2527 521 2538 -
540 2491 614 2556 Huc
639 2515 741 2576 usque
759 2493 800 2557 Η.
817 2515 890 2577 per·
943 2481 1122 2579 κωμῳδίαν.
1138 2488 1257 2578 -μεθ
1271 2481 1392 2562 ἡδύνων
1405 2494 1466 2578 sic)
1484 2492 1550 2582 μεθ’
1568 2485 1692 2570 ἡδονῆς.

144 2619 264 2680 pauoas
280 2597 466 2676 varietates,
485 2621 543 2663 nec
560 2599 621 2664 nisi
639 2599 772 2664 summis
790 2601 890 2666 labris
990 2599 1033 2662 111.
1058 2598 1116 2664 101.
1140 2601 1193 2665 30.
1218 2600 1302 2668 -1.
1334 2603 1376 2667 33
1403 2600 1571 2685 ὲντήκωσι)
1601 2597 1693 2664 ἐντί-

143 2705 350 2790 praelibavit.
366 2705 535 2773 Nonnulla
556 2708 707 2792 deinceps
731 2698 889 2797 σποραδὴν
944 2729 1050 2774 κωσιν.
1075 2751 1113 2760 -
1142 2697 1366 2795 δυσέκπιπτον)
1395 2699 1623 2783 δυσεκνίπτους.
1650 2747 1691 2756 -

143 2814 282 2881 notavit.
301 2851 341 2862 -
361 2817 422 2882 Ed.
438 2839 470 2901 p.
488 2818 563 2896 361,
587 2816 610 2882 1.
631 2819 645 2882 l
665 2806 783 2880 διὸκαὶ
807 2817 888 2906 περὶ)
943 2814 965 2879 1.
990 2815 1033 2880 44
1051 2815 1117 2878 ἀλλ’
1140 2815 1234 2897 ὥστε)
1256 2817 1327 2878 ἀλλ’
1345 2817 1404 2904 οὐχ
1428 2815 1519 2883 ὥστε.
1545 2853 1586 2864 -
1610 2816 1693 2879 ὥστε

143 2945 206 2988 om.
228 2923 291 2989 καί.
311 2960 352 2970 -
367 2923 390 2988 1.
414 2926 434 2988 4
458 2913 614 3011 ψεύδεται,
631 2923 803 3008 τοιούτους)
822 2923 892 3014 ψεύ-
944 2924 1109 3008 χαλινοῦν)
1133 2923 1168 2987 in
1191 2945 1295 3009 marg.
1321 2945 1371 3013 γρ.
1396 2924 1513 3011 χαλᾶν.
1539 2923 1626 2988 -1,
1651 2923 1692 2988 45

143 3019 242 3112 δοται,
259 3029 362 3119 φησίν,
387 3033 459 3094 ἀλλ’
485 3033 562 3107 ὅλως
586 3033 635 3095 ὅτι
659 3024 805 3120 ψεύδεται
829 3057 892 3098 τοι·
944 3029 1019 3118 πρὸς
1043 3038 1101 3104 τῆς
1124 3029 1294 3112 ποικιλίας)
1319 3030 1395 3120 πρὸς
1419 3039 1459 3114 τῇ
1485 3030 1634 3113 ποικιλίᾳ.
1652 3068 1693 3078 -

143 3134 262 3211 ούτους.
824 3151 828 3160 ’
941 3138 964 3205 l.
990 3136 1197 3226 481χούσοιι)
1222 3129 1695 3225 ίχούσαις.-1.49παιδευ-

186 3245 230 3310 Μ.
244 3245 301 3312 101.
315 3248 368 3312 27.
380 3288 419 3299 -
431 3246 453 3311 1.
468 3248 486 3312 7
502 3243 582 3310 αὐτά
597 3243 772 3334 μιμεῖσθαι)
786 3257 889 3312 ταῦτα
944 3249 1064 3335 μένους)
1089 3237 1344 3333 παιδευομένους.

144 3353 315 3445 μιμεῖσθαι.
332 3393 372 3404 —-
388 3356 410 3422 l.
429 3357 468 3421 11
487 3346 675 3445 φθέγξαντο)
690 3349 888 3445 φθέγξαιντο.
987 3356 1031 3421 Μ.
1044 3355 1102 3421 101.
1116 3356 1159 3420 30
1172 3377 1203 3420 ν.
1220 3389 1259 3403 -
1275 3353 1298 3419 l.
1316 3355 1358 3420 53
1373 3357 1413 3428 ὡς
1429 3351 1492 3436 ἐπὶ)
1508 3376 1571 3419 om.
1589 3356 1639 3428 ὡς.
1654 3396 1692 3408 -

142 3464 218 3529 -1,
234 3465 274 3529 12
288 3465 357 3530 eod.
370 3463 512 3548 primum
528 3455 800 3549 ἀπαυλειζόμενοι,
814 3470 889 3549 posi
943 3465 965 3530 1.
990 3465 1033 3531 54
1064 3459 1331 3551 άπορρύπτουσαι)
1363 3463 1619 3552 άπορρίπτουσαι.
1649 3497 1691 3508 -

141 3597 222 3641 eorr.
241 3563 527 3659 άπαυθαδιζύμενοι
542 3581 597 3652 -;·,
609 3572 644 3638 in
659 3595 764 3658 marg.
782 3586 824 3646 ÷
842 3571 885 3661 μὴ
941 3573 964 3639 l.
989 3573 1031 3638 55
1060 3567 1270 3650 πιστεύσειεν)
1301 3566 1509 3635 πιστεύσαιεν.
1534 3568 1623 3634 -1,
1648 3568 1690 3632 56

139 3684 386 3770 προσαυλοῦντες
402 3677 486 3743 κατά
503 3679 628 3769 τρόπον,
646 3685 716 3746 tum
732 3681 819 3748 infra
838 3705 888 3772 γρ,
940 3663 1172 3758 ἒπιτασθείσης)
1198 3673 1409 3750 ἑπιτοιθείσης.
1428 3714 1468 3722 -
1485 3675 1546 3741 Ed.
1563 3698 1595 3760 p.
1613 3675 1689 3754 363,

140 3779 453 3876 άπαυθαδειζύμενοι.
940 3786 961 3851 l.
990 3787 1005 3850 1
1031 3781 1103 3858 τοὺς
1126 3783 1300 3872 κρείττους)
1331 3780 1404 3858 τοὺς
1436 3783 1626 3872 κρείττονας.
1651 3822 1690 3833 -

185 3898 229 3965 M.
243 3897 300 3964 101.
318 3899 359 3963 27
378 3919 408 3962 ν.
427 3940 466 3950 -
481 3897 504 3964 1.
521 3899 560 3964 21
581 3895 765 3986 Ἀχιλλέως)
779 3895 889 3986 Ἀχιλ-
939 3892 962 3958 1.
988 3895 1006 3958 7
1031 3890 1110 3978 Πρὸς
1134 3889 1173 3954 τύ
1199 3889 1242 3957 P‘.
1266 3887 1394 3954 Τούτων
1418 3877 1462 3956 δέ.

139 4005 206 4068 λέα.
230 4047 269 4058 -
293 4007 315 4071 1.
340 4007 383 4071 23
407 4005 530 4093 ὁμοίαν)
555 4005 713 4094 ἀνομοίαν.
737 4048 776 4059 -
800 4007 822 4072 1.
844 4008 887 4072 24
985 3998 1111 4066 Μ.101.
1137 4001 1178 4064 31
1199 3997 1276 4072 -,-1.
1304 4000 1344 4065 10
1369 3997 1535 4078 ἀλλήλαις,
1559 3997 1593 4060 ού
1618 3999 1689 4078 τῆς)

139 4107 261 4196 παθῶν)
284 4115 366 4178 coir.
390 4108 484 4184 ἠθῶν.
506 4155 544 4164 -
568 4110 716 4187 ὡσαύτως
735 4113 888 4203 μιμουμέ-
940 4130 1003 4173 om.
1029 4107 1074 4172 ού.
1092 4143 1134 4154 -
1150 4106 1172 4172 1.
1199 4107 1238 4172 11
1261 4103 1614 4195 κατακερματισμένην)
1631 4127 1690 4166 κα-

139 4220 209 4304 νην)
221 4218 369 4295 ὡσαύτως
384 4219 679 4308 μιμουμένων-1.
693 4223 735 4288 26
749 4219 789 4285 τά
804 4212 886 4308 εἴδη)
938 4215 1284 4304 τακεκερματῑσμένην.
1309 4251 1351 4262 -
1385 4215 1407 4280 1.
1441 4216 1481 4280 13
1514 4202 1687 4300 κομῳδίαν)

138 4326 179 4391 τά
204 4327 278 4400 ἤθη.
303 4367 346 4378 -
370 4331 392 4394 1.
416 4333 459 4396 32
483 4327 561 4412 ἔθος)
586 4327 670 4404 ἔθνος
695 4332 751 4396 sic.
938 4312 1115 4410 κωμῳδίας.
1134 4360 1175 4371 -
1191 4323 1213 4389 l.
1234 4325 1274 4388 16
1291 4321 1329 4387 τὸ
1345 4330 1410 4397 πῶς
1427 4321 1551 4412 μικρὸν)
1565 4320 1603 4384 τὸ
1626 4327 1686 4383 πᾶν

182 4437 226 4501 Μ.
244 4436 301 4503 101.
319 4439 372 4503 23.
390 4480 428 4489 -
444 4437 467 4502 l.
490 4439 533 4503 36
557 4429 794 4525 θαυμαζόμενον
819 4441 884 4526 ὀμ.)
939 4430 1079 4521 σμικρόν.

138 4537 306 4630 θαυμάζων
318 4548 366 4632 ομ.
377 4588 416 4599 -
428 4547 449 4611 1.
464 4547 506 4611 40
519 4543 601 4607 άλλά
614 4537 671 4621 ζῆν
684 4539 884 4634 ιἰγιάζουσαν)
982 4539 1027 4604 Μ.
1047 4537 1104 4604 101.
1121 4539 1163 4603 31
1182 4561 1212 4603 ν.
1230 4538 1305 4604 -1,
1325 4539 1366 4602 21
1383 4525 1581 4624 ἑνδεσμίνης)
1598 4521 1686 4598 ἐνδυ-

137 4651 222 4717 ὰλλὰ
245 4653 305 4724 τὴν
322 4647 425 4743 ὑγιάζ.
443 4693 484 4701 -
501 4655 525 4720 1.
541 4657 583 4720 43
601 4654 659 4717 ὅσα
678 4653 799 4743 πρέπει)
825 4657 884 4719 ὅσα
937 4645 1133 4733 σαμένης.-
1145 4643 1355 4735 γιγνομένης)
1367 4641 1594 4732 γινομένοισ-
1607 4641 1630 4707 l·
1644 4642 1686 4706 23

138 4760 253 4850 τέρπει.
268 4799 309 4808 --
322 4761 345 4827 1.
359 4763 402 4826 44
414 4749 644 4849 παραδεκτέον)
656 4751 882 4850 παραδεκτέαν.
934 4755 969 4818 ἔκ
983 4752 1096 4818 τούτου
1113 4752 1242 4842 ponem)
1260 4756 1291 4816 ἐν
1308 4750 1412 4833 τῡθτῳ
1429 4749 1558 4839 φύσεως.
1573 4787 1613 4798 -
1626 4747 1684 4822 τᾶς

135 4870 224 4934 -1,
250 4871 292 4934 46
317 4867 465 4955 ὀνόμασιν
490 4865 626 4956 μόνονῆ
653 4870 684 4931 ἐν
708 4871 787 4948 τοῖς)
809 4867 883 4934 svs.
936 4851 971 4925 δὲ
994 4864 1041 4942 ὲκ)
1068 4859 1125 4936 τάς
1157 4864 1200 4925 ἑκ.
1225 4897 1268 4909 -
1292 4855 1553 4947 κατετάχθησαν)
1583 4879 1684 4920 κατε-

136 4997 231 5062 μασιν
256 4973 371 5061 μόνοις,
396 4972 415 5044 ἢ
441 4973 494 5036 καί
519 4976 549 5037 ἐν
572 4983 648 5048 τοῖς.
934 4967 1051 5058 τάχθη.
1077 5011 1116 5021 -—
1139 4969 1161 5036 1.
1187 4971 1230 5034 24
1253 4967 1458 5056 τελευτηρίαν
1482 4968 1616 5048 πτῶσιν)
1633 4987 1687 5029 τε·

179 5082 224 5146 Μ.
237 5081 295 5146 101.
313 5082 354 5146 28
372 5079 495 5146 0.-1.
514 5081 556 5146 46
573 5079 641 5143 ἐπεὶ
657 5071 703 5162 δὲ)
716 5069 821 5151 ἐπειδὴ
838 5069 882 5146 δέ.
934 5077 1084 5142 λευταίαν
1109 5101 1164 5142 πτ,
1191 5114 1232 5124 -
1255 5073 1590 5165 κατακερματισμένη)
1622 5095 1686 5136 κα-

135 5225 177 5234 -
194 5187 216 5253 1.
235 5188 277 5252 52
295 5185 433 5271 ὄναιντο)
450 5187 614 5253 ὸνίνοιιντο.
628 5224 669 5233 -
681 5187 743 5252 Ed.
759 5209 791 5272 p.
806 5188 881 5266 362,
934 5209 1102 5275 τακεκερμ.
1120 5223 1161 5233 -
1178 5186 1201 5252 1.
1219 5187 1262 5251 26
1279 5185 1378 5260 αὐτῆς
1392 5175 1555 5272 δυνάμεσι)
1571 5186 1685 5258 ἑαυτῆς

133 5293 452 5370 1.1ἀκουούσηςτῶν
465 5292 629 5381 τοιούτων)
642 5295 727 5361 male
740 5295 882 5382 repetita
935 5285 999 5362 δυν.
1030 5333 1071 5342 -
1102 5295 1125 5361 l.
1158 5297 1199 5360 27
1233 5284 1378 5380 δυνατὸν)
1408 5291 1446 5356 τδ
1477 5281 1622 5358 δυνατόν.
1646 5333 1684 5346 -

276 5435 372 5494 Asan.
391 5451 419 5510 ν,
439 5435 497 5494 14.-
