3978 6070
264 439 298 492 τε
776 431 931 504 Platonis
949 439 1094 524 systema
1112 436 1292 508 excutitur.

264 601 413 693 ἐκλείψεις
438 603 630 694 ἁρχετύπους
655 599 809 670 εἶναιτῶν
827 609 873 670 ὐπ’
895 605 993 679 αὐτήν
1011 607 1111 698 φαμέν
1130 609 1242 691 αἰτίας,
1259 609 1278 681 ή
1298 611 1447 699 γενέσεων
1465 611 1483 684 t.
1503 609 1631 702 φθορῶν,
1653 611 1723 676 ἁλλ’
1748 615 1815 678 ἐπεὶ

264 713 386 786 ταύτην
413 713 466 804 μέν

263 937 287 1002 f.
307 935 358 1012 69,
375 933 410 998 in
426 933 580 999 lacuna4
601 957 703 1000 versa
729 925 780 997 διὰ
802 943 857 998 τοῦ
882 935 983 1021 φωτύς
1007 934 1044 999 τύ
1058 985 1064 998 .
1080 985 1107 997 ..
1133 934 1187 997 καὶ
1211 943 1273 997 τῶν
1298 933 1382 999 κατά
1407 936 1444 999 τὸ
1469 945 1598 1023 φῶς...
1622 941 1705 1001 τελει
1729 935 1814 1024 παρά

265 1031 298 1104 δὲ
321 1051 385 1116 τοῖς
409 1040 522 1105 πέντε.
539 1090 566 1103 ..
582 1051 663 1104 στῶν
688 1041 742 1104 καί
767 1043 956 1131 ἀφαιρέσεων
981 1043 1068 1118 ήλιος
1092 1044 1166 1132 πρὸς
1190 1043 1312 1119 πάντας
1337 1044 1493 1134 ὑπεροχήν
1515 1044 1698 1135 ἀμφοτέρων
1724 1069 1813 1134 μ...

264 1147 397 1230 τούτων,
411 1142 552 1224 άδεκτος·
571 1141 622 1213 διὰ
640 1141 673 1214 δέ
689 1161 747 1226 τῆς
765 1149 916 1227 θάττονος
932 1150 986 1214 καὶ
999 1143 1189 1242 ὐραδυτέρας
1202 1154 1361 1235 κινήσεως,
1376 1145 1511 1219 δείκνυσι
1527 1165 1589 1219 τῶν
1604 1153 1814 1219 ἐναντιώσεων

264 1267 327 1322 τῶν
352 1261 383 1322 ἐν
407 1268 447 1342 τῇ
474 1257 590 1348 γενέσει
614 1258 764 1348 περιέχων
781 1258 840 1330 τήν
858 1261 972 1342 αἰτίαν,
992 1259 1159 1349 ἀνώμαλον
1183 1261 1374 1348 ὁμαλότητα
1391 1263 1445 1327 καὶ
1467 1263 1611 1352 ἀνόμοιον
1636 1261 1814 1351 ὁμοιότητα

264 1367 319 1431 καί
343 1367 436 1442 αὐτὸς
460 1368 552 1456 ἔχων,
576 1367 712 1442 καὶτῆς
737 1367 884 1443 κινήσεως
909 1369 1084 1456 ἐλαχίστην
1108 1362 1306 1456 παρὰλλαξιν
1334 1369 1531 1458 ποιούμενος·
1557 1369 1671 1445 πάντες
1697 1361 1730 1434 δέ
1753 1379 1815 1433 τῶν

265 1480 372 1541 ἁπλῶν
396 1467 548 1564 περιόδων
574 1475 712 1540 καὶτῶν
737 1475 898 1554 ποικίλων,
923 1476 980 1541 ἁτε
998 1481 1028 1542 ἐν
1047 1477 1129 1566 μέσῳ
1154 1478 1353 1568 τεταγμένοι,
1373 1477 1432 1549 τήν
1458 1480 1612 1569 ἀνάλογον
1636 1472 1725 1557 τάξιν
1750 1469 1817 1543 δια-

264 1583 487 1673 φυλάττοντες·
512 1585 565 1648 καὶ
588 1583 645 1659 τάς
671 1583 725 1672 μὲν
757 1585 832 1659 ὅλας
866 1586 994 1675 σφαίρας
1025 1595 1087 1649 τῶν
1118 1587 1328 1675 πλανωμένων
1358 1587 1479 1659 οἰητέον
1504 1585 1588 1650 κατὰ
1613 1588 1686 1676 μίαν
1712 1589 1814 1658 ἁπλῆν

265 1691 414 1756 κινεῖσθαι
431 1693 535 1782 φοράν.
554 1694 685 1783 Εἴρηται
698 1700 728 1784 γ’
744 1689 796 1758 οὐν
814 1698 844 1760 ἐν
862 1697 996 1781 Τιμαίῳ·
1013 1695 1115 1772 πάσας
1128 1700 1144 1768 ὁ
1159 1687 1346 1786 δημιουργὸς
1359 1696 1499 1786 περιάγει
1512 1697 1533 1782 ¹)
1550 1695 1635 1760 κατά
1649 1686 1814 1784 διάμετρον

264 1799 318 1862 καί
334 1801 387 1863 ἐπ’·
401 1799 576 1889 ἀριστεράν,
591 1799 651 1871 τήν
670 1791 703 1866 δὲ
720 1805 843 1875 ἀπλανῆ
861 1803 912 1866 ἐπὶ
929 1793 1013 1886 δεξιᾷ
1031 1803 1083 1866 καί
1098 1801 1183 1867 κατά
1198 1803 1344 1893 πλευράν·
1361 1803 1432 1879 τούς
1450 1793 1483 1867 δέ
1500 1803 1631 1892 ἀστέρας
1648 1803 1694 1867 ἐπ’
1713 1808 1815 1867 αὐτῶν

264 1906 412 1972 κινεῖσθαι
445 1908 528 1971 κατὰ
551 1931 587 1973 τε
614 1909 721 1981 πλάτη
748 1911 801 1974 καί
826 1910 907 1994 βάθη
933 1911 1004 2001 περὶ
1028 1910 1069 1976 τὰ
1092 1911 1206 2000 κέντρα
1231 1911 1285 1999 μὲν
1309 1910 1351 1976 τά
1374 1915 1493 1976 ἑαυτῶν
1517 1911 1729 2000 κινουμένους·
1752 1922 1813 1976 πᾶν

264 2013 323 2104 γάρ
355 2025 445 2102 σῶμα
470 2013 549 2080 θεῖον
574 2027 708 2080 κινεῖται
732 2022 903 2099 κυκλικῶς,
929 2017 1073 2108 φέρεσθαι
1105 2010 1138 2082 δέ
1170 2017 1315 2107 καὶπερὶ
1341 2017 1438 2090 αὐτήν
1469 2021 1578 2084 λοιπὸν
1609 2018 1668 2090 τήν
1698 2021 1813 2084 οἰκείαν

266 2125 397 2188 ἕκαστον
410 2125 434 2210 ²)
459 2133 599 2212 σφαῖραν,
625 2130 681 2188 οὐκ
706 2129 809 2199 ἁπλῆν
827 2125 933 2215 φορὰν,
954 2124 1038 2190 ἁλλὰ
1055 2127 1202 2198 ποικίλην
1227 2126 1320 2190 πλέον
1345 2125 1364 2196 ή
1390 2128 1521 2190 ἐλασσον
1546 2120 1733 2216 παρεξιόντα
1757 2128 1811 2190 τύν

268 2224 378 2322 ἀκριύῆ
403 2225 506 2310 λόξον,
531 2233 584 2296 καί
601 2237 641 2306 εἰς
659 2229 731 2321 ὐψύς
749 2234 896 2323 αἰρόμενα
919 2233 972 2297 καί
995 2238 1035 2308 εἰς
1054 2231 1147 2318 βάθος
1168 2234 1330 2310 κατιόντα,
1355 2232 1426 2297 τινά
1451 2223 1560 2297 δὲκαὶ
1584 2239 1625 2308 εἰς
1650 2233 1686 2296 τύ
1711 2233 1815 2323 πρόσω

266 2341 320 2405 καί
336 2345 377 2416 εἰς
394 2341 431 2404 τ“ο
452 2342 550 2404 ὐπίσω
567 2341 718 2430 φερόμενα
735 2340 820 2405 κατά
836 2341 895 2410 τήν
913 2345 1014 2406 αὐτῶν
1034 2341 1192 2424 βούλησιν,
1212 2331 1348 2428 οὐδαμοῦ
1366 2351 1425 2417 τῆς
1440 2341 1509 2431 περὶ
1526 2339 1567 2404 τὰ
1585 2345 1682 2405 οἰκεῖα
1704 2343 1817 2430 κέντρα

265 2449 414 2524 κινήσεως
439 2448 646 2538 ἀφιστάμενα·
672 2450 726 2514 καὶ
749 2450 830 2515 οὕτω
854 2440 891 2521 δή
910 2450 964 2514 καὶ
981 2448 1040 2522 τήν
1056 2452 1158 2514 αὐτῶν
1182 2448 1333 2514 κινεῖσθαι
1356 2450 1477 2522 κίνησιν
1502 2448 1561 2522 τήν
1586 2449 1740 2521 κυκλικήν
1764 2452 1817 2514 καί

266 2567 329 2623 τῶν
354 2558 413 2622 ὑπὸ
438 2559 599 2644 σελή[νην]

266 2775 289 2839 f.
315 2775 355 2838 69
383 2797 424 2853 π,
443 2774 477 2838 in
500 2774 618 2839 lacuna
643 2775 660 2839 7
687 2796 787 2840 vers.:
814 2823 862 2836 ...
887 2782 1024 2836 τοῦτο..
1041 2822 1047 2835 .
1073 2771 1156 2862 φόρῳ
1173 2825 1179 2838 .
1196 2824 1225 2839 ..
1249 2765 1327 2850 λίζω
1342 2821 1347 2834 .
1363 2821 1390 2834 ..
1416 2770 1514 2861 φέρων
1531 2775 1582 2837 ἐπι
1596 2822 1601 2834 .
1615 2822 1643 2835 ..
1668 2781 1725 2846 τῆς
1743 2769 1814 2834 κατ’

267 2881 364 2954 αὐτῆς
390 2885 494 2956 εἰς...
521 2884 683 2970 ἀριστερᾶς
707 2880 821 2970 πρόσω,
839 2891 897 2958 τῆς
915 2883 1014 2945 ὀπίσω
1029 2934 1036 2949 .
1051 2932 1081 2948 ..
1107 2881 1205 2968 μέρων
1220 2931 1226 2944 .
1242 2930 1270 2943 ..
1294 2879 1353 2943 ὐπύ
1372 2881 1507 2953 σελήνην
1534 2880 1668 2967 σώματα
1695 2878 1816 2970 μερικὰ,

268 3000 466 3053 κινεῖται...
492 2989 671 3081 ήγουμένως
689 2989 735 3053 ἐπ’
755 2989 881 3066 εὐθείας,
899 2991 964 3078 ἔχει
981 2982 1031 3054 δὲ.
1047 3039 1074 3054 ..
1100 2988 1184 3054 κατά
1202 2981 1336 3079 μέτεξιν,
1354 2981 1406 3054 διὰ
1422 2999 1480 3063 τῆς
1499 2981 1735 3062 ἀνταποδόσεως
1752 2997 1815 3050 τῶν

268 3097 415 3161 ἐναντίων
440 3098 601 3184 κινήσεων,
618 3097 659 3163 τά
677 3089 710 3170 δὲ
727 3098 826 3188 ἁστρα
843 3101 909 3188 ἔχει
927 3097 981 3186 μέν
998 3096 1058 3172 τήν
1074 3101 1282 3188 κυκλοφορίαν
1300 3103 1422 3164 οἰκεῖον·
1440 3110 1574 3162 κινεῖται
1598 3089 1630 3161 δέ
1654 3097 1708 3161 καί
1732 3095 1817 3161 κατὰ

268 3215 330 3269 τῶν
348 3205 395 3270 ἐπ’
417 3205 534 3283 εὐθείας
558 3209 708 3280 κινήσεσιν
735 3199 907 3290 ἰδιότητας,
928 3207 994 3274 άνω
1019 3208 1106 3273 κάτω
1122 3209 1352 3298 πρόσωύπίσω·
1378 3201 1459 3271 διότι
1482 3201 1668 3295 προειληόρεν
1693 3205 1816 3268 ἐκείνων

267 3313 324 3390 τὰς
341 3316 454 3390 αἰτίας,
472 3317 555 3382 ὥστε
572 3316 614 3382 τὰ
631 3317 685 3405 μὲν
703 3316 908 3406 εὐθυπορικῶς
925 3313 1118 3402 κοκλίζεται,
1130 3316 1172 3382 τὰ
1186 3308 1219 3383 δέ
1231 3322 1462 3407 κυκλοφορικῶς
1475 3315 1698 3402 εὐθυπορεῒται,
1717 3313 1815 3400 μέσην

268 3425 384 3512 ἔχοντα
401 3417 491 3502 τάξιν
509 3425 562 3489 καί
579 3426 699 3496 κίνησιν
717 3434 779 3488 τῶν
797 3449 832 3490 τε
850 3425 949 3513 μόνως
966 3427 1271 3516 κυκλοφορουμένων,
1285 3425 1338 3488 καί
1353 3434 1415 3489 τῶν
1435 3423 1534 3513 μόνως
1551 3421 1737 3510 εὐθυπόρων,
1754 3416 1816 3485 οἷόν

268 3536 351 3597 ἐστιν
365 3533 497 3598 ἕκαστον
510 3542 573 3597 τῶν
590 3532 724 3598 ἐνταῦθα
743 3533 906 3602 σοντέθων.
984 3542 1094 3598 Ταῦτα
1111 3539 1201 3622 ήμεῖς
1219 3533 1401 3621 ἐφιστάντες
1418 3532 1587 3622 γράφομεν,
1606 3521 1818 3619 θαυμάζοντες

269 3639 324 3729 μὲν
348 3641 403 3704 τύν
429 3644 585 3704 Πλατῶνα
608 3649 666 3716 τῆς
691 3641 859 3730 φιλοσόφου
885 3641 1011 3732 θεωρίας
1029 3641 1197 3728 ἁφέλοντα,
1214 3650 1277 3704 τῶν
1295 3641 1442 3728 οὐρανίων
1466 3637 1522 3713 τὰς
1548 3636 1817 3726 μεμηχανημένοις

269 3750 370 3824 αἰτίας
395 3757 456 3812 τῶν
481 3749 643 3830 κινήσεων,
668 3749 794 3838 ἔχοντες
819 3741 915 3814 δέτι
939 3749 995 3812 καί
1019 3749 1093 3840 ὑπὲρ
1117 3759 1180 3812 τῶν
1204 3747 1370 3837 χρωμένων
1389 3756 1457 3820 ταῖς
1482 3744 1661 3810 ὑποθέσεσιν
1687 3746 1818 3820 ἐκείναις

268 3856 381 3947 λέγειν·
408 3849 514 3930 ἐπειδὴ
541 3855 601 3948 γάρ
625 3851 800 3932 ήύοὐλοντο
826 3857 1056 3947 μαθηματικῶς
1081 3867 1207 3922 σκοπεῖν
1233 3855 1287 3920 καί
1311 3857 1360 3921 ἐπί
1384 3848 1548 3920 δακτύλων
1571 3864 1630 3917 ποῦ
1656 3851 1771 3917 θάττον
1796 3856 1815 3924 ή

267 3977 325 4030 ποῦ
351 3957 538 4056 βραδύτερον
555 3969 656 4030 ἐκεῖνα
672 3965 805 4056 φέρεται·
822 3965 875 4030 καί
890 3959 1069 4058 λογίζεσθαι
1085 3965 1155 4040 τούς
1172 3963 1300 4054 χρόνους
1316 3965 1487 4052 ηὐρήκασιν
1504 3960 1660 4037 ὑποθέσεις
1685 3958 1755 4025 καθ’
1781 3959 1818 4034 ἁς

268 4065 466 4161 εὐεφόδευτος
491 4075 595 4150 αὐτοῖς
619 4077 740 4164 γίνεται
764 4084 826 4138 τῶν
843 4074 961 4164 χρόνων
981 4081 1039 4149 τῆς
1057 4073 1271 4160 ἁνωμαλίαςή
1298 4067 1484 4158 κατάληψις,
1511 4072 1566 4134 οὐκ
1589 4069 1710 4132 ἐκείνων
1735 4067 1818 4131 οὕτω

270 4182 468 4270 κινουμένων,
493 4185 566 4246 ἁλλ’
591 4189 680 4271 ήμῶν
706 4183 748 4273 μή
776 4175 953 4272 δυναμένων
978 4182 1080 4255 ἄλλως
1098 4179 1232 4270 θηράσαι
1255 4179 1315 4250 τήν
1339 4179 1470 4259 κίνησιν,
1495 4175 1644 4251 τοιαύτας
1661 4175 1818 4251 ὑποθέσεις

270 4293 586 4381 κατασκευασμένων,
612 4281 649 4356 δι’
675 4287 717 4357 ὧν
742 4290 799 4368 τὰς
824 4295 951 4380 ὁμαλεῑς
974 4283 1125 4365 λαθόντες
1149 4290 1304 4371 κινήσεις,
1328 4287 1399 4351 κατ’
1424 4286 1474 4351 ἐπὶ
1499 4283 1636 4349 σύνθεσιν
1660 4276 1818 4372 δυνάμεθα

269 4399 326 4477 τὰς
351 4400 534 4492 ἁνωμὰλους

216 4637 243 4676 ³⁵
270 4621 294 4686 f.
321 4622 373 4699 70,
397 4621 431 4686 in
455 4619 573 4685 lacuna
598 4621 616 4684 6
640 4639 805 4684 vers.:...
829 4615 930 4700 ὥσπερ
956 4612 991 4676 ἁν
1017 4617 1172 4687 εἰ...κος
1196 4613 1364 4702 ἔλεγεν...
1389 4618 1447 4683 τῆς
1471 4597 1723 4696 λαόεῖν...δρῳ
1747 4631 1819 4669 τινα

271 4726 364 4818 ὀρθήν
389 4727 441 4792 καὶ
465 4728 553 4818 περί.
569 4777 574 4790 .
590 4777 596 4790 .
610 4749 676 4798 νην·
702 4733 831 4812 σημεῖον
857 4713 900 4804 δέ,
926 4721 976 4786 ἐπὶ
999 4733 1057 4796 τῆς
1081 4725 1115 4785 ἑσ
1130 4773 1137 4788 .
1155 4771 1185 4786 ..
1210 4717 1251 4784 τὰ
1268 4717 1443 4808 φερόμενον·
1471 4709 1540 4780 εἶτα
1563 4714 1621 4786 τήν
1647 4719 1773 4780 ἐλικαν.
1789 4766 1816 4778 ..

271 4847 419 4923 ποιοῦμεν
444 4827 562 4900 ἐκδύειν
587 4834 738 4907 κινήσεων
771 4831 830 4904 τήν
863 4855 1010 4921 μετα...
1035 4841 1090 4895 τοῦ
1122 4828 1283 4919 μύρμηκος
1316 4833 1355 4901 ὡς
1380 4815 1433 4890 δύο
1464 4825 1644 4912 κινουμένου
1672 4823 1819 4904 κινήσεις,

272 4945 342 5010 ἁλλ’
360 4951 400 5022 ὡς
418 4947 491 5033 μίαν
508 4943 567 5014 τὴν
584 4936 617 5020 ἐξ
635 4946 758 5031 ἀμφοῖν,
775 4943 857 5006 οὕτω
874 4940 933 5032 γάρ
951 4935 1045 5029 οἶμαι·
1063 4939 1115 5004 καί
1131 4943 1159 5002 οἱ
1176 4942 1210 5002 ἐκ
1227 4947 1289 5001 τῶν
1307 4933 1508 5023 μαθημάτων
1525 4932 1584 5000 τήν
1603 4930 1769 5020 ἀνώμαλον
1787 4924 1819 5007 ἐξ

274 5058 400 5144 ὁμαλῶν
418 5062 567 5135 ποιοῦσιν,
585 5055 621 5116 ἵν’
640 5053 713 5141 ὅπερ
731 5053 869 5140 εἴπομεν,
886 5051 977 5114 αὐτοὶ
995 5041 1147 5113 δύνωνται
1159 5045 1230 5121 τούς
1244 5041 1390 5134 ἁριθμούς
1408 5043 1554 5130 εὑρίσκειν
1571 5047 1628 5112 τῆς
1642 5037 1820 5125 ἀνωμαλίας

310 5283 331 5356 ¹)
351 5280 420 5338 eod.
440 5285 572 5353 περιάγειν.
1111 5279 1133 5348 ²)
1152 5275 1220 5332 fort.
1241 5279 1353 5329 ἑκάστου.
