4006 6074
272 439 325 501 162

269 625 394 683 prorsus
404 605 587 664 excluditur:
597 622 657 664 nou
666 607 745 681 quod
755 605 1017 680 praescientiaDei

268 700 397 756 liberum
409 704 546 754 nostrum
558 715 681 770 peccare
695 697 777 770 cogit
790 697 948 754 arbitrium
961 715 1016 754 nos

269 795 441 862 peccatores
459 803 526 843 esse
548 786 733 859 praescierit,
754 786 832 843 unde
852 787 1016 860 Apostolus

270 879 325 935 ait:
339 897 356 931 e
368 878 450 946 Quos
459 877 622 950 praescivit
633 877 655 949 ¹)
666 884 696 933 et
705 876 941 950 praedestinavit
953 893 1018 932 con·

269 969 381 1027 formes
400 967 466 1024 fieri
487 967 627 1040 imaginis
646 967 716 1024 Filii
735 966 818 1023 sui».
837 967 882 1023 De
908 966 1017 1038 quibus

270 1059 313 1116 ait
325 1058 487 1116 Dominus:
507 1058 608 1115 «Ores
628 1075 712 1115 meae
725 1074 830 1116 vocem
850 1071 948 1113 meam
967 1073 1018 1113 au·

270 1150 357 1208 diunt
384 1156 416 1208 et
434 1167 565 1222 agnosco
590 1167 651 1218 eas,
675 1155 707 1205 et
726 1155 893 1222 sequuntur
911 1164 967 1219 me,
988 1153 1019 1204 et

271 1257 327 1311 ego
346 1242 441 1298 vitem
460 1245 613 1296 aeternam
632 1239 669 1295 do
689 1237 741 1311 sis,
755 1247 785 1296 et
798 1257 859 1296 non
877 1237 1018 1310 peribunt

269 1329 301 1385 in
312 1337 477 1402 aeternum,
485 1334 516 1386 et
524 1347 612 1386 nemo
623 1347 674 1386 ees
683 1329 764 1402 rapit
774 1329 810 1386 de
821 1347 912 1385 manu
920 1347 1018 1386 mee».

271 1418 356 1475 Inter
375 1417 605 1491 praescientiam
624 1417 703 1476 enim
724 1424 754 1474 et
773 1417 1019 1492 praedestinatio·

271 1526 339 1564 nem
351 1508 408 1565 hoc
420 1507 556 1578 interest,
571 1508 650 1580 quod
663 1526 723 1565 non
736 1507 836 1565 omnia
847 1525 925 1582 quae
937 1525 1019 1582 prae·

272 1598 416 1669 sciuntur,
430 1599 699 1673 praedestinentur,
714 1600 813 1657 omnis
827 1606 929 1657 eutem
941 1616 1018 1672 quae

270 1689 541 1763 praedestinentur,
560 1689 776 1763 praesciuntur.

306 1783 372 1838 XV.
391 1783 423 1841 si
441 1781 509 1855 quis
524 1782 682 1839 confitetur
694 1783 824 1840 enimam
836 1787 955 1840 tantum
973 1781 1018 1839 fe-

271 1875 347 1933 cerit
364 1874 477 1931 homini
496 1875 593 1948 Deus,
614 1879 644 1930 et
662 1875 790 1932 Satanas
813 1891 921 1949 corpus
940 1875 1018 1950 plas-

271 1964 409 2037 maverit,
429 1965 587 2020 anathema
606 1963 660 2019 illi.

305 2054 387 2112 XVI.
406 2053 437 2112 si
461 2054 529 2127 quis
549 2055 708 2112 confitetur
726 2055 842 2112 enimes
864 2057 1017 2114 hominum

271 2159 379 2200 rursus
397 2141 428 2199 in
447 2143 526 2200 huno
544 2143 689 2199 mundum
707 2143 738 2200 in
756 2144 891 2202 homines
915 2151 969 2202 aut
986 2145 1017 2200 in

269 2249 376 2304 pecore
389 2234 437 2290 vel
450 2232 480 2288 in
494 2232 642 2306 serpentis
655 2233 774 2306 reverti,
789 2237 950 2292 anathema
962 2233 1018 2291 illi.

305 2321 404 2378 XVII.
423 2322 455 2378 Si
473 2320 540 2396 quis
559 2323 717 2380 confitetur
734 2323 886 2382 hominem
903 2327 935 2382 in
953 2327 1018 2384 eni-

271 2428 350 2467 mam
364 2420 481 2469 tentum
494 2413 525 2470 in
541 2411 588 2470 die
602 2413 709 2486 judicii
726 2421 973 2490 resurrecturum,
987 2427 1018 2476 et

270 2518 330 2556 non
350 2519 417 2558 cum
442 2519 564 2575 corpore
586 2504 706 2576 qualem
731 2503 817 2560 illum
834 2505 917 2562 Deus
936 2505 1015 2579 fecit,

269 2590 429 2647 anathema
447 2591 500 2647 illl.

305 2681 420 2738 XVIII
433 2680 464 2739 si
476 2680 544 2755 quis
557 2682 717 2740 confitetur
729 2685 843 2743 animas
860 2686 1016 2744 hominum

270 2770 307 2828 de
325 2771 446 2844 propria
464 2772 635 2830 substantie
653 2775 709 2831 Dei
728 2793 803 2850 esse,
823 2777 902 2850 quod
920 2777 1015 2835 absit!

271 2867 307 2919 ut
324 2879 378 2918 nec
396 2861 493 2920 factes
513 2881 531 2920 a
548 2863 613 2920 Deo
625 2862 770 2937 adfirmet,
785 2867 945 2923 anathema
962 2867 1015 2924 illi.

304 2951 388 3009 XIX.
407 2951 533 3010 Animas
551 2953 705 3011 hominum
726 2955 782 3028 (De
800 2959 898 3014 eccles.
917 2957 1014 3029 dogm.

269 3061 333 3116 cap.
352 3044 444 3118 ην)...
463 3061 518 3100 nec
535 3043 568 3099 in
586 3047 705 3104 semel...
723 3062 777 3120 per
799 3046 911 3105 coitum
929 3047 1017 3104 semi-

271 3140 410 3192 nentur...
430 3144 657 3209 praesumentes
669 3136 818 3196 affirmant
829 3139 918 3212 qussi
929 3147 1016 3196 natu·

268 3239 321 3278 rae
334 3222 549 3296 consequentia
557 3224 733 3281 serviente...
741 3230 810 3296 poet
820 3225 945 3284 dicimus
958 3245 1014 3284 om.

270 3311 451 3370 creationem
464 3312 580 3370 enlmee
593 3314 691 3372 solum
703 3321 868 3372 creatorem
884 3316 1015 3374 omniurn

269 3418 369 3458 nosse.
847 3421 849 3424 ·

305 3491 374 3549 XX.
393 3492 496 3565 Neque
509 3491 585 3551 duae
597 3493 712 3552 animae
725 3495 781 3568 (De
799 3499 897 3554 coclea
917 3499 1014 3572 dogm.

270 3600 333 3656 cap.
352 3583 431 3656 xv)...
450 3581 482 3639 in
494 3600 551 3641 sue
563 3584 736 3643 substantia
748 3585 841 3659 allgat
859 3587 1016 3660 cogitatio-

269 3689 338 3730 nem
357 3692 447 3746 quam
465 3676 541 3733 vult.

305 3762 391 3820 XXI.
411 3765 512 3822 Solum
536 3766 688 3826 hominem
714 3769 776 3844 (De
801 3773 898 3829 eccles.
917 3773 1014 3844 dogm.

306 4090 330 4166 ¹)
347 4090 432 4151 Rom.
451 4107 515 4166 vm,
534 4094 577 4149 29.

860 427 1008 510 Soccus
1026 429 1243 532 depectitur

1072 627 1135 682 cap.
1148 609 1239 684 xvr)...
1252 625 1329 682 quae
1342 614 1373 666 et
1392 613 1510 666 exuta...
1523 609 1601 668 sicut
1619 607 1718 671 Arabe
1736 627 1816 671 aese-

1070 700 1135 756 rit...
1153 704 1222 770 post
1241 700 1323 757 Zeno
1341 717 1397 757 om.
1417 699 1498 757 dicit.

1105 789 1206 845 XXII.
1225 789 1408 847 Animalium
1426 809 1497 848 vero
1514 790 1630 848 enImae
1649 791 1706 864 (De
1718 794 1816 850 eccla.

1071 881 1168 952 dogm.
1188 897 1251 952 cap.
1270 881 1373 954 ΝΠ)...
1392 879 1587 938 incitamenta
1604 881 1764 939 ducuntur.

1107 969 1226 1025 XXIII.
1244 968 1355 1027 Anime
1375 971 1507 1026 humana
1525 971 1582 1044 (De
1600 975 1698 1029 eccles.
1717 975 1815 1046 dogm.

1072 1077 1135 1132 cap.
1154 1061 1244 1134 xvrrr)
1263 1077 1318 1116 nec
1337 1077 1405 1116 cum
1418 1077 1551 1117 cerne...
1572 1060 1676 1118 matris
1696 1077 1817 1135 corpore

1072 1148 1168 1205 creari
1187 1155 1218 1206 et
1236 1148 1364 1222 iufundi,
1381 1155 1443 1207 ut...
1462 1150 1494 1206 in
1512 1150 1631 1208 mundo.

1107 1239 1219 1296 XXIV.
1239 1240 1364 1297 Duabus
1377 1240 1556 1298 snbstantIIs
1569 1247 1689 1298 constat
1701 1242 1757 1316 (De
1774 1259 1818 1298 ec·

1072 1331 1138 1386 oles.
1158 1331 1256 1402 dogm.
1275 1347 1338 1402 cap.
1351 1332 1442 1404 ιιι)...
1455 1331 1555 1387 anime
1572 1335 1690 1387 tentum
1709 1338 1740 1388 et
1757 1348 1820 1386 cor·

1072 1436 1169 1493 pore...
1189 1426 1220 1476 et
1239 1437 1361 1494 corpore
1375 1438 1443 1478 cum
1456 1411 1620 1480 sedebus...
1639 1437 1698 1478 non
1716 1427 1820 1479 movet

1072 1527 1205 1582 corpus...
1225 1509 1290 1568 eine
1309 1528 1457 1584 corpore...

1108 1599 1204 1656 XXV.
1224 1600 1291 1656 Non
1317 1607 1365 1657 est
1389 1601 1497 1658 tertius
1517 1603 1579 1674 (De
1601 1605 1701 1660 eccles.
1719 1603 1817 1674 dogm.

1072 1709 1133 1764 cep.
1152 1691 1232 1765 xx)...
1252 1690 1377 1764 spiritus
1396 1692 1579 1766 appellatum
1598 1693 1728 1751 animam
1745 1711 1818 1751 vero

1073 1799 1110 1838 ex
1129 1798 1163 1837 eo
1182 1781 1293 1838 vocari.

1107 1871 1218 1927 XXVI.
1240 1869 1438 1937 Quamobrem
1457 1871 1620 1929 videndum
1632 1877 1680 1929 est
1698 1872 1819 1946 (liudri-

1071 1961 1171 2016 ridioc
1189 1977 1251 2031 cap.
1271 1973 1349 2031 xovr,
1369 1964 1391 2016 t.
1409 1976 1442 2016 vr
1464 1961 1518 2018 ccl
1537 1962 1605 2035 276;
1624 1964 1737 2019 Patrol.
1756 1961 1818 2030 ιι).

1106 2047 1234 2103 XXVII.
1245 2048 1413 2120 Aliquando
1423 2056 1525 2106 eutem
1534 2051 1612 2107 bona
1621 2051 1710 2125 (ibid.
1718 2069 1742 2107 o.
1749 2050 1820 2125 or)...

1071 2152 1275 2208 quaecumque
1294 2136 1391 2194 voluit
1410 2137 1491 2196 fecit.

1107 2225 1250 2282 XXVIII.
1260 2225 1308 2282 Ad
1318 2226 1479 2300 imaginem
1488 2229 1544 2287 Dei
1554 2229 1653 2290 factus
1664 2237 1712 2288 est
1719 2231 1817 2300 homo,

1071 2317 1125 2372 illa
1142 2316 1273 2389 imagine
1292 2335 1351 2391 qua
1369 2325 1476 2392 postea
1492 2321 1592 2378 factus
1612 2327 1659 2378 est
1671 2321 1768 2392 Deus3
1786 2320 1818 2376 in

1071 2406 1171 2463 anima
1183 2425 1254 2465 vero
1268 2426 1361 2466 sexus
1374 2409 1535 2468 diversitas
1547 2429 1607 2468 non
1620 2417 1675 2482 est,
1689 2411 1744 2470 sed
1756 2429 1818 2468 una

1069 2496 1101 2553 in
1119 2501 1255 2556 masculo
1275 2505 1306 2556 et
1324 2499 1435 2557 femina
1452 2501 1552 2559 anime
1570 2505 1625 2574 est,
1645 2501 1725 2559 sicut
1744 2519 1817 2560 vere

1070 2592 1126 2643 est.
1146 2586 1301 2654 Quomodo
1320 2587 1487 2652 virdicitur
1498 2589 1599 2663 imago
1611 2608 1678 2648 esse
1691 2591 1755 2662 Del,
1774 2591 1818 2648 fe-

1070 2673 1150 2730 mine
1167 2674 1268 2748 imago
1291 2675 1363 2748 viri,
1383 2676 1442 2734 nisi
1467 2679 1547 2751 quod
1571 2678 1709 2738 Christus
1733 2681 1818 2736 Deus

1070 2770 1187 2821 creator
1204 2764 1348 2837 hominis,
1368 2765 1428 2823 viri
1449 2763 1579 2824 formam
1602 2773 1815 2842 assumpturus

1069 2859 1175 2926 postea
1194 2854 1384 2924 eret3vi1um
1397 2855 1435 2911 ed
1448 2855 1610 2930 imaginem
1628 2875 1715 2914 suam
1732 2875 1818 2930 pree·

1069 2942 1220 3015 flgmrevit,
1240 2942 1383 3000 feminam
1396 2962 1468 3003 vero
1481 2963 1500 3002 a
1512 2946 1578 3004 viro
1591 2951 1741 3018 sumptam
1759 2945 1818 3003 viri

1068 3033 1230 3108 imaginem
1239 3035 1396 3108 expressit.
1406 3037 1503 3094 Ambo
1516 3043 1627 3112 tamen,
1636 3037 1736 3110 imago
1746 3037 1815 3110 Dei;

1068 3123 1141 3196 quie
1150 3141 1228 3182 unus
1238 3141 1277 3180 ex
1286 3124 1389 3198 altero,
1400 3125 1515 3183 dicente
1528 3127 1695 3200 Scriptura:
1709 3127 1819 3184 ‹Crea-

1068 3215 1114 3274 vit
1131 3216 1213 3272 Deus
1226 3215 1392 3289 hominem;
1405 3216 1443 3272 ed
1454 3216 1615 3290 imaginem
1627 3217 1684 3274 Dei
1704 3217 1817 3274 creavit

1068 3303 1155 3362 illum
1172 3305 1203 3362 id
1216 3313 1263 3364 est
1275 3307 1358 3364 Deus
1370 3307 1409 3364 ed
1421 3307 1485 3381 Dei¹
1499 3309 1666 3367 masculum
1685 3315 1717 3366 et
1734 3308 1818 3365 femi·

1068 3413 1138 3451 nem
1157 3395 1272 3454 creavit
1289 3414 1341 3454 eos
1351 3419 1368 3450 e
1379 3398 1411 3472 ἲ).

1104 3485 1219 3544 XXIX.
1238 3487 1273 3544 In
1292 3489 1510 3546 resurrectione
1524 3507 1562 3547 ex
1578 3490 1706 3548 mortuis
1725 3507 1816 3548 sexus

1068 3575 1146 3633 form
1158 3594 1234 3633 enon
1248 3578 1429 3654 mutabitur3
1443 3579 1497 3638 sed
1509 3579 1557 3637 vir
1569 3587 1707 3639 mortuus
1720 3597 1817 3638 resur·

1069 3672 1122 3739 get
1140 3666 1171 3722 in
1189 3666 1286 3725 forme
1304 3667 1370 3739 viri,
1390 3676 1421 3725 et
1438 3668 1551 3726 femina
1568 3669 1601 3726 in
1619 3669 1716 3726 forma
1733 3668 1816 3726 femi·

1068 3775 1152 3815 nee...
1171 3776 1208 3817 ne
1227 3775 1286 3815 non
1305 3759 1346 3816 sit
1363 3776 1436 3818 vera
1454 3759 1644 3833 resurrectio,
1664 3761 1768 3819 sinon
1785 3759 1817 3816 id

1068 3855 1209 3926 resurget
1227 3850 1307 3924 quod
1324 3850 1414 3908 cedit.
1433 3853 1575 3924 Explicit.
1616 3916 1618 3920 ,

1107 4089 1130 4163 ²)
1149 4087 1258 4148 Genesi
1276 4104 1295 4145 1.
