3940 6072
246 544 300 612 816
931 536 1109 619 ίαοίιονιιε

247 717 406 793 συνθήκην
431 717 484 783 καί
508 716 681 782 ἀνάπαυσιν
699 718 752 784 καί
769 715 882 807 ῥυθμόν
897 728 953 794 τῆς
971 717 1187 806 καθαρότητος
1204 707 1392 807 ἐπιδέχεται·
1413 721 1500 782 κῶλα
1523 713 1583 810 γάρ
1609 717 1714 807 μακρά
1737 715 1793 782 καί

247 825 444 918 κομματικά,
469 826 523 890 καί
547 823 684 900 συνθήκη
711 820 743 904 έξ
767 819 888 914 ἰαμύων
913 825 967 888 καὶ
991 827 1156 914 τροχαίων,
1174 824 1345 902 ἀνάπαυσις
1364 819 1493 915 ἰαμίόική
1515 827 1534 898 ή
1560 825 1712 916 τροχαῖκή
1739 826 1794 888 καὶ

248 945 280 1002 αἱ
304 937 424 1002 τούτων
448 928 652 1012 καταλήξεις.

580 1033 860 1132 Περίποδῶντῆς
827 1042 1181 1132 λ’σεμνότητοςί)...

580 1152 686 1243 Περί
677 1144 1015 1243 ποδῶντραχότητςο

581 1261 654 1351 Περὶ
646 1252 779 1326 ιποδῶν
805 1265 919 1351 ἀχμῆς.

584 1370 703 1459 Περί
680 1361 783 1434 ποδῶν
807 1361 983 1459 περιόολῆς.

585 1479 661 1569 Περί
585 1469 787 1543 Πίποδῶν
812 1480 1013 1542 κεκαλλωπ
963 1476 1121 1566 πισμένης.

586 1588 704 1676 Πρείτ
680 1576 783 1651 ποδῶν
808 1596 865 1662 τῆς
889 1610 944 1675 γορ
946 1586 1091 1677 γότητος

585 1696 658 1784 Περί
585 1684 784 1759 Πποδῶν
809 1697 964 1783 σφηνείας.

586 1803 703 1892 Περίπ

583 1910 703 2001 Περί·-

583 2025 688 2108 Περ

680 1793 784 1868 ποδῶν
769 1802 1015 1893 νγλυκύτητςο

681 1901 785 1974 ποδῶν
810 1912 985 1986 ἐπιεικείας,
1010 1915 1038 1974 οἰ
1062 1909 1115 1974 καί
1139 1913 1169 1974 ἐν
1194 1919 1234 1994 τῇ
1260 1900 1462 1998 σφοδρότητι.

612 2019 700 2084 εὶτ
679 2009 781 2083 ποδῶν
767 2017 1017 2109 νβραχύτητος.

584 2128 701 2218 Περίπ
679 2118 782 2192 ποδῶν
807 2119 997 2204 δεινότητος.

296 2236 405 2300 Τοίνυν
422 2233 523 2310 πάσα
550 2227 629 2311 ἰδέας
653 2233 813 2323 εκθεμενοι
832 2234 959 2299 καθ’
928 2236 935 2256 ‘
939 2235 1139 2326 Ερμογένους,
1164 2225 1227 2301 δεῖν
1251 2234 1400 2323 ὼήθημεν
1417 2233 1471 2298 καί
1494 2243 1552 2309 τῆς
1575 2231 1646 2321 περὶ
1668 2241 1713 2314 τῷ
1737 2239 1800 2295 ,ἰα-

253 2345 345 2436 χώρῳ
371 2346 441 2429 (sic)
464 2342 614 2420 ἐκθέσθαι,
639 2349 679 2420 ὡς
705 2343 741 2408 ἀν
767 2335 806 2408 δι’
832 2347 934 2408 αὐτῶν
951 2339 1152 2434 παράδειγμα
1169 2337 1331 2420 λαύόντες,
1348 2341 1389 2408 τά
1407 2341 1603 2432 μετρηθέντα
1628 2345 1680 2403 ὑπ’
1701 2340 1798 2402 αὑτοῦ

252 2454 341 2514 κῶλα
365 2449 531 2526 Πλάτωνος
555 2451 608 2516 καί
631 2441 825 2529 Θυκυδίδου,
850 2449 891 2516 τά
916 2453 945 2516 ἐν
976 2461 1021 2535 τῷ
1046 2453 1238 2540 Ἐπιταφίῳ,
1262 2451 1315 2514 καὶ
1347 2447 1600 2540 Δημοσθένουςῖ)
1625 2446 1667 2512 τά
1697 2449 1727 2512 έν
1752 2455 1800 2529 τῷ

255 2556 327 2646 Περί
351 2568 404 2622 τοῦ
430 2557 588 2648 Στεφάνου
602 2609 608 2623 .
623 2609 630 2622 .
645 2611 652 2624 .

299 2659 460 2755 ’Άρξομαι
483 2657 516 2730 δὲ
540 2667 621 2732 οὕτω
643 2661 822 2757 περιστίξας
848 2667 918 2745 τούς
935 2659 1043 2745 πόδας,
1061 2672 1094 2733 οό
1111 2667 1195 2734 κατά
1212 2667 1253 2733 τά
1269 2667 1354 2759 παρά
1372 2677 1435 2733 τῶν
1459 2660 1584 2750 λέξεων,
1607 2663 1691 2729 ἀλλά
1715 2663 1801 2727 κατά

255 2771 298 2838 τά
322 2775 399 2846 τέλη
426 2783 488 2838 τῶν
505 2765 621 2856 ποδῶν,
639 2773 723 2839 ῶσάν
740 2776 794 2839 καί
810 2785 878 2850 ταῖς
897 2777 1113 2867 εἰσαγομέναις
1130 2776 1266 2867 εόμαρής
1284 2779 1330 2849 εἰη
1348 2781 1368 2850 ή
1386 2776 1457 2866 περί
1473 2777 1567 2840 αὑτοῦ
1583 2783 1702 2864 γνῶσις.
1722 2772 1799 2860 Πρός

256 2881 363 2972 μέντοι
386 2893 450 2958 τοῖς
475 2891 611 2972 φυσικοῖς
636 2881 662 2947 θ’
686 2885 769 2959 ποσὶ,
792 2882 959 2973 προσθείην
984 2885 1037 2949 καί
1059 2882 1131 2959 τούς
1155 2885 1281 2962 λοιπούς
1304 2886 1347 2969 η’,
1372 2879 1413 2949 ὧν
1431 2889 1447 2946 ό
1464 2883 1604 2973 ,ἰάχαρος
1630 2881 1798 2972 μέμνηται.

255 2991 290 3056 Ὁ
317 2991 371 3080 μὲν
395 2984 446 3056 οὖν
471 3001 610 3080 κρεῖσσον
635 2990 701 3080 ἅμα
726 2989 923 3081 συνάψαντας
946 2991 1072 3057 πάντων
1090 3004 1140 3058 νῦν
1159 2993 1388 3085 μεμνησθῆναι,
1406 2996 1455 3058 ἰνα
1473 2991 1515 3082 μὴ
1542 2981 1801 3081 κρεματιζόμενοι

255 3103 287 3164 ἑν
313 3091 468 3190 διαφόροις
492 3099 610 3176 τόποις,
635 3099 785 3191 ἀσάφειαν
810 3101 969 3190 παρέχωσι
992 3112 1057 3177 τοῖς
1082 3102 1335 3195 ἀναγινώσκουσι.
1361 3103 1428 3168 Εἰσί
1458 3103 1561 3167 τοίνυν
1584 3089 1677 3174 πόδες
1701 3102 1803 3186 εύρισ-

255 3207 380 3297 κόμενοι
404 3213 435 3273 ἑν
460 3217 504 3290 τῷ
528 3203 611 3292 πέζῳ
635 3208 731 3300 λόγῳ,
756 3207 848 3274 άλλοι
871 3214 902 3274 ἑν
927 3207 1037 3284 ἄλλαις
1063 3201 1164 3287 ἰδέαις.
1189 3217 1226 3276 Οἰ
1250 3203 1283 3277 δὲ
1307 3202 1476 3295 σπονδεῖος,
1497 3201 1619 3297 ἰαμύος,
1643 3216 1800 3298 τροχαῖος·

256 3305 359 3379 δεῖδὲ
383 3313 544 3404 γινώσκειν
568 3321 608 3392 ὡς
633 3318 850 3407 ἀντιτρόχαιος
874 3316 1093 3408 ὑπεισέρχεται
1116 3319 1233 3408 χόρειος

303 3424 410 3499 Οὕτως
435 3421 488 3488 καί
511 3427 542 3488 ἐν
567 3434 612 3508 τῷ
635 3418 718 3508 πέζῳ
742 3425 838 3516 λόγῳ,
864 3431 889 3490 εἰ
914 3437 1036 3516 μετρεῖν
1070 3426 1186 3511 βοόλοι,
1211 3429 1300 3491 ότινα
1332 3426 1427 3518 λόγον
1460 3427 1634 3520 ῥητορικόν,
1661 3415 1728 3508 [δεῖ]
1756 3421 1802 3510 μή

257 3523 448 3621 ύπερόαίνειν
472 3533 526 3595 τόν
551 3531 665 3597 κύκλον
690 3533 709 3604 ή
734 3535 772 3596 τό
796 3534 906 3622 κόμμα
929 3538 948 3606 ή
974 3537 1028 3599 τόν
1053 3527 1183 3618 ἐπῳδόν,
1200 3527 1342 3625 περίοδον
1366 3539 1496 3625 γίνεται,
1514 3536 1701 3624 ἐμέτρησαν,
1717 3529 1803 3594 ἀλλά

258 3639 312 3703 καί
328 3638 425 3703 κατά
436 3650 569 3728 πνεῦμα,
595 3641 665 3704 ἀλλ’
683 3647 722 3717 ὡς
740 3645 873 3732 εἴρηται,
890 3642 974 3708 κατά
991 3648 1100 3720 κῶλον,
1119 3650 1158 3720 ὡς
1176 3635 1378 3732 δειχθήσεται
1393 3647 1428 3708 έκ
1444 3667 1480 3708 τε
1496 3653 1558 3707 τῶν
1576 3651 1631 3706 τοῦ
1652 3637 1803 3728 Ααχιύρου

256 3736 533 3837 παραδειγμάτων,
557 3749 611 3812 καί
634 3742 666 3826 ἐξ
683 3744 723 3814 ὧν
742 3762 893 3842 μετρικῶς
912 3777 959 3817 σοι
976 3753 1134 3841 στήσομαι
1150 3755 1187 3817 τό
1205 3754 1276 3818 όλον
1294 3752 1523 3841 Δημοσθενικόν
1540 3753 1646 3842 λόγον,
1663 3749 1718 3813 τόν
1739 3750 1806 3810 ὲπι-

258 3854 421 3945 γράφοντα
443 3857 517 3944 πρὸς
541 3857 600 3926 τήν
625 3857 794 3928 ἐπιστολήν
818 3863 986 3924 Φιλίππου.
1012 3867 1129 3924 Τοῦτον
1154 3859 1213 3950 γάρ
1238 3855 1382 3950 στίξομεν
1408 3860 1461 3925 σύν
1485 3865 1556 3944 Θεῷ
1586 3858 1690 3949 φάναι,
1719 3851 1806 3918 κατά

259 3968 359 4028 κῶλον
384 3966 644 4040 καταστήσαντες
668 3971 710 4042 εἰς
733 3965 792 4038 τήν
816 3969 984 4039 ποσότητα
1008 3977 1069 4032 τῶν
1094 3967 1203 4033 κώλων
1228 3969 1312 4033 κατά
1329 3971 1384 4036 τόν
1402 3968 1529 4060 ἀριθμόν
1553 3969 1608 4033 τόν
1625 3965 1804 4056 ἐγκείμενον

259 4075 289 4136 ἐν
315 4081 378 4146 τοῖς
403 4073 541 4161 ἀρχαίοις
568 4063 709 4156 βιύλίοις,
733 4079 773 4149 ὡς
797 4075 966 4164 ἐμέτρησεν
993 4075 1084 4152 αὐτὸς
1102 4079 1118 4138 ὁ
1138 4075 1337 4164 Δημοσθένης
1354 4077 1408 4142 τόν
1433 4068 1509 4141 ἰδιον
1532 4075 1636 4165 λόγον.
1663 4075 1805 4160 Εἰπωμεν

260 4173 311 4242 ούν
335 4187 458 4269 πρῶτον
483 4190 537 4244 τοῦ
561 4179 708 4271 Λαχάρου
732 4181 791 4252 τήν
816 4185 1038 4274 ’ἰέχνολογίαν,
1063 4182 1100 4254 ἢν
1125 4188 1160 4248 ἐκ
1183 4195 1239 4249 τοῦ
1270 4185 1428 4248 Διονυσίου
1462 4185 1667 4273 παρειληφεν·
1692 4187 1721 4244 οἰ
1749 4177 1806 4268 μέν

259 4288 374 4353 πολλοὶ
397 4297 459 4352 τῶν
484 4286 556 4352 ένθα
580 4289 749 4378 εἰρηκότων
773 4291 931 4354 ἰπαίνουσι
954 4291 1008 4354 τόν
1033 4290 1243 4381 προστεθέντα
1263 4302 1309 4376 τῷ
1326 4293 1411 4383 νόμῳ
1435 4293 1489 4356 τόν
1513 4291 1618 4382 λόγον,
1636 4291 1690 4355 τόν
1707 4281 1741 4352 δὲ
1765 4293 1806 4363 ὡς

261 4395 357 4459 καλόν
382 4394 433 4458 ἑπί
456 4405 520 4469 τοῖς
545 4399 665 4459 ἐκτῶν
689 4397 833 4486 πολέμων
859 4395 1063 4488 θαπτομένοις
1089 4399 1291 4491 ἀγορεύεσθαι
1314 4403 1419 4478 αὑτὸν,
1445 4411 1606 4492 μετρεῖται
1630 4391 1663 4465 δὲ
1686 4399 1805 4472 οὕτως·

261 4505 355 4575 -ζ-Οἰ
380 4500 434 4589 μὲν
457 4501 609 4584 πολλοίἰ)
635 4511 697 4565 τῶν
729 4495 838 4567 ἔνθαδε
869 4504 1068 4595 εἰρηκώτων.
1085 4557 1110 4570 ..
1139 4510 1298 4574 ἐπαίνουσι
1325 4511 1380 4576 τόν
1408 4507 1618 4600 προστεθέντα
1647 4515 1691 4590 τῷ
1718 4505 1805 4594 νόμῳ

262 4609 357 4699 λόγον
380 4623 422 4684 -ζ-
444 4605 521 4674 Εἰτα
536 4611 574 4676 τό
587 4611 692 4701 τρίτὀν
709 4615 820 4677 κῶλον·
837 4628 881 4690 ÷
893 4615 945 4692 Ὡς
962 4616 1058 4680 καλόν
1075 4615 1126 4680 ἐπὶ
1142 4629 1207 4694 τοῖς
1223 4617 1274 4682 έπί
1290 4629 1353 4683 τῶν
1371 4623 1405 4684 ἑκ
1422 4628 1484 4682 τῶν
1501 4617 1645 4707 πολέμων
1663 4613 1806 4701 θαπτομέ

263 4741 324 4792 νοις
339 4716 540 4809 ἀγορεύεσθαι
553 4721 702 4797 αὐτόν-ζ-
713 4721 923 4814 τετράμετρον
938 4725 1219 4814 ύπερκατάληκτον
1237 4717 1288 4792 διά
1304 4727 1363 4799 τήν
1376 4727 1615 4818 περιττεύουσαν
1633 4715 1806 4794 συλλαύήν.

309 4821 385 4890 Εἶτα
412 4829 610 4893 Πλατωνικὸν
629 4831 734 4921 ῥητόν·
757 4831 917 4926 -ζ-’λίργῳ
938 4835 994 4926 μὲν
1011 4841 1097 4929 ήμῖν,
1114 4843 1143 4902 οἰ
1160 4828 1192 4902 δὲ
1210 4841 1315 4927 έχουσι
1338 4836 1380 4902 τά
1404 4838 1605 4927 προσήκοντα
1630 4837 1731 4924 σφίσιν
1756 4835 1810 4895 ἀν-

264 4931 406 5022 θρώποις,
420 4948 464 5010 ÷
487 4935 698 5029 τετράμετρον
723 4945 960 5015 καταληκτικόν
985 4943 1070 5009 κατά
1092 4935 1242 5009 διποδίαν.
1263 4939 1338 5010 Εἶτα
1355 4945 1393 5011 τό
1411 4936 1551 5035 δεύτερον
1568 4947 1679 5007 κῶλον·
1694 4945 1810 5016 -ζ-’.λν-

301 5205 323 5277 ¹)
343 5203 511 5262 Scholiasta
530 5205 699 5264 minutstim
717 5209 868 5282 signifieat
889 5211 1010 5284 quinam
1100 5215 1122 5288 3)
1135 5213 1225 5282 Haec,
1237 5213 1327 5271 simul
1337 5218 1369 5271 εἰ
1380 5213 1535 5270 Platonica
1546 5211 1635 5286 paulo
1648 5209 1733 5282 infra,
1744 5227 1810 5283 per-

265 5294 403 5367 singulas
423 5295 568 5354 sermonis
588 5299 652 5359 ἰδέαι
671 5299 761 5370 pedes
781 5301 913 5357 deceant.
1064 5303 1186 5360 turbata
1198 5303 1229 5359 in
1242 5304 1344 5362 οοιίἰοε
1356 5303 1504 5361 videntur.
1518 5301 1571 5360 Bis
1584 5301 1661 5360 enim
1680 5299 1810 5360 soribun·

300 5385 324 5462 ²)
343 5385 412 5443 Οοίί.
434 5390 588 5458 Δημοσθένει,
608 5406 677 5445 mox
697 5393 738 5442 τσῦ
758 5390 854 5451 στίνους
873 5399 984 5464 aperte.
1065 5399 1129 5450 tur:
1150 5397 1183 5447 05
1203 5398 1248 5464 μίν
1267 5401 1354 5448 πολλοὶ
1373 5401 1429 5448 κτλ.
