3978 6070
599 536 732 626 Iterum
750 551 792 626 de
811 555 969 645 monade,
989 543 1113 645 dyade,
1134 556 1247 630 triade
1267 550 1327 630 σίσ.
1701 553 1739 622 55

190 707 290 809 ψυχάς
321 720 380 785 ὐπὸ
412 732 469 798 τῆς
496 713 670 812 έθδομάδος
693 724 844 790 κινεῖσθαι
867 727 941 815 πρὸς
971 725 1031 800 τήν
1065 729 1279 819 ἀντιπορείαν·
1306 719 1358 794 διά
1389 728 1549 819 τεττάρων
1575 719 1608 796 δέ
1632 729 1737 796 ἄλλων

190 833 313 916 ήμερῶν
337 847 376 900 -;-;-
399 835 419 903 ή
445 840 500 894 τοῦ
526 829 638 914 βάθους
662 833 783 924 γίνεται
806 835 994 911 κινηθείσαις
1019 838 1127 913 αὐταῖς
1152 828 1303 924 διέξοδος,
1333 843 1373 913 ὡς
1397 838 1532 928 ἐμαυτὸν
1556 836 1663 916 πείθω,
1687 829 1739 903 διά

190 934 250 1006 τήν
274 937 348 1026 πρὸς
371 938 426 1002 τὸν
450 940 539 1010 ήλιον
564 951 622 1016 τῆς
649 933 800 1033 τετράδος
832 945 1031 1035 συγγένειαν·
1058 944 1173 1034 ἡμέρας
1205 944 1259 1033 μὲν
1291 942 1351 1036 γάρ
1384 943 1572 1034 ἀριθμοῦμεν
1605 937 1656 1010 διά
1678 945 1738 1019 τήν

191 1044 328 1117 ἡλιακὴν
353 1047 485 1129 κίνησιν,
510 1059 609 1136 μῆνας
628 1041 661 1115 δέ
678 1041 729 1115 διά
744 1050 804 1123 τήν
822 1055 1000 1125 σεληναίαν.
1024 1052 1102 1118 Ὅτι
1127 1044 1160 1117 δέ
1176 1052 1308 1127 ήλιακόν
1327 1057 1411 1118 ἐστιν
1436 1055 1549 1144 μέτρον
1572 1059 1591 1127 ή
1618 1053 1740 1144 τετράς,

150 1189 162 1226 5
191 1152 245 1216 καί
260 1157 300 1229 ὡς
325 1155 458 1232 σελήνης
473 1147 619 1246 ἑύδομάς,
637 1159 734 1235 οὕτως
749 1161 841 1232 ήλίου
859 1162 967 1250 φήμην
985 1160 1074 1250 ἔσχεν
1091 1167 1110 1234 ῆ
1129 1160 1251 1251 τετράς,
1268 1160 1323 1226 καί
1339 1167 1378 1237 ῶς
1398 1165 1521 1250 ήμερῶν
1539 1160 1590 1226 ἐπὶ
1606 1163 1740 1238 σελήνης

190 1251 336 1350 ἐύδομάς,
361 1263 443 1328 ούτω
467 1275 575 1354 μηνῶν
599 1265 650 1330 ἐπί
672 1268 764 1340 ῆλίου
789 1268 901 1359 μέτρον
926 1269 1027 1340 ἐκείνη
1054 1265 1246 1356 τεθρύληται
1268 1291 1314 1334 πα

190 1480 214 1548 f.
241 1484 302 1548 131
327 1505 369 1564 v.‚
395 1484 508 1550 eadem
531 1485 665 1550 lacuna:
692 1536 745 1553 ...
769 1485 1039 1557 κατασκήνησαν.
1056 1537 1085 1553 ..
1110 1488 1273 1558 σεληναῖον
1290 1493 1352 1574 φῶς
1376 1485 1501 1572 ἐνικμόν
1517 1537 1524 1552 .
1540 1537 1570 1552 ..
1596 1483 1739 1562 ἀνιούσας

191 1579 225 1654 δὲ
248 1588 302 1652 καὶ
324 1589 558 1666 πλησιασούσας
582 1600 628 1675 τῷ
652 1593 780 1682 οὐρανίῳ
803 1603 858 1658 τοῦ
882 1595 972 1665 ήλίου
998 1592 1141 1682 μετέχειν
1166 1593 1313 1658 ἑπιπλέον
1344 1582 1516 1658 κωνοειδῶν
1541 1593 1650 1670 αὐταῖς
1674 1603 1738 1658 τῶν

191 1692 357 1788 ὁριζύντων
380 1692 526 1787 μειζόνως
549 1701 760 1791 γιγνομένων,
784 1701 838 1764 καὶ
862 1695 913 1766 διά
936 1700 995 1773 τήν
1027 1703 1156 1766 πλείονα
1181 1695 1302 1792 μέθεξιν
1332 1711 1394 1766 τῶν
1421 1705 1561 1775 ήλιακῶν
1593 1703 1737 1778 ἀκτίνων,

138 1837 164 1874 ιο
192 1804 459 1896 ἐκκαθαιρομένων
475 1817 539 1872 τῶν
555 1807 729 1897 ’σχημάτων
746 1809 799 1873 καί
817 1808 980 1900 ἀνωφόρων
999 1813 1119 1898 μᾶλλον
1137 1807 1404 1898 ἀποτελουμένων·
1424 1800 1530 1899 διόπερ
1546 1815 1566 1882 ή
1590 1801 1740 1886 ἀνάθεσις

193 1917 302 1990 αὐταῖς
326 1905 378 1979 διά
400 1925 458 1991 τῆς
481 1916 562 1998 ήλίῳ
585 1916 803 2005 προσηκούσης
827 1916 1007 1983 ἐπετέλειτο
1024 1908 1184 2008 τετράδος·
1203 1922 1233 1982 ἐν
1250 1913 1320 2005 ύψει
1343 1908 1377 1982 δὲ
1392 1927 1447 1982 τοῦ
1467 1915 1583 2006 αἰθέρος
1606 1907 1669 1989 ήδη
1689 1918 1742 1980 καί

192 2021 272 2085 ἀλλο
297 2011 482 2086 κατιδοῦσαι
504 2033 585 2112 φῶς,
610 2023 664 2086 καὶ
687 2019 856 2113 ἐλλάμψεις
881 2013 1108 2112 ὐποδεξάμεναι
1132 2023 1304 2114 θειοτέρας,
1330 2015 1381 2088 διά
1406 2032 1476 2113 μιᾶς
1501 2014 1534 2088 δὲ
1549 2022 1573 2110 ¹)
1597 2023 1742 2114 ἐγένοντο

192 2130 252 2204 τήν
276 2129 326 2195 ὐπ’
351 2131 479 2221 οὐρανὸν
504 2121 611 2219 ἀψῖδα·
636 2123 688 2196 διά
713 2132 849 2205 σελήνην
864 2129 889 2215 ²)
916 2131 970 2221 μέν
987 2127 1039 2197 οὐν
1056 2137 1088 2197 ἐν
1104 2142 1149 2215 τῷ
1165 2136 1295 2220 λειμῶνι
1316 2123 1468 2222 διέτριύον
1493 2129 1629 2202 καὶτὸν
1653 2122 1743 2222 ἑύδο-

193 2233 279 2332 μάδα
295 2239 355 2312 τήν
373 2239 489 2326 σελήνῃ
508 2241 737 2328 προσήκουσαν·
758 2231 794 2304 δι’
812 2243 900 2312 ήλιον
919 2231 952 2304 δέ
965 2240 1068 2306 καὶτὸ
1081 2240 1211 2314 ήλιακὸν
1225 2248 1297 2328 φῶς,
1311 2244 1492 2329 ἐπορεύοντο
1510 2237 1564 2303 καί
1579 2227 1740 2317 διεζήεσαν

139 2373 165 2410 ιι
191 2349 230 2415 τὸ
255 2347 385 2440 αἰθέριον
411 2347 515 2433 βάθος·
541 2341 592 2413 διά
612 2340 699 2413 δὲτὸ
716 2345 834 2436 ἐνύψει
858 2346 952 2436 φαθέν
967 2346 992 2432 ³)
1018 2351 1126 2422 αὐταῖς
1151 2357 1213 2437 φῶς
1236 2347 1296 2420 τήν
1319 2346 1432 2420 λοιπήν
1457 2338 1528 2411 ὁδὸν
1553 2345 1741 2420 ἐποιήσαντο

193 2448 244 2522 διά
267 2467 339 2546 μιᾶς
362 2457 491 2547 ήμέρας,
509 2456 558 2521 ἀεὶ
575 2466 637 2520 τῶν
655 2457 828 2546 ὀχημάτων
845 2455 1069 2546 καθαρωτέρων
1086 2455 1277 2547 γιγνομένων
1295 2460 1329 2520 ἑκ
1346 2465 1401 2520 τοῦ
1417 2454 1607 2544 τελεωτέρου
1628 2454 1741 2544 φωτύς.

193 2605 235 2616 -
253 2572 288 2630 Εἰ
305 2557 339 2632 δέ
355 2556 403 2631 δεῖ
417 2564 459 2654 μή
480 2564 573 2655 μόνον
590 2564 736 2648 τοπικήν,
756 2563 840 2629 ἀλλά
857 2564 910 2627 καὶ
926 2557 1063 2642 ζωτικὴν
1081 2562 1272 2636 ποιήσασθαι
1288 2563 1408 2629 τούτων
1426 2556 1586 2654 ἐξήγησιν,
1601 2562 1661 2634 τήν
1686 2561 1740 2650 μὲν

191 2675 312 2765 ήμέραν
335 2674 407 2739 ἀντὶ
421 2673 525 2750 πάσης
550 2673 731 2762 ἀκούσωμεν
754 2683 813 2747 τῆς
830 2673 892 2737 ἀπὸ
909 2681 972 2736 τῶν
997 2670 1074 2736 θεῶν
1098 2676 1138 2747 εἰς
1162 2670 1218 2748 τάς
1239 2669 1339 2761 ψυχάς
1363 2669 1520 2760 φοιτώσης
1543 2666 1739 2761 ἐλλάμψεως·

191 2782 252 2858 τήν
277 2775 311 2848 δὲ
334 2773 498 2872 ἐύδομάδα
521 2783 575 2848 καί
598 2772 737 2872 τετράδα
760 2773 816 2846 καί
838 2772 960 2870 μονάδα
984 2772 1132 2871 διαφοράς
1156 2789 1219 2844 τῶν
1244 2779 1393 2845 τοιούτων
1418 2781 1578 2869 νοήσωμεν
1602 2775 1741 2868 ψυχικῶν

138 2930 165 2967 20
191 2892 306 2982 λόγων,
330 2891 350 2964 ή
376 2891 413 2956 τὸ
438 2889 540 2981 νοερὸν
557 2890 635 2955 αὐτὸ
651 2889 845 2974 τελειούσας,
860 2889 879 2962 ή
897 2890 935 2954 τὸ
951 2883 1094 2970 ζωτικὸν,
1110 2886 1130 2959 ή
1148 2889 1185 2954 τὸ
1203 2877 1346 2963 οὐσιῶδες
1363 2887 1440 2953 αὐτὸ
1457 2887 1511 2952 καὶ
1530 2885 1590 2958 τήν
1613 2877 1742 2975 ύπαρξιν

142 3019 143 3024 ’
191 3002 251 3073 τήν
276 3002 307 3065 ἐν
332 3002 452 3085 αὐταῖς,
477 2999 530 3063 καί
553 2997 613 3071 τήν
638 2997 693 3088 μέν
717 2989 879 3087 ἑύδομάδα
904 3008 1008 3087 φῶμεν
1032 3008 1088 3062 τοῦ
1112 3007 1216 3088 νοεροῦ
1406 2991 1408 2994 ’

191 3219 216 3285 f.
235 3221 308 3298 132,
326 3217 434 3284 mutili
451 3219 470 3283 5
489 3238 588 3284 vera:
615 3215 719 3282 ...τὸ
737 3212 913 3288 ἀθήλυντον
930 3215 1055 3302 ἐπείπερ
1072 3237 1187 3288 ...νος
1204 3212 1334 3302 ἀριθμοῦ
1351 3221 1413 3276 τῶν
1429 3211 1489 3301 πρὸ
1511 3214 1609 3285 αὐτῆς
1625 3263 1631 3277 .
1648 3263 1655 3277 .
1670 3261 1677 3276 .
1691 3199 1742 3284 δος

192 3327 289 3416 μόνης
313 3327 378 3391 οὐτ’
404 3325 501 3388 ἀλλον
524 3321 660 3414 παράγει
683 3333 745 3386 τῶν
769 3324 841 3387 εἴσω
866 3311 1005 3396 δεκάδος·
1022 3320 1082 3394 τήν
1100 3311 1134 3384 δέ
1156 3311 1296 3410 τετράδα
1320 3330 1378 3396 τῆς
1402 3315 1483 3399 ζωῆς
1509 3313 1587 3383 εἶναι
1611 3308 1741 3405 δύναμιν

190 3433 319 3525 πρώτην
344 3437 379 3498 ἐκ
404 3423 515 3508 δυάδος
540 3430 732 3512 ὐποστάσαν,
757 3432 810 3496 καί
833 3431 1012 3504 ταυτότητι
1036 3427 1090 3494 καί
1108 3429 1233 3502 ἰσότητι
1253 3427 1440 3517 μετρήσασοι
1463 3425 1522 3497 τήν
1546 3434 1605 3500 τῆς
1630 3415 1742 3499 δυάδος

138 3570 165 3608 ιι
191 3535 334 3633 πρόοδον.
359 3541 420 3606 Καὶ
443 3540 503 3632 γάρ
528 3547 547 3614 ή
572 3535 650 3621 ζωή,
674 3540 810 3613 κίνησις·
835 3531 973 3627 ὁρίζεται
997 3529 1030 3602 δὲ
1057 3535 1116 3601 ὑπὸ
1140 3546 1198 3612 τῆς
1222 3545 1285 3599 τῶν
1311 3533 1385 3599 θεῶν
1411 3525 1580 3621 δυνάμεως,
1604 3531 1658 3595 καί
1681 3527 1741 3601 τήν

193 3653 332 3740 ἀπειρίαν
349 3660 480 3740 περατοῖ
495 3648 554 3720 τήν
572 3652 697 3722 ἑαυτῆς·
713 3646 773 3718 τήν
788 3637 821 3710 δέ
838 3635 960 3734 μονάδα
977 3644 1129 3734 μένουσαν
1146 3646 1176 3708 ἐν
1194 3653 1234 3728 τῇ
1253 3640 1360 3706 ἑνώσει
1376 3651 1433 3716 τῆς
1451 3641 1566 3723 οὐσίας,
1584 3632 1741 3703 εἶναιτῶν

192 3755 298 3848 ψυχῶν
323 3759 403 3848 ὅρον,
420 3761 471 3821 ὐπ’
493 3760 594 3820 αὐτῶν
611 3744 811 3843 ἐνδεδομένον
828 3758 869 3829 εἰς
887 3751 984 3828 αὐτάς
1001 3762 1063 3816 τῶν
1079 3749 1165 3816 θεῶν·
1183 3741 1230 3814 διὸ
1255 3749 1308 3812 καί
1331 3757 1395 3812 τῶν
1419 3743 1633 3837 ψυχογονικῶν
1657 3747 1741 3808 ἐστιν

192 3866 273 3957 ἀρχή
294 3857 480 3955 διαιρέσεων·
498 3862 552 3928 καί
567 3863 638 3953 περὶ
654 3861 752 3936 αὐτήν
771 3865 802 3926 οἴ
814 3885 850 3926 τε
867 3853 1026 3926 διπλάσιοι
1042 3859 1133 3951 λύγοι
1149 3859 1203 3924 καὶ
1219 3856 1398 3948 τριπλάσιοι
1414 3870 1454 3925 -ζξ-
1472 3850 1635 3944 σχίζονται
1658 3851 1743 3917 κατά

191 3973 251 4043 τήν
277 3966 504 4065 δημιουργικὴν
528 3981 591 4036 τῶν
616 3967 722 4060 ψυχῶν
748 3969 967 4060 ἀπογέννησιν.
993 3968 1226 4059 Συναγάγωμεν
1252 3959 1303 4030 οὐν
1327 3968 1363 4029 ἐκ
1384 3962 1515 4045 τούτων,
1540 3967 1579 4036 ὡς
1604 3960 1663 4050 ἄρα
1686 3958 1743 4036 τάς

138 4105 165 4143 ιο
192 4081 293 4173 ψυχάς
316 4088 345 4147 οἱ
369 4081 432 4147 θεοὶ
454 4081 513 4170 πρὸ
536 4090 599 4144 τῶν
616 4071 758 4144 καθύδων
775 4083 945 4171 ἐγείροντες
962 4084 1003 4154 εἰς
1027 4077 1166 4151 τὴντῶν
1185 4079 1264 4142 ὅλοιν
1283 4075 1411 4165 θεωρίαν
1437 4076 1489 4162 ἀφ’
1515 4065 1556 4135 ὧν
1581 4073 1691 4145 αὐταῖς
1715 4074 1743 4134 οἱ

192 4195 304 4281 κλῆροι
316 4188 517 4274 καθήκουσιν,
530 4186 792 4276 καταλάμπουσιν
810 4191 913 4254 αὐτῶν
926 4189 979 4253 καί
991 4188 1028 4252 τὸ
1045 4187 1192 4259 νοητικὸν
1206 4184 1259 4248 καὶ
1272 4183 1309 4249 τὸ
1326 4177 1458 4261 ζωτικὸν
1472 4178 1575 4244 καὶτὸ
1588 4169 1742 4258 οὐσιῶδες,

192 4302 246 4366 καί
269 4292 510 4390 δυναμώσαντες
534 4303 728 4363 ἀνακινοῦσιν
751 4293 808 4371 τάς
832 4297 948 4370 ἑννοίας
979 4285 1183 4384 προχειρίζειν
1208 4291 1262 4356 καί
1285 4288 1357 4364 τούς
1380 4287 1512 4378 λόγους,
1544 4283 1593 4360 οὐς
1617 4286 1741 4373 ἔχουσιν

194 4409 267 4474 κατ’
290 4411 397 4475 οὐσίαν
421 4418 485 4472 τῶν
509 4398 597 4472 εἰδῶν
622 4417 680 4483 τῆς
704 4399 797 4485 ζωῆς,
812 4403 866 4467 καί
881 4402 953 4478 τούς
970 4402 1186 4491 προσήκοντας
1205 4396 1354 4490 αἱρεῖσθαι
1373 4397 1468 4479 βίους·
1490 4393 1582 4484 χρεία
1605 4390 1665 4482 γάρ
1689 4390 1743 4453 καί

192 4528 250 4593 τῆς
274 4516 406 4592 νοήσεως
430 4521 470 4591 εἰς
493 4512 553 4586 τήν
577 4511 730 4601 ἐκλογήν,
755 4511 890 4594 καὶτῆς
922 4505 1003 4590 ζωῆς
1027 4514 1070 4585 εἰς
1097 4508 1157 4582 τήν
1188 4511 1307 4596 ἔφεσιν,
1332 4503 1466 4578 καὶτῆς
1490 4502 1593 4575 οὐσίας
1617 4504 1658 4575 εἰς
1681 4495 1741 4570 τὴν

138 4641 165 4679 ³⁵
192 4617 363 4715 προύολήν·
388 4613 547 4699 οὐσιώδεις
572 4621 627 4709 μὲν
652 4618 720 4711 γάρ.
736 4623 810 4684 εἰσιν
834 4621 865 4685 ἐν
891 4621 999 4695 αὐταῖς
1023 4617 1114 4707 λύγοι
1136 4625 1199 4681 τῶν
1225 4617 1309 4700 βίων·
1333 4617 1366 4677 αί
1389 4603 1422 4676 δέ
1446 4609 1573 4699 αἱρέσεις
1597 4598 1632 4672 δέ

192 4843 216 4908 f.
244 4845 306 4909 132
331 4864 373 4924 τ,
390 4841 504 4909 eadem
526 4842 660 4907 lacuna:
687 4828 842 4905 ...δικοῦ
867 4835 1032 4924 φωτὸς...
1058 4825 1110 4898 διά
1132 4842 1188 4897 τοῦ
1209 4819 1405 4917 τετραδικσῦ·
1429 4824 1466 4890 τὸ
1491 4813 1525 4888 δέ
1539 4872 1545 4886 .
1560 4871 1587 4884 ..
1611 4811 1663 4885 διά
1686 4827 1742 4884 τοῦ

162 5017 164 5026 ,
192 4941 362 5039 μοναδικοῦ
386 4949 441 5014 καὶ
463 4949 651 5015 τελείου...
677 4945 731 5035 μέν
757 4946 819 5014 ἀπὸ
842 4945 975 5020 νοήσεως
1000 4934 1052 5009 διά
1075 4937 1156 5023 ζωῆς
1172 4940 1222 5005 ἐπὶ
1242 4938 1349 5003 οὐσίαν
1372 4940 1392 5008 ῆ
1419 4922 1539 5007 ἄνοδος·
1563 4926 1742 5003 κατιούσαις

231 5215 253 5291 ¹)
267 5217 302 5272 In
318 5215 453 5290 margine
467 5213 622 5289 reponitur
635 5219 665 5272 εί
681 5213 810 5272 fortasse
829 5213 938 5270 adden·
1028 5211 1054 5284 ²)
1072 5213 1191 5268 Rursus
1211 5207 1277 5264 add.
1296 5207 1327 5263 in
1345 5221 1454 5276 marg:
1475 5205 1518 5273 μὲν
1533 5199 1572 5254 σῦν
1592 5201 1615 5252 ἐν
1636 5200 1670 5269 τῷ
1690 5202 1739 5248 λιι-

193 5305 280 5362 dmn:
301 5311 352 5366 Τῆς
372 5310 407 5376 τῷ
421 5311 531 5359 ἂπλοινεῖ
545 5307 725 5376 πρσσηκούσης,
738 5308 815 5378 ήγσῦν
830 5309 871 5357 τὸν
889 5311 939 5358 λιι·
994 5306 1058 5372 μῶνι
1076 5315 1171 5371 usque
1190 5296 1228 5354 ad
1248 5297 1293 5353 τήν
1313 5297 1411 5366 σελήνῃ·

194 5399 300 5467 πέμινσν
318 5397 408 5468 δράμεν
428 5397 471 5456 ἕως
491 5395 530 5449 ἐπ’
550 5396 635 5452 αὐτήν.
1030 5391 1053 5466 ³)
1073 5392 1168 5463 Supra
1188 5391 1261 5461 φαθέν
1282 5405 1356 5442 corr.
1377 5386 1459 5458 φασίν.
