4006 6074
556 486 629 558 Ouu
648 485 827 577 Epicurus
847 482 972 557 cauus
989 483 1028 556 u‘u
1044 482 1199 574 fabulum
1218 481 1400 556 inuehitur.
1720 492 1755 548 13

205 651 320 734 ζουσιν·
346 653 428 722 ἀλλά
452 667 555 721 ταῦτα
582 655 636 744 μὲν
660 655 715 721 καὶ
739 661 780 732 είς
797 655 934 744 ὕστερον.
952 694 992 704 -
1012 659 1081 719 Τῶν
1098 646 1132 719 δέ
1148 657 1327 745 κεφαλαίων
1344 655 1447 741 ταύτῃ
1472 647 1676 745 διῃρημένων,
1702 655 1756 718 καί

205 775 263 840 τῆς
287 764 391 841 πάσης
416 770 488 852 ἡμῖν
506 765 740 856 ἐκπεφασμένης
757 756 849 830 τοῦδε
867 775 922 829 τοῦ
940 763 1036 854 μύθου
1053 763 1235 854 προθέσεως,
1254 755 1430 854 κατίδωμεν
1448 769 1550 830 ἐκεῖνα
1566 765 1675 829 λοιπὸν
1697 767 1756 830 ὅσα

205 873 286 950 τινές
310 877 417 964 ύχλεῖν
442 872 585 950 εἰωθότες
610 873 668 948 τὴν
692 885 748 944 ,τοῦ
773 873 941 950 Πλάτωνος
966 875 1159 963 φιλοσοφίαν,
1183 871 1361 964 ὑποκρούειν
1387 871 1529 937 εἰώθασιν
1553 872 1658 962 περὶι)

204 1091 228 1156 f.
245 1093 285 1156 21
306 1090 374 1175 [...
400 1115 435 1152 αν
451 1139 456 1152 .
472 1140 499 1152 ..
527 1115 632 1178 μυ...
655 1091 809 1178 λημὲνων.
836 1089 870 1154 ‘0
888 1087 943 1177 μὲν
961 1087 1166 1176 Ἐπικούρειος
1183 1086 1334 1163 Κολώτης
1347 1086 1374 1172 ¹)
1391 1091 1521 1178 ἐγκαλεῖ
1534 1097 1579 1171 τῷ
1596 1087 1753 1163 Πλάτωνι,

165 1223 178 1262 ι
206 1197 256 1261 ὅτι
279 1196 338 1268 τὴν
363 1195 513 1271 ἀλήθειαν
540 1197 625 1285 ἀφεὶς
650 1196 708 1268 τὴν
733 1195 992 1284 ἑπιστημονικὴν,
1016 1197 1085 1286 περὶ
1109 1198 1146 1260 τὸ
1178 1187 1284 1284 ψεῦδος
1314 1187 1482 1287 διατρίύει,
1508 1194 1690 1286 μυθολογῶν
1715 1200 1755 1269 ὡς

205 1305 350 1383 ποιητὴς,
376 1308 448 1369 ἀλλ’
474 1310 530 1370 ούκ
554 1297 735 1381 ἀποδεικνύς
760 1312 799 1382 ώς
823 1308 1015 1388 ἐπιστήμων·
1040 1305 1093 1370 καί
1117 1309 1166 1372 ὅτι
1189 1308 1263 1396 πρὸς
1287 1309 1399 1372 ἑαυτὸν
1425 1307 1625 1396 μαχόμενος),
1645 1309 1675 1368 ἐν
1701 1305 1756 1393 μέν

207 1439 245 1504 γε
268 1416 439 1504 προοιμίοις
463 1405 562 1488 τῆσδε
586 1426 644 1492 τῆς
668 1417 886 1508 πραγματείας
910 1408 1076 1506 λοιδόρησε
1100 1415 1171 1492 τούς
1195 1415 1341 1496 ποιητάς,
1357 1421 1397 1491 ὡς
1418 1415 1489 1506 περὶ
1511 1424 1574 1478 τῶν
1601 1416 1642 1501 [έν
1666 1405 1754 1498 ᾅδου]

207 1519 322 1611 φρικτά
345 1532 410 1596 τοῖς
435 1522 597 1588 ἀκούουσιν
621 1526 816 1602 πλάσαντας,
842 1525 895 1589 καὶ
918 1523 1054 1593 θανάτου
1079 1518 1173 1614 φόύον
1205 1525 1388 1600 ἐντεκόντος
1412 1535 1478 1599 τοῖς
1503 1523 1682 1588 ἀκούουσιν·
1706 1522 1757 1588 ἐπί

207 1631 293 1694 τέλει
306 1621 339 1696 δὲ
352 1631 405 1695 καί
418 1633 509 1708 αὐτὸς
523 1632 717 1724 μεθάρμοσον
732 1633 791 1705 τάν
805 1634 972 1724 φιλόσοφον
990 1645 1107 1724 μοῦσαν
1125 1639 1165 1710 είς
1181 1632 1335 1723 τραγικὴν
1348 1643 1411 1697 τῶν
1425 1637 1455 1698 ἐν
1469 1624 1544 1716 ᾅδου
1561 1632 1757 1724 πραγμάτων

208 1738 408 1828 μυθολογίαν·
426 1741 463 1804 τὸ
484 1739 542 1832 γάρ
567 1740 696 1830 στόμιον
721 1743 757 1806 τὸ
776 1739 958 1830 μυκώμενον
975 1744 1050 1825 ἐκεῖ,
1068 1739 1121 1805 καί
1137 1746 1165 1805 οἱ
1182 1731 1323 1830 διάπυροι
1340 1741 1393 1804 καί
1410 1739 1511 1831 ἄγριοι
1528 1749 1584 1805 τοῦ
1605 1739 1755 1834 τυράννου

209 1839 326 1935 δήμιοι,
351 1847 405 1910 καὶ
429 1851 444 1911 ὁ
470 1847 640 1938 Τάρταρος,
658 1849 711 1913 καί
729 1851 785 1913 ὅσα
810 1860 942 1914 τοιαῦτα
960 1850 1041 1931 τίνα,
1063 1849 1164 1939 φασίν,
1181 1837 1424 1939 τραγῳδοποιοῖς
1441 1849 1645 1916 ἀπολέλοιπεν
1666 1853 1758 1938 ύπερ«

208 1947 316 2024 όολάν·
341 1955 394 2020 καί
417 1957 454 2020 τύ
478 1957 594 2046 τρίτον,
620 1957 669 2021 ὅτι
685 1957 758 2032 τοὺς
775 1947 917 2022 τοιούσδε
935 1955 1047 2045 μύθους
1063 1957 1143 2022 πολὺ
1161 1958 1198 2022 τύ
1223 1957 1358 2045 μάταιον
1379 1958 1462 2046 ἔχειν
1486 1957 1667 2047 ἀναγκαῖον·
1692 1967 1757 2031 τοῖς

210 2061 265 2152 μὲν
289 2060 349 2156 γάρ
372 2067 501 2139 πολλοῖς
526 2055 596 2130 οὐδὲ
620 2075 753 2129 συνεῖναι
778 2056 957 2154 δυναμένοις
982 2067 1096 2146 αὐτῶν,
1115 2064 1188 2128 είσίν
1208 2063 1412 2154 ἀσύμμετροι·
1436 2075 1500 2140 τοῖς
1526 2055 1559 2128 δὲ
1582 2075 1697 2151 σοφοῖς,
1722 2068 1759 2127 ού

184 2239 186 2242 ,
209 2162 362 2260 δεομένοις
388 2173 544 2260 ἀμείνοσιν
568 2175 603 2234 ἐκ
627 2180 689 2234 τῶν
714 2163 843 2236 τοιῶνδε
867 2171 1006 2262 γίνεσθαι
1030 2163 1198 2260 δειμάτων,
1222 2174 1379 2254 περιττοί·
1401 2172 1474 2262 πρὸς
1499 2173 1585 2248 τίνας
1609 2166 1660 2235 σύν
1685 2171 1758 2261 γρά-

209 2304 320 2368 φονται
343 2279 414 2370 παρ’
440 2282 541 2343 αύτῶν
568 2283 663 2342 εἰπεῖν
689 2281 744 2342 οὐκ
759 2280 893 2367 ἔχοντες,
913 2279 1046 2368 μάταιον
1064 2265 1293 2367 ἀποφαίνουσιν
1309 2279 1368 2351 τὴν
1392 2281 1462 2370 περὶ
1484 2278 1541 2355 τάς
1567 2279 1755 2370 μυθολογίας

208 2392 327 2454 ἑαυτῶν
346 2377 499 2480 σπουδήνς
518 2425 558 2435 —-
576 2387 676 2474 Ἡμεῖς
691 2375 728 2450 δὲ
743 2388 817 2476 πρὸς
834 2386 906 2462 τοὺς
923 2379 1066 2452 τοιούσδε
1082 2389 1193 2480 λόγους
1210 2389 1268 2477 οὐχ
1282 2389 1339 2452 ὅσα
1357 2386 1450 2476 μόνον
1468 2391 1483 2450 ό
1501 2387 1766 2476 φιλοσοφώτατοςΔ

208 2496 386 2561 κατέτεινεν
412 2495 600 2586 Πορφύριος,
614 2494 738 2583 ἔχοιμεν
757 2494 793 2558 ἀν
812 2499 1012 2572 ἀπαντῶντες
1035 2496 1148 2586 λέγειν·
1170 2493 1232 2560 οἷον
1255 2497 1305 2560 ὅτι
1329 2506 1397 2572 ταῖς
1412 2495 1483 2585 περὶ
1506 2505 1563 2570 τῆς
1588 2494 1755 2572 ἀθανασίας

208 2615 271 2670 τῶν
295 2601 400 2692 ψυχῶν
426 2593 617 2680 ἀποδείξεσιν
642 2602 695 2666 καί
718 2602 788 2693 περὶ
811 2614 868 2679 τῆς
892 2608 922 2668 ἐν
948 2595 1023 2688 ᾅδου
1049 2595 1209 2695 διατριύῇς
1234 2609 1352 2688 αὐτῶν,
1377 2604 1486 2669 ἕπεται
1510 2603 1564 2670 τὀν
1589 2603 1755 2694 φιλόσοφον

207 2717 322 2806 λέγειν,
346 2712 399 2777 καί
421 2710 492 2801 περί
515 2721 577 2774 τῶν
601 2710 705 2775 τύπων
729 2720 792 2774 τῶν
817 2702 979 2803 διαφόρων,
1004 2713 1063 2778 καίΙ
1080 2713 1151 2804 περὶ
1173 2722 1236 2779 τῶν
1260 2717 1291 2779 έν
1315 2713 1436 2790 τούτοις
1460 2708 1591 2792 λήξεων,

209 2919 289 2998 f.'21
308 2955 337 2996 v.
356 2927 450 3016 [κατά
473 2925 515 2990 τά
540 2917 606 3006 εἴδη
620 2937 690 3004 ’τῆς
714 2921 795 3008 ζωῆς
819 2921 1028 2996 παντοδαπῶν
1046 2929 1143 2993 όντων
1161 2938 1224 2993 τῶν
1240 2927 1475 3018 παρεπομένων,
1492 2926 1512 2992 ἀ
1532 2919 1569 3000 δὴ
1595 2927 1756 3018 προίεσθαι

208 3037 332 3112 πάντως
349 3040 520 3126 ἀναγκαῖον
534 3044 600 3110 τοῖς
616 3027 880 3126 παραδεξαμένοις
898 3035 1070 3112 ἀθανάτους
1084 3030 1162 3100 εἶναι
1177 3034 1233 3112 τάς
1247 3032 1358 3126 ψυχάς,
1371 3041 1410 3111 ώς
1421 3033 1446 3116 ³)
1464 3033 1619 3123 μαντικὴν
1637 3025 1756 3100 διδόναι

208 3155 273 3220 τοῖς
297 3143 356 3214 τὴν
380 3143 525 3233 πρόνοιαν
550 3137 627 3209 εἶναι
644 3141 777 3232 θεμένοις
797 3143 978 3210 ἀκόλουθον·
994 3144 1047 3208 καί
1065 3145 1114 3208 ότι
1131 3143 1264 3208 Πλάτων
1281 3146 1316 3207 ού
1332 3153 1435 3208 πᾶσαν
1453 3135 1592 3209 ἐκποδὼν
1611 3147 1755 3217 έποίησεν
1851 3189 1853 3194 ·

210 3251 423 3344 μυθολογίαν),
438 3249 521 3314 ἀλλά
534 3249 593 3322 τὴν
609 3245 659 3314 διά
672 3261 734 3315 τῶν
749 3257 883 3342 αἰσχρῶν
900 3251 964 3336 [καὶ
977 3250 1130 3338 ἀθέσᾷμων
1147 3250 1343 3338 πλασμάτων
1356 3261 1527 3340 χωροῦσαν,
1541 3254 1607 3315 οίαν
1622 3253 1755 3341 Ὁμηρός

206 3383 244 3424 τε
267 3359 321 3422 καί
345 3348 482 3433 Ἡσίοδος
506 3353 643 3447 ἔγραψαν
656 3353 695 3442 ⁴),
721 3357 774 3422 καί
797 3350 868 3423 οὐδὲ
891 3357 932 3422 τά
958 3349 1116 3446 [δείματα
1140 3366 1244 3421 ταῦτα
1267 3362 1298 3422 ἑν
1317 3349 1392 3441 ᾅδου
1417 3349 1456 3425 -ἰῖ
1479 3357 1583 3450 γυμνά
1607 3356 1755 3444 τέθεικεν,

209 3466 266 3542 τάς
290 3463 390 3554 ψυχάς
416 3457 645 3552 δεδιττόμενος,
669 3465 817 3554 καὶπρὸς
843 3465 977 3530 θάνατον
1001 3465 1070 3551 περὶ
1095 3457 1206 3552 φόύους
1231 3468 1410 3548 ἀποτελῶν·
1439 3464 1522 3529 ἀλλά
1547 3475 1612 3539 τοῖς
1637 3453 1754 3539 ἀδίκοις

209 3571 289 3638 αύτά
313 3573 499 3661 προτείνων,
522 3573 596 3662 πρὸς
620 3571 687 3643 τὴν
712 3564 835 3638 ἀδικίαν
867 3567 1079 3664 ἀπεργάζεται
1102 3573 1173 3647 τούς
1205 3572 1374 3650 ἀκούοντας
1405 3565 1560 3656 εύλαύεῖς,
1586 3572 1752 3662 μονονουχί

210 3678 405 3766 συνημμένον
430 3679 563 3763 πλέκων,
581 3683 607 3743 εἰ
623 3680 659 3742 τὸ
678 3671 794 3744 ἀδικεῖν
812 3684 882 3769 ὑμῖν
900 3679 1032 3769 αἱρετὸν,
1049 3677 1090 3742 τά
1106 3669 1344 3767 φρικωδέστατα
1361 3690 1423 3744 τῶν
1448 3681 1665 3769 κολαστηρίων
1682 3683 1752 3766 ύμῖν

208 3791 292 3851 ἐστιν
317 3783 436 3875 αἱρετά·
460 3798 562 3851 ταῦτα
587 3779 622 3852 δέ
644 3787 774 3878 φεύγετε
797 3789 894 3853 παντὶ
918 3786 1024 3852 σθένει·
1048 3787 1197 3875 φευκτέον
1215 3785 1274 3875 ἀρα
1291 3792 1361 3874 ὑμῖν
1386 3788 1440 3852 καί
1459 3787 1518 3860 τὴν
1536 3779 1668 3852 ἀδικίαν.
1694 3787 1755 3850 Καί

209 3895 258 3958 ὅτι
281 3894 318 3957 τὸ
335 3885 566 3982 πλασματῶδες
583 3905 690 3978 τοῦτο,
706 3894 789 3960 κατά
806 3896 894 3985 φύσιν
911 3905 975 3970 πῶς
993 3899 1075 3960 ἐστιν
1085 3920 1092 3971 ;
1111 3883 1261 3959 διότικαὶ
1276 3899 1295 3966 ν)
1314 3893 1399 3982 φύσις
1416 3890 1606 3983 κρύπτεσθαι
1631 3895 1713 3982 φιλεῖ
1727 3891 1751 3973 ⁵)

209 3998 278 4063 καθ’
305 3999 514 4090 Ἡράκλειτον·
538 4002 592 4064 καί
615 4007 655 4077 ὡς
679 4007 708 4066 οἱ
731 3991 873 4090 δαίμονες
898 4007 926 4067 οἱ
948 4000 1125 4091 προστάται
1141 4009 1198 4075 τῆς
1216 3999 1331 4090 φύσεως
1348 3992 1400 4065 διά
1424 3992 1461 4074 δέ)
1487 4022 1579 4063 τινων
1603 3998 1753 4063 τοιούτοιν

208 4109 405 4200 πλασμάτων
429 4117 504 4198 ημῖν
529 4111 723 4200 ἐκφαίνουσιν
750 4110 809 4182 τὴν
833 4110 950 4182 ἑαυτὴν
974 4113 1092 4174 ἑαυτῶν
1118 4099 1213 4186 δύσιν,
1237 4109 1310 4198 ὄναρ
1334 4133 1370 4174 τε
1393 4108 1447 4173 καὶ
1462 4121 1557 4178 —2-2-1-23-
1573 4107 1653 4196 ὕπαρ
1677 4099 1755 4184 λοξά

210 4217 426 4310 φθεγγόμενοι,
452 4210 489 4282 δι’
508 4217 612 4282 ἀλλων
630 4218 713 4283 ἀλλα
730 4220 948 4307 σημαίνοντες,
967 4217 1195 4307 μεμορφωμένα
1212 4227 1274 4281 τῶν
1297 4216 1490 4308 ἀμορφώτων
1515 4214 1755 4305 ἀφομοιώματα·

209 4325 262 4388 καί
287 4315 338 4389 διά
361 4335 422 4389 τῶν
441 4311 596 4417 ἀνάλογον
614 4324 697 4389 ἀλλα
715 4325 900 4415 σχημάτων·
918 4319 959 4389 ών
978 4315 1015 4396 δὴ
1034 4325 1088 4389 καί
1103 4321 1145 4388 τά
1163 4321 1226 4413 ἱερά
1242 4320 1465 4412 πεπληρῶσθαι
1482 4321 1535 4385 καί
1551 4319 1592 4384 τά
1613 4311 1755 4409 δρώμενα

196 4435 240 4517 ,έν
264 4443 330 4508 τοῖς
354 4433 576 4522 τελευτηρίοις,
600 4430 620 4495 ἀ
644 4432 696 4495 καί
721 4422 793 4521 δρᾶν
820 4435 904 4515 αὐτῷ
929 4441 973 4514 τῷ
995 4433 1111 4523 κρυφίῳ
1128 4431 1181 4494 καὶ
1198 4429 1350 4520 ἀγνώστῳ
1366 4428 1451 4518 παρά
1467 4440 1532 4506 τοῖς
1549 4427 1753 4516 τελουμένοις.

170 4559 178 4578 ’
209 4539 397 4630 Πρυσθετέον
415 4530 448 4604 δὲ
471 4539 593 4616 τούτοις
614 4539 667 4604 καὶ
684 4541 733 4604 ὅτι
750 4551 818 4616 ταῖς
836 4537 949 4630 ψυχαῖς
966 4550 1083 4630 νοεραῖς
1101 4538 1155 4629 μὲν
1174 4535 1276 4613 ούσαις
1293 4537 1377 4602 κατά
1394 4537 1453 4611 τὴν
1471 4540 1590 4600 ἑαυτῶν
1614 4527 1754 4624 ὕπαρξιν,

210 4649 264 4713 καὶ
285 4649 388 4738 λόγων
412 4648 560 4738 πλήρεσιν

247 4946 268 5020 ¹)
287 4944 427 5018 Suspicor
446 4944 488 5002 sie
501 4958 629 5017 pergere
641 4943 796 5000 Proolum:
817 4949 872 5015 περὶ
892 4945 956 4995 ἀντι·
1008 4955 1084 5015 nem,
1098 4948 1202 5016 utpote
1214 4942 1312 5014 magis
1323 4941 1449 5011 obviam¹
1463 4940 1594 4999 excitare
1610 4925 1755 5012 μιεεεοοε.

209 5038 296 5108 λογίας
316 5038 364 5088 τῶν
384 5037 465 5105 μύθων
485 5031 699 5104 προόεόλημένων.
874 5109 876 5112 Ι
1044 5033 1067 5107 ³)
1086 5032 1106 5088 f.
1126 5033 1161 5088 59
1180 5033 1217 5087 H.

240 5127 263 5198 ²)
274 5125 318 5181 De
328 5124 457 5198 Epicuro
468 5124 614 5183 Golotacf.
622 5123 756 5196 prolegg.
764 5140 853 5195 quem
865 5124 956 5178 etiam
1043 5123 1066 5196 ⁴)
1086 5124 1229 5196 ἐγραψάτηι
1249 5120 1291 5178 εἰσ
1311 5121 1374 5178 cod.
1394 5139 1462 5178 cum
1481 5122 1518 5176 Η.

208 5215 311 5273 Cicero
323 5215 354 5271 in
366 5217 529 5287 Republica
542 5215 580 5288 (p.
594 5215 658 5288 345)
671 5213 791 5272 videtur
803 5213 957 5287 impugna·
1044 5213 1067 5286 ⁵)
1085 5213 1122 5269 In
1140 5213 1286 5285 margine:
1307 5233 1366 5284 σιμ.
1387 5215 1425 5268 ὅτι
1444 5216 1458 5267 ί.
1474 5213 1544 5284 φύσις
1557 5212 1661 5282 κρύπτει
1680 5210 1691 5262 ῖ
1711 5229 1755 5261 ιιι-
1831 5203 1851 5279 ‚'

210 5303 300 5362 visse.
318 5303 454 5362 Priorem
479 5303 617 5377 deinceps
641 5303 832 5374 Reipublicae
851 5301 956 5360 editio·
1011 5304 1099 5374 φίλιαι
1119 5305 1238 5372 κρεῖττον.
