3940 6072
295 493 349 553 iffi
942 493 1197 586 ihmmmma

294 675 338 738 -ζ-
361 662 486 754 ἐρικτόν
503 665 588 730 ἐστιν
604 668 644 742 εἰς
662 664 823 754 ἀμυήτους
840 675 973 732 τοιαῦτα
988 665 1205 760 παρασχέσθαι
1222 669 1389 761 μυστήρια,
1404 669 1486 736 ἀλλὰ
1503 680 1547 756 τῷ
1565 671 1614 737 ναῒ
1629 671 1853 754 ἀκουσάντων,

297 784 342 847 »ζ-
365 772 541 842 incitare!
565 787 611 853 ÷

516 1004 560 1068 -ξ-
576 988 633 1055 Ἔν
658 991 751 1080 μόνον
775 987 813 1068 ἧν
838 1002 900 1082 ρῶς
924 994 1026 1082 νοερὸν
1050 994 1109 1084 πρὸ
1133 995 1233 1082 φωτὸς
1257 1004 1369 1084 scepei,
1396 1033 1438 1044 -

516 1112 560 1174 ÷
583 1099 644 1164 liat
667 1096 705 1175 ἧν
730 1099 812 1166 αὐτὰ
835 1101 939 1178 irarum
962 1105 997 1166 ἐκ
1020 1113 1075 1166 τοῦ
1090 1111 1150 1176 ,νοῦ
1175 1103 1255 1192 pori
1278 1103 1332 1167 καὶ
1353 1101 1519 1192 πνεύματι,
1547 1141 1586 1153 -

515 1222 560 1284 -ζ-
583 1212 609 1270 Τ
613 1207 631 1272 ci
654 1207 760 1272 artarer
784 1203 816 1287 ἐξ
841 1214 935 1274 αὐτοῦ
960 1208 1013 1273 καὶ
1037 1215 1078 1286 εἰς
1103 1210 1197 1274 αὑτὸν
1213 1264 1220 1278 .
1236 1263 1265 1278 ..

515 1330 559 1391 -ζ-
583 1322 633 1392 Εἰς
657 1317 785 1408 γόνιμον
810 1321 845 1382 ἐκ
868 1319 998 1408 γονίμου
1022 1316 1183 1385 κατελθὼν
1207 1322 1248 1394 εἰς
1272 1319 1390 1409 γονίμῳ
1414 1310 1517 1390 ὕδατι,

514 1439 559 1502 -ζ-
580 1425 720 1520 ’Έγαυυν
744 1427 781 1494 τὸ
805 1418 885 1516 ὕδωρ
909 1428 1061 1500 ἐποίησεν.
1084 1441 1127 1503 -ζ-
1143 1423 1168 1513 ¹)

929 1623 1198 1642 -w-—n--m-

795 1855 1334 1946 HARPOORATIONl.

1008 2079 1115 2088 n———oe-

365 2298 421 2360 Ἐκ
444 2303 507 2360 τῶν
532 2292 797 2384 Ἀρπυκρατίωνος
821 2301 876 2357 τοῦ
902 2282 1136 2382 Ἀλεξανδρείας
1159 2293 1229 2383 περὶ
1252 2299 1386 2382 ρυσικῶν
1411 2282 1571 2383 δυνάμεων
1595 2283 1683 2370 ζώων
1709 2315 1758 2368 τε,

855 2411 959 2492 pordic
984 2424 1021 2466 τε
1045 2400 1099 2465 καὶ
1121 2399 1214 2466 λίθων
1229 2401 1265 2484 ³),

323 2619 365 2686 ‘A
390 2615 532 2711 ἔγραψεν,
556 2618 630 2708 πρὸς
654 2617 714 2689 τὴν
740 2611 819 2681 illac
845 2615 1002 2707 θυγατέρα
1016 2618 1053 2701 ⁴),
1075 2615 1344 2706 παραληφθέντων
1368 2622 1418 2706 dp'
1443 2622 1544 2705 ἡμῶν,
1564 2617 1646 2682 ὥστε
1670 2619 1702 2681 ἐν
1730 2620 1844 2693 αὐτοῖς

285 2732 436 2821 εὑρεϊνται
453 2729 690 2818 ἁπεμραίνυντα
707 2726 760 2790 καὶ
778 2723 820 2817 μὴ
840 2726 1041 2816 προσήκοντα
1058 2737 1098 2812 τῇ
1118 2725 1186 2792 καθ’
1212 2731 1295 2816 ἡμᾶς
1320 2719 1468 2810 abacista,
1485 2727 1583 2816 ἤγουν
1608 2727 1666 2790 ὅσα
1690 2716 1733 2789 δι’
1759 2728 1844 2810 imp·
1943 2719 1944 2758 ³

320 2996 344 3072 ¹)
362 2995 455 3054 Addit
478 2994 651 3066 scholiasta,
672 2994 759 3066 quasi
778 2993 929 3051 deridens:
950 2991 1029 3057 Οἶδας
1084 2995 1228 3070 synodali,
1243 2995 1295 3052 ubi
1304 2993 1445 3068 jacebant
1462 2991 1600 3065 ignotiat
1611 3011 1670 3050 non
1682 2994 1776 3067 pauci
1790 3012 1840 3051 co·
1916 3015 1921 3022 ·

282 3093 335 3150 πῶς
356 3092 377 3142 ct
397 3092 445 3142 τῶν
467 3089 590 3145 Ἑλλήνων
610 3091 696 3146 παῖδας
716 3087 910 3156 speratarum.
1083 3087 1173 3157 dices,
1193 3103 1267 3159 quos
1286 3083 1551 3159 postFriderieum
1568 3084 1724 3154 Matthaei,
1744 3103 1838 3142 nemo

316 3177 341 3253 ²)
353 3179 423 3251 Ipse
436 3177 559 3232 Proclns
572 3174 654 3233 ducit
666 3193 720 3232 nos
733 3173 771 3230 ed
783 3173 941 3245 quamdam
953 3172 1029 3228 Har·
1082 3177 1145 3234 fore
1163 3177 1314 3234 lustravit.
1328 3175 1464 3232 Occurrit
1476 3193 1548 3248 argo
1561 3174 1634 3230 mihi
1647 3174 1711 3231 cod.
1726 3174 1838 3232 inseri-

280 3267 497 3344 pacrationem,
515 3283 604 3339 quem
630 3264 710 3320 inter
738 3262 880 3321 classicos
907 3261 1028 3318 fabulae
1082 3273 1152 3338 ptus
1172 3267 1214 3336 11,
1235 3263 1305 3322 olim
1320 3266 1366 3333 743
1380 3265 1498 3322 inerant
1516 3264 1662 3336 quaedam
1681 3263 1718 3320 ds
1739 3264 1839 3322 incar-

279 3357 453 3419 Platouicaa
465 3356 644 3429 interpretes
657 3360 785 3427 cooptat,
799 3372 826 3426 p.
836 3353 862 3424 ’1,
873 3354 915 3408 19.
931 3351 1027 3408 Idam·
1079 3357 1209 3426 natione,
1229 3355 1334 3413 Galeni
1346 3355 1457 3412 liberm
1470 3362 1525 3425 περὶ
1540 3356 1685 3427 tropicam,
1703 3356 1780 3412 Seth
1802 3357 1837 3411 li-

279 3465 337 3522 que
356 3453 409 3504 aut
428 3446 533 3502 doctus
552 3444 660 3518 aliquis
681 3444 843 3501 scholiasta
861 3441 891 3498 in
911 3441 1029 3515 amplis·
1080 3445 1133 3501 ber
1151 3443 1216 3502 sive
1234 3445 1321 3505 πύκτις
1341 3443 1356 3500 ἦ
1377 3445 1425 3500 rao
1443 3447 1590 3516 paplcrpac,
1609 3442 1639 3498 in
1658 3443 1759 3516 capita
1780 3445 1835 3500 146

278 3536 355 3594 aima
372 3541 446 3592 nota
463 3554 490 3609 p.
511 3535 570 3605 152,
595 3535 705 3590 iterum
730 3531 893 3590 introducit
912 3532 1026 3604 Harpo·
1079 3533 1274 3608 alphabetica,
1285 3533 1407 3591 Catonis
1417 3538 1525 3608 γνῶμαι,
1539 3541 1603 3590 tum
1613 3533 1662 3589 fol.
1675 3535 1729 3590 114
1741 3535 1770 3588 ἐι
1781 3541 1832 3588 τῶν

277 3625 441 3683 orationem
466 3624 625 3682 Aristoteli
652 3623 689 3680 de
715 3623 893 3681 aeternitate
921 3620 1026 3678 mnndi
1079 3629 1122 3678 τσῦ
1140 3625 1364 3696 Ἁρποκρατίων,
1381 3640 1458 3696 quae
1475 3641 1543 3679 oum
1560 3623 1740 3680 Hermaticis
1759 3643 1835 3697 qua·

277 3713 520 3773 consentientem.
540 3713 588 3770 An
600 3719 702 3771 autam
720 3713 798 3769 idam
817 3711 859 3768 sit
877 3709 928 3783 qui
944 3710 1025 3767 inter
1078 3711 1147 3767 dam
1156 3710 1335 3770 necessitate
1346 3713 1577 3785 conjungrmtur,
1586 3730 1681 3785 noque
1692 3731 1710 3768 a
1722 3713 1831 3770 Proclo

275 3803 488 3879 grammaticos
506 3808 745 3872 connumeretur,
760 3801 848 3873 cujus
860 3800 976 3856 le'xioon
992 3807 1024 3856 et
1077 3801 1219 3859 videntur
1232 3801 1399 3858 abhorrere.
1411 3802 1504 3870 Quasi
1517 3801 1722 3874 compendium
1737 3819 1773 3858 ea
1785 3820 1832 3858 ss-

274 3894 494 3951 aliaacctrorrat
508 3891 766 3959 circumferuntur,
780 3895 883 3947 utrum
895 3907 967 3946 vero
984 3889 1025 3944 sit
1079 3910 1112 3949 aa
1121 3898 1194 3965 puto
1204 3897 1333 3964 quatuor
1341 3890 1485 3948 librorum
1495 3893 1712 3962 {liparitanum
1721 3893 1831 3964 procul
1943 3899 1944 3944 l

274 3985 447 4056 astrologus
465 3983 517 4039 ille
533 3987 717 4038 memoratus
736 3981 766 4036 in
782 3980 915 4053 prologis
934 3979 1023 4036 libro·
1079 3997 1130 4038 aas
1144 3981 1249 4037 abesse
1260 3979 1411 4053 putaverit
1421 3979 1529 4052 aliquis
1539 3998 1556 4035 a
1566 3985 1693 4052 quatuor
1702 3981 1831 4038 Zoroas-

273 4091 341 4130 rum
359 4076 510 4144 Κυρανίδων,
528 4071 575 4128 vir
587 4087 693 4142 nempe
706 4069 896 4143 prodigiosus
909 4075 940 4125 st
958 4068 1024 4125 fati·
1077 4079 1142 4126 trae
1155 4069 1239 4126 libris
1253 4072 1289 4126 dc
1301 4071 1429 4127 Nataria
1441 4087 1552 4140 renam,
1564 4087 1639 4141 quos
1651 4069 1782 4143 reperire
1794 4090 1829 4128 se

275 4162 366 4234 dions,
380 4160 432 4234 qui
445 4160 587 4232 dogmata
597 4158 761 4214 hermatica
773 4156 885 4230 reperit
904 4158 1023 4230 sculpta
1076 4161 1202 4218 Proclus
1217 4165 1248 4216 ct
1260 4159 1365 4217 sedulo
1378 4159 1478 4232 legere
1490 4159 1626 4217 meminit
1639 4177 1729 4232 supra
1740 4179 1767 4233 p
1783 4163 1829 4228 15,

273 4252 311 4309 ab
330 4249 411 4308 omni
428 4267 503 4306 aevo
521 4249 552 4305 iu
571 4248 677 4305 ferreis
696 4248 851 4319 columnis,
871 4246 952 4322 apud
970 4265 1019 4304 va·
1076 4251 1152 4307 5-24.
1170 4250 1274 4306 Alium
1290 4249 1420 4307 lustravi
1446 4249 1541 4306 obiter
1564 4249 1694 4307 codicem
1717 4251 1828 4307 Gaesa-

272 4347 353 4398 tarea
366 4342 456 4414 Syros
471 4337 587 4409 erectis,
600 4337 669 4394 inde
682 4337 741 4394 alio
761 4338 925 4407 translatis,
940 4343 970 4393 ot
984 4337 1020 4393 ab
1075 4357 1168 4396 ream.
1187 4339 1300 4395 Eadem
1311 4338 1374 4408 iera
1389 4344 1548 4395 occurrunt
1564 4338 1596 4395 in
1614 4338 1752 4394 Palatino
1769 4341 1828 4394 1ὶιὲθ

271 4431 336 4504 ipso
348 4429 388 4486 ad
399 4446 489 4486 usum
507 4427 586 4484 filiae
599 4445 680 4498 suas,
692 4431 728 4484 ut
740 4427 771 4482 in
788 4433 891 4484 nostro
910 4426 1020 4498 libello,
1074 4430 1125 4486 fol.
1146 4431 1207 4500 194,
1226 4434 1258 4485 at
1275 4429 1381 4485 iisdem
1395 4429 1642 4502 cryptographiae
1659 4429 1826 4486 involucris

271 4519 411 4593 religiosa
430 4517 596 4591 descriptis.
615 4519 730 4576 Doctus
750 4517 871 4592 quidam
892 4517 1019 4574 Iriartaa
1074 4521 1118 4577 ita
1136 4521 1270 4586 obtecta,
1290 4526 1325 4575 ut
1349 4519 1468 4576 oculum
1491 4520 1540 4577 vel
1563 4518 1683 4592 peritia,
1703 4519 1753 4575 vel
1771 4539 1825 4592 pa·

270 4609 333 4667 faro
353 4609 490 4666 eumdem
504 4626 570 4666 esse
584 4609 777 4681 Platonicum,
791 4607 1019 4681 grammaticum
1074 4611 1182 4668 tientia
1191 4610 1308 4666 firmum
1318 4610 1618 4683 desperarejubeaut
1629 4609 1743 4666 Similia
1755 4629 1824 4682 pro·

270 4709 301 4758 et
319 4703 507 4774 astrologum
520 4700 657 4758 concedit
669 4701 788 4774 (liepiaa
805 4703 882 4757 Bibl.
901 4701 1019 4757 Mcdri·
1063 4701 1232 4774 pemodum
1242 4699 1357 4756 detexit
1369 4699 1477 4756 Iriarte
1490 4699 1521 4754 iu
1534 4698 1633 4755 codice
1646 4697 1823 4755 Matritensi

270 4795 359 4851 terasia
380 4791 470 4849 Oodd.
489 4809 534 4864 pr.
553 4810 580 4864 p.
598 4791 671 4864 431),
687 4807 722 4846 ao
740 4791 869 4846 maxime
889 4788 968 4862 quod
986 4788 1017 4844 iu
1073 4808 1148 4862 quae
1162 4789 1229 4846 fuse
1242 4789 1354 4860 regerit
1366 4788 1540 4845 Harlessius
1550 4787 1589 4844 ad
1598 4786 1728 4844 Fabricii
1741 4790 1820 4846 Bibl.

269 4881 390 4938 exordio
399 4880 587 4938 Karanidum
595 4880 810 4954 Harpocration
822 4877 930 4935 dicitnr
938 4878 1017 4950 apud
1070 4900 1116 4955 pr.
1136 4886 1156 4935 t.
1178 4895 1187 4934 1
1207 4898 1233 4953 p.
1253 4879 1296 4949 10,
1317 4880 1350 4933 11
1370 4883 1432 4934 not.

267 4971 436 5029 orientales
454 4970 681 5043 grammaticam
694 4976 725 5026 at
742 4977 823 5026 artes
837 4969 1016 5026 exercuisse.
1107 4971 1130 5043 ⁴)
1148 4970 1298 5041 Excerpta
1316 4972 1435 5023 tautum
1447 4967 1601 5036 habemus,
1617 4972 1654 5023 ut
1671 4965 1732 5023 fert
1750 4967 1820 5024 titu-

266 5061 423 5118 Hactenus
441 5061 525 5117 hacc.
1070 5061 1120 5118 lus
1138 5060 1176 5116 ab
1195 5057 1281 5115 initio
1300 5076 1358 5115 non
1371 5057 1576 5131 sejungendus
1592 5056 1623 5114 in
1638 5057 1715 5115 seria
1727 5057 1819 5116 unius

302 5150 327 5226 ³)
346 5151 382 5207 In
400 5149 460 5207 clio
478 5151 651 5224 Musquensi
671 5151 771 5208 codice
790 5149 948 5222 sequeutia
966 5150 1015 5206 da·
1069 5147 1190 5221 periodi,
1204 5167 1223 5204 a
1236 5146 1365 5222 quodam
1378 5145 1541 5204 scholiasta
1553 5145 1716 5204 christiano
1735 5165 1820 5220 praa

266 5238 380 5312 scripsi,
393 5238 465 5296 dum
477 5257 544 5296 raro
558 5239 686 5313 quodam
699 5237 856 5312 privilegio
874 5257 1015 5296 arcanum
1069 5239 1156 5296 fixae.

266 5336 402 5404 apertam
415 5334 462 5388 est
474 5329 547 5386 mihi
560 5329 756 5387 conditorium
768 5329 799 5385 in
808 5330 1014 5403 typographeo
