4006 6074
721 492 776 565 De
794 494 959 568 tribunali
976 502 1007 568 et
1019 499 1208 587 judicibus,
1703 515 1740 572 νε

190 652 268 724 Εἶτα
291 671 347 725 τοῦ
370 655 589 752 λαμόάνοντος
613 666 684 741 τοὺς
707 665 867 754 χρησμοὺς
886 655 937 730 διά
954 666 1105 732 πλειόνων
1122 659 1315 749 ἐκδοθέντας,
1336 673 1481 762 ἐρομένου
1505 676 1552 752 τίς
1577 671 1629 742 οὖν
1653 679 1737 744 ἐστιν

190 770 206 830 ὁ
230 769 397 858 τυγχάνων
421 781 479 847 τῆς
504 777 546 848 είς
571 771 654 848 θεοὺς
678 765 800 857 ἀνόδου,
824 775 878 838 καί
901 780 927 840 εί
950 779 965 838 ὁ
991 777 1045 840 τὸν
1070 775 1194 844 θυτικὸν
1220 781 1286 863 βίον
1304 779 1445 871 μάλιστα
1469 785 1739 874 προστησάμενος,

190 875 301 966 ἐπάγει
323 877 419 943 πάλιν
443 883 459 943 ό
484 878 552 957 θεός
574 878 609 966 1)·

392 1099 456 1162 Οὐκ
481 1098 565 1174 ὅστις
591 1097 816 1189 σπλάγχνοισιν
841 1100 988 1189 ἑπίρρονα
1013 1098 1135 1174 θήκατο
1160 1101 1289 1188 βουλήν,

386 1195 466 1277 Ἤδη
493 1206 546 1268 καὶ
569 1207 643 1295 πρὸς
663 1207 829 1294 Ὄλυμπον
854 1198 1071 1283 ἀποσκεδάσας
1094 1200 1169 1275 τόδε
1192 1219 1283 1300 σῶμα

384 1304 473 1390 Ἦξεν
498 1314 673 1403 ἀειρόμενος
696 1311 798 1406 ψυχῆς
822 1314 950 1404 κούραις
974 1317 1190 1409 πτερύγεσσιν.
1217 1358 1257 1367 -
1283 1322 1371 1385 Ἀλλ’
1397 1325 1481 1400 ὅστις
1506 1348 1541 1389 σο

191 1531 232 1594 63
257 1551 286 1592 v.
311 1529 461 1595 deficiunt
484 1533 504 1596 6
528 1553 626 1597 vere:
652 1535 693 1606 εἰς
710 1529 747 1595 τὸ
765 1541 857 1597 πᾶν...
882 1528 1010 1621 ψυχαί...
1034 1537 1075 1608 εἰς
1100 1533 1138 1597 τό
1163 1533 1297 1622 ρόσει...
1324 1525 1375 1599 διά
1391 1535 1451 1608 τήν
1475 1537 1654 1625 ὁμοιότητα
1678 1538 1740 1610 τήν

189 1635 263 1724 πρὸς
281 1635 318 1698 τὸ
335 1633 468 1722 θήεῖονγ..
483 1635 544 1726 μήν
559 1640 665 1727 ἔχουσι
681 1649 780 1702 πᾶσαν
792 1642 860 1704 κατ’
879 1642 994 1704 οὐσίαν·
1014 1644 1249 1729 κατασπ[ῶ,“ται
1263 1634 1295 1708 δὲ
1308 1644 1368 1708 ὑπό
1385 1654 1448 1708 τῶν
1461 1639 1643 1735 ηὐξημένων
1660 1645 1741 1723 τινὲς

189 1744 220 1804 ἑν
239 1743 348 1817 αὐταῖς
372 1743 495 1834 ἀλόγων
520 1746 575 1809 καὶ
598 1747 711 1836 ἀγρίων
737 1744 936 1835 θρεμμάτων,
954 1747 1037 1812 ἐστίν
1054 1750 1179 1823 ἐκείνοις
1203 1755 1315 1815 σίκεῖον
1340 1752 1436 1816 τόπον
1458 1753 1512 1817 τὸν
1536 1752 1670 1842 χθόνιον·
1695 1745 1743 1819 δεῖ

136 1869 164 1906 ¹⁰
190 1851 249 1942 γάρ
273 1853 327 1917 τόν
352 1853 458 1940 ὅμοιον
482 1863 543 1918 πᾶν
569 1853 714 1944 φέρεσθαι
730 1857 804 1944 πρός
821 1855 858 1920 τό
876 1857 992 1946 όμοιον,
1011 1867 1098 1922 νικᾶν
1116 1848 1150 1922 δὲ
1166 1860 1197 1922 ἐν
1214 1870 1283 1935 ταῖς
1300 1861 1439 1934 κινήσεσι
1459 1861 1495 1926 τό
1520 1865 1741 1928 πλεονεκτοῦν·

191 1960 264 2026 ὥστ’
287 1962 414 2038 εἰκότως
438 1961 620 2052 πορεύεσθαι
644 1963 745 2054 λέγειν
771 1962 839 2051 μετ’
865 1961 1008 2050 triow)
1030 1969 1071 2040 εἰς
1095 1965 1150 2030 τόν
1168 1956 1326 2057 δαιμόνιον
1344 1971 1442 2035 τόπον
1466 1971 1541 2061 όπερ
1565 1982 1624 2062 γῆς
1649 1973 1737 2054 όντα,

190 2070 247 2134 κάν
271 2094 352 2145 τινες
370 2075 472 2135 αὑτων
490 2064 580 2148 ἀξίως
597 2065 671 2136 ὦσιν
690 2064 870 2155 βεθιωκυῒαι
887 2079 949 2134 τῶν
966 2073 1025 2136 iro
1042 2082 1101 2165 γῆς
1119 2064 1394 2167 δικαιωτηρίων·ή
1420 2076 1479 2169 γάρ
1504 2078 1593 2157 τάσις
1617 2081 1740 2145 ἐκείνων

191 2179 379 2272 ὀρεγομένων
404 2189 459 2242 τοῦ
485 2170 572 2253 δίκης
597 2190 704 2269 τυχεῖν
721 2189 839 2242 πασῶν·
858 2183 877 2251 ή
896 2169 929 2242 δὲ
947 2173 1018 2257 ἀξία
1035 2181 1109 2269 πρός
1130 2182 1185 2246 τὀν
1210 2189 1320 2249 οἰκεῖον
1345 2187 1427 2252 ἕλκει
1451 2190 1567 2275 κλῆρον
1591 2187 1742 2260 ἑκάστην·

192 2285 331 2377 γίνεσθαι
349 2286 404 2377 μέν
418 2281 470 2351 οὖν
488 2287 541 2351 καί
556 2298 651 2352 τοῦτο
666 2286 795 2353 πιθανόν
813 2288 866 2357 καί
882 2286 948 2378 ἅμα
963 2290 1089 2364 πλείους
1106 2285 1207 2379 ψυχάς
1224 2291 1323 2369 ἄλλας
1337 2286 1369 2371 ἐξ
1387 2293 1491 2358 ἀλλων
1508 2293 1613 2360 τόπων
1631 2299 1672 2371 είς
1685 2295 1741 2359 τόν

137 2405 163 2442 ¹⁵
190 2385 369 2460 δικαστικόν
394 2395 490 2460 τόπον
516 2397 703 2486 συντρέχειν,
726 2397 809 2484 εἴπερ
826 2401 854 2460 οἱ
871 2397 960 2461 αὐτοί
977 2387 1125 2461 δικασταί
1142 2399 1256 2475 πάσαις
1277 2391 1463 2478 δικάζουσιν.
1481 2391 1577 2466 Οὐδὲν
1603 2392 1637 2467 δὲ
1661 2399 1738 2466 θαυ-

192 2504 323 2592 μαστόν,
341 2503 395 2568 τθν
409 2496 487 2592 Ἦρα
513 2502 596 2592 μετά
619 2507 744 2568 πολλῶν
768 2502 949 2592 πορεύεσθαι
966 2502 1084 2595 ψυχῶν,
1100 2508 1149 2572 ἔτι
1165 2512 1285 2596 μᾶλλον
1304 2511 1374 2584 ἴσως
1398 2518 1460 2574 τῶν
1486 2511 1516 2575 ἐν
1541 2519 1586 2592 τῷ
1609 2509 1738 2598 πολέμῳ

190 2612 475 2685 τετελευτηκότων·
501 2610 550 2688 οθς
574 2613 628 2676 καὶ
652 2603 860 2702 διαφθαρῆναι
884 2613 976 2702 φησίν
1002 2618 1017 2676 ὁ
1043 2613 1148 2704 μῦθος,
1172 2608 1224 2680 διά
1247 2614 1306 2687 τήν
1326 2615 1425 2687 αὐτὴν
1447 2618 1628 2706 περίστασιν
1653 2610 1742 2682 ἒκόε-

189 2711 326 2792 θηκυιῶν
352 2719 413 2784 ἀπό
438 2729 500 2783 τῶν
524 2719 689 2810 σωμάτων,
715 2720 768 2784 καί
791 2719 958 2809 ὁμοπαθῶν
991 2723 1147 2799 ἀλλήλαις
1179 2729 1288 2800 οὐσῶν,
1312 2725 1366 2789 καί
1390 2722 1473 2814 μετά
1501 2723 1560 2796 τήν
1585 2723 1739 2796 τελευτήν

190 2822 485 2918 συναγελαζομένων
510 2829 676 2912 ἀλλήλαις,
694 2830 747 2894 καί
764 2829 869 2900 κοινήν
893 2829 953 2904 τήν
971 2830 1070 2921 ὁρμήν
1088 2832 1138 2896 ἐπί
1154 2833 1208 2897 τόν
1229 2833 1326 2899 τόπον
1350 2834 1405 2898 τὀν
1430 2824 1612 2901 δικαστικὸν
1635 2858 1742 2900 ποιου-

136 2941 164 2980 ²⁰
191 2938 300 3026 μένων,
324 2937 458 3012 καὶτῆς
486 2939 620 3027 ἱστορίας
644 2937 768 3016 τοότοις
792 2939 1020 3029 μαρτυρούσης,
1044 2943 1081 3005 λε
1097 2993 1103 3008 .
1119 2993 1126 3009 .
1141 2992 1148 3007 .
1164 2941 1190 3028 ³)

539 3167 584 3228 ÷
610 3153 777 3238 [Δικαστάς
807 3146 840 3220 δὲ
872 3148 991 3243 μεταξὺ
1015 3166 1135 3220 τοῢτων
1160 3155 1325 3235 καθῆσθαι,
1350 3170 1395 3233 ÷

534 3278 579 3340 -ζ-
601 3263 661 3348 οὓς,
673 3252 778 3333 Ιεπειδή
795 3252 1020 3339 διαδικάσειαν,
1034 3261 1105 3338 τοὺς
1120 3263 1174 3352 μὲν
1190 3253 1325 3340 δικαίους
1349 3278 1392 3340 ÷

536 3387 580 3448 -·,-
602 3371 739 3439 κελεόειν
770 3368 957 3460 πορεύεσθαι
987 3369 1047 3442 τήν
1078 3375 1119 3447 εἰς
1154 3361 1255 3450 δεξιάν
1289 3395 1326 3437 τε
1348 3385 1393 3445 ÷

535 3494 580 3557 ÷
602 3479 656 3545 καί
680 3479 742 3544 άνω
766 3471 818 3544 διά
842 3489 898 3544 τοῦ
930 3481 1077 3569 οὐρανοῦ,
1102 3491 1219 3569 σημεῖα
1242 3503 1326 3570 περι·
1348 3492 1393 3556 -ζ-

534 3603 579 3667 -ζ-
602 3587 742 3678 άψαντοις
756 3599 818 3653 τῶν
832 3579 1063 3677 δεδικασμένων
1078 3592 1109 3654 ἐν
1122 3598 1168 3672 τῷ
1180 3586 1323 3678 πρόσθεν,
1347 3600 1393 3662 -ζ-

535 3711 579 3772 -ζ-
602 3696 674 3773 τοθς
706 3687 740 3762 δὲ
771 3687 895 3772 ἀδίκους
927 3695 987 3767 τήν
1019 3702 1060 3772 είς
1091 3694 1256 3787 ἀριστεράν
1288 3719 1324 3760 τε
1348 3707 1392 3770 -ζ-

534 3818 579 3881 -ζ-
602 3807 654 3870 καί
677 3805 782 3885 κάτω,
808 3807 939 3894 ἔχοντας
973 3804 1027 3869 καὶ
1056 3804 1187 3880 τούτους
1216 3807 1247 3868 έν
1280 3812 1325 3886 τῷ
1350 3813 1394 3877 ÷

535 3928 580 3990 ÷
603 3914 728 3980 όπισθεν
761 3918 894 4003 σημεῖα]
929 3913 1057 3980 πάντων
1089 3908 1131 3979 ὧν
1167 3905 1322 4003 ἔπραξαν.
1347 3925 1392 3988 -ζ-

1082 4085 1097 4130 ι

191 4131 213 4196 f.
234 4131 250 4196 1
268 4153 381 4197 novem
403 4154 512 4198 versus
535 4133 655 4217 partim
671 4129 822 4213 ambusti,
838 4133 958 4218 partim
974 4133 1185 4200 exciei⁸suntz
1212 4182 1218 4197 .
1234 4127 1482 4222 ..τεταγμένων
1498 4181 1504 4195 .
1521 4181 1527 4196 .
1543 4180 1550 4194 .
1575 4152 1741 4217 καταμαν-

138 4241 166 4280 ³⁰
191 4237 337 4304 θάνονται
352 4289 483 4306 ......
509 4230 593 4328 δρᾶν,
619 4229 690 4304 etit
706 4239 760 4304 καί
776 4230 849 4330 δρᾶν
873 4241 967 4333 λόγον
984 4294 990 4307 .
1005 4293 1035 4308 ..
1060 4239 1116 4316 τάς
1133 4238 1244 4330 ψυχάς,
1262 4244 1301 4315 ὡς
1319 4239 1355 4303 ἀν
1375 4242 1502 4303 πολλῶν
1527 4237 1740 4328 τεταγμένων,

191 4347 272 4410 ὥστε
295 4347 348 4410 καί
372 4347 423 4412 ἐπὶ
446 4345 573 4412 πάντων
598 4349 696 4413 ἔοικεν
721 4351 736 4411 ὁ
762 4346 855 4435 μῦθος
886 4359 1001 4438 χρῆναι
1024 4347 1109 4414 κατά
1139 4348 1176 4412 τό
1202 4347 1356 4438 ἀνάλογον
1385 4339 1571 4435 λαμόάνειν.
1596 4345 1658 4410 Καὶ
1681 4343 1740 4437 γάρ

229 4614 251 4688 ¹)
269 4613 423 4671 Anecdota
435 4615 610 4688 plerumque
624 4620 695 4671 suut
707 4614 940 4671 oraculaaPro-
993 4617 1065 4675 folio
1084 4617 1119 4673 64
1137 4633 1260 4689 prorsus
1281 4614 1485 4688 intercipitur,
1512 4632 1548 4671 ac
1566 4612 1625 4670 niei
1643 4609 1740 4681 fallor,

191 4705 237 4761 clo
248 4703 386 4775 adducta,
400 4703 437 4760 de
450 4703 557 4776 quibua
571 4703 643 4760 alibi
655 4703 724 4759 fort.
737 4703 831 4775 plura.
842 4703 940 4760 Metra
992 4705 1143 4762 retexitur
1164 4705 1195 4761 in
1220 4703 1313 4778 primo
1339 4702 1451 4778 corticis
1476 4701 1556 4759 folio.
1581 4701 1664 4768 Quae
1683 4716 1742 4772 quo

191 4795 222 4851 in
242 4794 343 4851 codice
360 4812 420 4851 non
433 4793 614 4865 dividuntur,
629 4793 682 4850 sed
695 4793 726 4849 iu
744 4793 881 4865 margine
900 4794 939 4850 si·
992 4795 1101 4853 clarius
1113 4796 1300 4866 cohaereant
1318 4792 1522 4867 praemittitur
1535 4793 1619 4850 locue
1632 4789 1742 4864 Reipu-

191 4891 322 4959 guantur
332 4884 435 4942 obelis.
445 4884 531 4942 Adde
541 4891 645 4941 nostra
654 4883 756 4940 libello
765 4883 850 4940 Rich.
862 4883 939 4941 Hen·
992 4885 1088 4942 blicoe
1111 4884 1280 4940 Platonicae
1307 4882 1461 4956 expositus
1485 4899 1523 4939 ex
1548 4880 1651 4937 eadem
1669 4877 1739 4937 edit.

191 4975 270 5046 dese,
293 4977 425 5033 Oraoula
442 4991 559 5046 praeca,
579 4973 666 5030 Helie
686 4975 793 5032 Saron.
814 4975 892 5030 1877.
991 4993 1020 5048 p.
1029 4976 1085 5030 310
1096 4974 1172 5031 med.
1188 4974 1274 5030 Viam
1285 4978 1418 5031 nostram
1431 4972 1571 5028 muniunt
1583 4987 1658 5043 quae
1671 4987 1741 5044 pau·

226 5066 252 5140 ¹)
265 5063 555 5136 Triaeignaood.ad
573 5064 665 5121 verba
684 5069 775 5132 ἄλλων,
788 5071 843 5138 γῆς,
864 5067 938 5128 ἀξίως
991 5066 1020 5122 lo
1039 5071 1108 5138 post
1127 5083 1165 5121 ex
1185 5067 1255 5136 Rep.
1275 5064 1386 5121 diserte
1407 5063 1551 5120 citantur.
1570 5060 1661 5117 immo
1680 5060 1739 5116 tria

191 5157 314 5231 prodere
334 5155 473 5213 videntur
492 5160 555 5212 tros
575 5154 699 5212 lacunae
718 5173 795 5228 quae
813 5155 845 5212 iu
862 5174 939 5213 mar·
990 5157 1074 5215 illius
1091 5156 1148 5214 loci
1166 5155 1274 5212 ultima
1292 5154 1385 5212 verba
1403 5153 1497 5210 codex
1521 5151 1601 5209 infra
1618 5150 1739 5207 retinet.

192 5247 262 5319 gine
282 5245 436 5318 suppletae
456 5249 650 5301 evanuerunt.
990 5244 1166 5303 Holstenius
1185 5249 1239 5301 ant
1257 5243 1389 5300 nondum
1407 5245 1581 5316 reppererat
1606 5239 1690 5296 filum
1709 5256 1741 5295 a·

227 5337 251 5411 ³)
269 5335 395 5410 Impleto
415 5334 618 5408 quaternione,
638 5333 731 5391 eeriee
749 5333 781 5389 iu
801 5334 939 5409 sequenti
991 5334 1126 5406 missum,
1144 5339 1198 5391 aut
1216 5351 1234 5389 a
1252 5331 1325 5389 folio
1343 5330 1557 5390 semiambueto
1577 5326 1698 5401 refugit.
