4006 6074
538 529 594 616 De
611 533 766 635 monade,
786 542 910 636 ἀμοιίο,
931 545 1044 618 triade
1063 547 1120 618 εἰσ.
1139 586 1183 596 -
1202 534 1442 640 Ρμιίιοροτίοο.
1508 566 1513 574 ’
1731 550 1768 614 41

218 710 332 789 θῆσθαι
355 723 418 778 τῶν
442 715 617 805 χασμάτων
633 716 668 800 1)·
692 708 831 807 τετράδα
855 715 909 807 μὲν
926 717 1099 789 πεποίηκεν
1114 717 1138 800 ²)
1156 720 1172 780 ό
1188 716 1292 806 λόγος,
1309 722 1349 792 ὡς
1372 709 1453 802 τῇδε
1470 709 1659 812 δημιουργίᾳ
1680 722 1766 810 πάσῃ

218 817 460 913 συμόαίνουσαν,
484 825 538 890 καί
560 835 607 908 τῷ
630 835 807 915 τετραμερή
833 825 942 915 κόσμῳ
966 825 1020 890 καί
1043 834 1112 900 ταῖς
1136 824 1265 913 τέταρσι
1287 834 1351 889 τῶν
1376 827 1455 889 ὅλων
1481 830 1590 918 ἀρχαῖς
1615 853 1769 920 συναρμο-

216 926 359 1022 ζομένην·
385 932 498 998 ἀνωθεν
523 932 583 1024 γάρ
601 935 680 1006 αὕτη
701 925 740 998 δι’
762 937 842 999 ὅλων
860 926 1013 1012 διεξιοῦσα
1029 943 1091 998 τῶν
1108 934 1293 1022 έγκοσμίων,
1310 931 1352 997 τά
1375 933 1481 1024 πάντα
1503 937 1685 1029 προσήγορα
1709 943 1769 1004 ἀλ-

216 1041 326 1117 λήλοις
342 1041 576 1119 κατεστήσατο,
590 1042 643 1106 καί
655 1043 710 1106 τόν
728 1065 765 1107 τε
781 1043 908 1132 οὐρανόν
922 1043 1017 1106 αύτόν
1029 1043 1173 1131 τέτραχα
1187 1029 1312 1126 διεῖλεν,
1325 1040 1378 1105 καί
1390 1041 1432 1106 τά
1447 1044 1560 1136 κέντρα
1578 1038 1769 1121 διεστήσατο

177 1184 190 1223 ⁵
217 1161 370 1235 τοσαῦτα,
394 1150 448 1216 καί
470 1149 512 1216 τά
528 1151 588 1216 ὑπό
605 1151 659 1216 τόν
675 1151 803 1240 οὐρανόν
821 1162 963 1240 στοιχεῖα
979 1142 1195 1239 διεκόσμησεν·
1212 1151 1294 1216 ὥστε
1310 1152 1364 1214 καί
1379 1151 1436 1228 τάς
1452 1149 1586 1243 ψυχικάς
1605 1147 1686 1232 ζωάς
1704 1146 1768 1222 είκό

216 1370 240 1437 f.
256 1373 309 1451 30,
328 1370 478 1456 dissipati
495 1370 513 1435 7
532 1391 635 1437 vem:
652 1367 711 1442 τήν
730 1391 825 1456 μαντι
839 1419 844 1431 .
859 1418 885 1431 ..
911 1371 1031 1458 ἀρχαῖς,
1048 1371 1083 1432 ἐκ
1108 1357 1141 1432 δέ
1164 1375 1223 1443 τῆς
1242 1362 1397 1458 ζωογόνου
1412 1418 1419 1431 .
1434 1373 1462 1432 ἶ.
1488 1368 1588 1440 αὐτὴν
1614 1370 1766 1450 εἰσιούσης

216 1479 270 1544 καί
293 1481 344 1568 ἀφ’
369 1483 484 1555 ἑαυτῆς
499 1529 505 1542 .
520 1527 546 1542 ..
564 1475 665 1552 νούσης
681 1473 723 1540 τά
746 1473 811 1563 μεθ’
826 1474 953 1553 ἑαυτήν,
970 1473 1026 1549 τάς
1043 1475 1186 1548 ποικιλας
1203 1473 1341 1538 μαίνοιό
1367 1475 1543 1566 ἑτερότητα
1567 1468 1767 1566 διῖσταμένας

216 1588 364 1662 ἀλλήλων
381 1587 434 1652 καί
450 1587 508 1662 τάς
526 1586 676 1660 παντοίας
699 1575 860 1673 προόδους,
885 1583 939 1648 καί
962 1582 1019 1657 τάς
1044 1576 1194 1661 ἀνελίξεις
1211 1592 1273 1648 τῶν
1294 1577 1434 1660 ζωτικῶν
1458 1584 1571 1674 λόγων·
1595 1597 1698 1653 ταῦτα
1723 1578 1767 1671 δὲ,

216 1695 378 1784 ἀμφότερα
402 1693 552 1782 μάλιστα,
576 1693 636 1764 τήν
661 1690 796 1782 ψυχικήν
820 1683 959 1782 τετράδα
983 1694 1174 1764 συνίστησιν·
1197 1692 1266 1784 περί
1289 1694 1327 1758 τό
1352 1693 1454 1782 μένον,
1478 1693 1538 1766 τὴν
1562 1697 1683 1767 κίνησιν
1708 1706 1767 1773 τῆς

163 1829 188 1865 ιο
215 1798 327 1892 ψυχῆς·
352 1802 406 1867 καὶ
423 1801 494 1891 περὶ
509 1801 546 1866 τό
563 1801 668 1891 πέρας,
684 1799 745 1874 τήν
762 1803 904 1890 ἀπειρίαν
922 1795 1138 1890 άφορέζουσαν·
1156 1802 1290 1888 μένουσα
1306 1801 1366 1891 γάρ
1384 1801 1441 1884 ἀεί,
1460 1806 1479 1874 ή
1499 1801 1578 1876 αὐτή
1597 1802 1681 1868 κατά
1705 1803 1766 1875 τήν

216 1912 321 1975 ούσίάν
338 1903 528 1988 ἐξαλλάττει
543 1909 601 1986 τάς
614 1903 705 1991 ζωάς,
723 1912 860 1993 ἀνιοῦσα,
874 1919 1037 1994 κατιοῦσα,
1050 1899 1183 1997 δυομένη
1203 1907 1287 1973 κατά
1303 1919 1361 1985 τῆς
1377 1919 1446 2000 γῆς,
1464 1910 1635 1998 ἀνίσχουσα
1650 1909 1766 1976 ἐκεῖθεν

215 2019 269 2084 καί
285 2011 428 2094 διαύλους
452 2021 649 2084 ἀποτελοῦσα
672 2017 726 2082 καί
742 2008 901 2108 περιόδους
919 2016 1121 2106 ἀπεράντους·
1138 2015 1190 2082 καί
1206 2017 1261 2106 μὲν
1278 2017 1366 2091 καίή
1386 2007 1528 2109 διαίρεσις
1548 2031 1606 2095 τῆς
1630 2013 1766 2098 ζωτικῆς

215 2118 507 2218 ταύτηςτετράδος
531 2129 587 2192 οὐκ
610 2131 651 2200 εἰς
676 2117 798 2216 μονάδα
821 2124 874 2189 καί
897 2114 1011 2216 τριάδα
1034 2124 1196 2213 γενομένη·
1222 2115 1354 2190 δυνατόν
1371 2123 1431 2217 γάρ
1455 2123 1493 2201 ήν
1515 2128 1568 2192 καί
1592 2128 1688 2205 οὕτως
1712 2129 1766 2194 τόν

215 2235 352 2325 τέσσαρα
375 2244 491 2323 τεμεῖν·
516 2230 600 2298 ἀλλά
623 2224 668 2310 δίς
692 2224 746 2296 δύο
769 2231 894 2307 πάντως
917 2256 976 2296 που
1000 2241 1084 2296 ποιεῖ
1105 2231 1271 2323 γνώριμον,
1295 2233 1345 2296 ότι
1368 2233 1406 2296 τό
1430 2235 1503 2298 όλον
1527 2227 1604 2312 εἶδος
1629 2231 1766 2327 ἀφορίζει

161 2382 188 2422 1³
215 2354 272 2418 τῆς
292 2331 443 2431 τετράδος
466 2339 598 2417 ταύτης,
615 2343 674 2429 οὺχ
690 2347 710 2426 ή
729 2339 835 2430 μονάς,
852 2341 926 2430 ὅπερ
944 2340 980 2404 ἀν
996 2336 1034 2414 ἦν
1053 2345 1094 2416 εἰς
1111 2333 1234 2428 μονάδα
1250 2341 1303 2406 καί
1319 2333 1432 2430 τριάδα
1456 2353 1515 2418 τῆς
1538 2354 1639 2434 τομῆς
1664 2347 1765 2422 ούσης,
1800 2381 1803 2390 ι

216 2451 287 2514 ἀλλ’
306 2457 325 2535 ᾑ
345 2440 429 2525 δυάς·
442 2448 497 2513 καί
508 2447 568 2539 γάρ
582 2451 638 2513 ούκ
651 2450 735 2514 ἔστιν
750 2439 912 2533 ούσιιόδης,
926 2446 1010 2512 ἀλλά
1024 2443 1104 2527 ζωῆς
1118 2438 1305 2538 διαφορότης
1322 2449 1375 2513 καί
1390 2460 1452 2515 τῶν
1466 2455 1497 2516 ἑν
1514 2455 1594 2537 αὐτῇ
1610 2453 1767 2525 κινήσεων·

215 2564 248 2624 αί
271 2549 305 2623 δὲ
327 2559 462 2634 κινήσεις
485 2559 559 2647 πρός
582 2567 641 2632 τῆς
665 2557 803 2646 ἀπειρίας
826 2557 894 2635 εἰσί,
919 2556 1052 2632 καὶτῆς
1077 2557 1222 2646 ἀορίστου
1247 2547 1370 2641 δυάδος,
1395 2563 1435 2634 ὡς
1453 2559 1489 2623 ἀν
1511 2566 1539 2624 οἰ
1563 2559 1765 2652 Πυθαγόρειοι

215 2677 313 2754 φαῖεν,
338 2665 392 2731 καί
414 2675 477 2730 τῶν
502 2663 656 2758 θεολόγων
679 2665 780 2730 πάλαι
803 2664 863 2736 τήν
881 2655 1031 2737 δυαδικήν
1050 2669 1152 2728 αἰτίαν
1169 2675 1232 2730 τῶν
1249 2662 1355 2756 ψυχῶν
1372 2678 1466 2734 κινεῖν
1482 2674 1522 2744 εἰς
1539 2659 1688 2758 προόδους
1712 2667 1767 2732 καί

216 2773 382 2866 μερισμούς
404 2773 572 2864 λεγόντων·
596 2774 630 2835 ού
654 2769 711 2848 τάς
735 2767 835 2860 ψυχάς
861 2771 963 2861 μόνον,
988 2771 1041 2834 καί
1065 2770 1184 2848 ταύτας
1209 2772 1264 2861 μὲν

160 3025 188 3062 νο
214 2994 239 3060 f.
256 2995 298 3060 30
315 3015 357 3074 v.,
373 2991 408 3057 in
423 2991 541 3058 lacuna
558 2991 578 3056 6
594 3012 696 3056 νοτες
720 2986 811 3078 τέρας
825 2981 919 3052 ούσαν
943 2997 1058 3051 τῶν...
1084 2991 1099 3050 ό
1118 2984 1212 3075 μῦθος
1231 2986 1377 3062 ἐννοήσας
1401 2987 1501 3052 ἐπί...
1526 2991 1557 3054 έν
1581 2979 1765 3080 τετραδικύν

214 3099 315 3164 κοινόν
339 3109 380 3184 τῇ
405 3097 443 3162 τό
457 3147 464 3161 .
479 3147 507 3161 ..
531 3096 651 3172 ταύτης
675 3093 776 3185 ψυχῆς
793 3096 847 3160 καί
863 3106 903 3180 τῇ
922 3089 986 3180 ζωῇ
1005 3105 1067 3159 τῶν
1086 3097 1193 3160 αἰτίων
1218 3095 1320 3158 αύτιῦν
1345 3095 1528 3185 ἀμφοτέρων
1546 3099 1686 3168 ἀνῆπται
1702 3105 1765 3160 τῶν

213 3229 249 3272 τε
272 3216 432 3296 πατρικῶν
456 3204 511 3270 καί
538 3205 611 3290 [τῶν
635 3227 671 3269 τε
696 3209 887 3295 μηγτρικῶν·
911 3203 949 3267 τό
974 3195 1008 3268 δὲ
1032 3193 1198 3291 μοναδικόν
1223 3201 1276 3266 καί
1303 3194 1461 3293 τριαδικύν
1493 3202 1552 3275 τήν
1577 3205 1681 3268 ούσίαν
1705 3203 1765 3274 τήν

214 3311 350 3403 ψυχικήν
376 3315 448 3403 μίαν
471 3335 508 3377 τε
534 3312 587 3375 καί
610 3323 722 3402 τριφοη
748 3321 858 3395 ποιεῖν,
884 3317 925 3386 εἰς
948 3308 1008 3383 τήν
1033 3308 1190 3400 πατρικήν
1212 3308 1311 3380 αὐτὴν
1336 3311 1490 3376 ἀνατείνει
1515 3301 1647 3400 μονάδα·
1669 3310 1708 3375 τὸ
1732 3300 1766 3375 δὲ

215 3412 260 3498 δίς
282 3413 335 3486 δύο
352 3420 411 3494 τήν
429 3423 460 3484 έν
480 3422 559 3504 αὐτῇ
578 3413 672 3498 ζωήν,
688 3419 932 3507 ποικιλλομένην
948 3420 1112 3492 παντοίαις
1129 3417 1294 3492 κινήσεσιν,
1312 3417 1366 3481 καί
1382 3419 1524 3508 ἀόριστον
1536 3419 1561 3502 ³)
1577 3423 1616 3492 ὡς
1641 3417 1765 3493 ἀληθῶς

159 3557 186 3595 ιο
214 3525 319 3609 οὖσαν,
345 3536 386 3606 εἰς
409 3528 469 3600 τὴν
495 3527 652 3620 μητρικήν
677 3527 821 3619 ἀναφέρει
847 3516 955 3590 δυάδα.
979 3527 1066 3601 Τίνες
1092 3516 1128 3597 δή
1156 3519 1207 3589 σύν
1232 3530 1264 3588 αἰ
1289 3515 1398 3601 δυάδες
1423 3519 1533 3602 αύται;
1559 3532 1684 3614 Πρῶτον
1711 3524 1765 3613 μέν

214 3633 265 3704 ούν
290 3637 389 3704 έκεῖνό
414 3660 468 3725 μοι
491 3625 577 3700 δοκεῖ
601 3634 643 3724 μή
662 3635 822 3725 παρέργως
839 3637 855 3697 ὁ
871 3632 1006 3698 Πλάτων
1023 3631 1178 3720 όνομάσαι
1201 3629 1358 3720 χάσματα
1373 3618 1439 3707 Ιτάς
1463 3621 1517 3695 δύο
1542 3621 1668 3707 δυάδας·
1692 3630 1763 3695 ἀλλ’

214 3737 301 3820 εἰδὼς
325 3743 379 3808 καί
401 3743 456 3808 τόν
481 3740 627 3833 θεολόγον
652 3741 768 3830 Ὀρφέα
791 3739 896 3824 τούτῳ
920 3748 965 3822 τῷ
984 3739 1116 3829 όνόματι
1139 3742 1297 3802 καλοῦντα
1321 3735 1382 3808 τήν
1402 3745 1509 3806 πασῶν
1534 3739 1685 3812 κινήσεων
1710 3739 1765 3804 καί

212 3844 352 3943 προόδων
368 3849 569 3942 πρωτουργόν
586 3843 698 3925 ἐντοῖς
716 3859 840 3926 νοητοῖς
857 3848 972 3929 αἰτίαν,
985 3845 1024 3921 ἢν
1037 3851 1066 3910 οἰ
1079 3843 1284 3937 Πυθαγόρειοι
1297 3833 1398 3910 δυάδα
1410 3844 1529 3919 νοητήν
1547 3845 1601 3910 καί
1621 3846 1764 3937 ἀόριστον

212 3959 442 4051 προσηγόρευον
452 3955 488 4047 4)·

158 4092 186 4129 ιο
527 4063 639 4154 Αἰθέρα
663 4063 718 4154 μέν
742 4062 850 4153 χρόνος
875 4057 963 4138 οὗτος
988 4062 1136 4151 ἀγήραος,
1161 4057 1381 4149 ἀφθιτόμητις,

526 4174 666 4250 Γείνατο,
691 4171 745 4236 καί
769 4171 852 4263 μέγα
874 4171 987 4261 χάσμα
1009 4167 1160 4260 πελώριον
1185 4167 1258 4234 ἔνθα
1281 4168 1336 4233 καί
1359 4166 1441 4234 ἔνθα.

212 4316 274 4384 Καὶ
299 4317 406 4407 μικρόν
430 4317 570 4408 ὕστερον·

526 4457 639 4546 Χάσμα
664 4448 690 4522 δ’
716 4461 767 4522 ὑπ’
792 4455 894 4546 ήέρισν
918 4455 972 4521 καί
996 4458 1125 4548 νήνεμος
1149 4457 1263 4549 ἐρράγη
1290 4455 1381 4547 αἰθήρ

1028 4565 1204 4656 όρνυμένοιο
1227 4565 1386 4640 Φάνητος.

248 4744 271 4818 ¹)
289 4740 451 4816 Sequentia
464 4760 481 4800 ο
492 4741 614 4814 regione
628 4747 713 4800 sunt:
729 4743 813 4798 Μέσην
827 4743 877 4810 ἔχει
891 4742 960 4804 τάξιν
1013 4741 1130 4800 duobus
1147 4742 1265 4816 punctis
1279 4763 1310 4796 τι
1324 4740 1507 4814 expungitur
1524 4745 1555 4796 et
1573 4756 1665 4813 supra
1683 4735 1765 4794 addi·

212 4836 235 4889 έν
256 4841 306 4896 τοῖς
326 4834 418 4890 ούοινή
435 4835 509 4904 ψυχή·
523 4839 565 4886 διὰ
578 4838 649 4886 τοῦτο
664 4830 711 4900 σύν,
727 4834 769 4886 δύο
787 4834 881 4901 σχέσεις
901 4837 960 4904 πρός
1011 4838 1062 4888 tur
1082 4854 1113 4886 ιιν
1134 4853 1178 4903 ροι,
1197 4831 1277 4905 quod
1295 4849 1355 4886 non
1373 4829 1495 4885 extrico.

212 4933 245 4980 τά
264 4926 409 4996 ίκατέρωόιν
423 4924 500 4986 αὐτῆς
514 4924 690 4998 ὄντα,τούτωνΙ
708 4927 733 4976 δέ
749 4927 824 4976 πάλιν
844 4923 960 4994 ἑκατέραν
1049 4923 1074 4996 ³)
1092 4921 1162 4978 Cod.
1181 4921 1311 4995 primum
1335 4938 1428 4991 optem
1455 4921 1519 4976 sino
1543 4916 1685 4992 apicibus.
1704 4913 1764 4972 Vix

212 5017 313 5082 διττήν,
332 5015 347 5072 ἦ
368 5015 553 5086 συναπτομένης
573 5016 649 5076 αὐτῆς
674 5013 779 5082 έκιίνοις,
800 5019 860 5086 πρὸς
881 5017 896 5066 ἃ
916 5015 960 5071 τήν
1015 5015 1207 5084 exspectatur
1226 5012 1345 5080 ἀόριστον.

212 5107 295 5176 σχέσιν
314 5105 411 5176 έχονῆ
437 5107 602 5178 χαριζομένης
622 5107 718 5159 αὐτῶν·
737 5103 801 5158 ὥστε
828 5109 869 5157 διὰ
888 5107 960 5157 τοῦτο
1049 5101 1072 5174 ⁴)
1085 5098 1199 5154 Nullibi
1218 5098 1300 5155 edita
1313 5103 1484 5173 comparent
1498 5095 1627 5170 Orphica
1639 5111 1763 5165 sequen·

212 5198 325 5268 τέσσαρες
346 5201 373 5249 αἱ
391 5197 484 5265 σχέσεις
504 5203 546 5249 καί
567 5193 706 5267 μιτοιόολαὶ
725 5201 768 5257 τῆς
789 5199 860 5262 ἰωής,
880 5198 908 5255 όις
929 5200 961 5246 τὰ
1014 5189 1065 5245 tia.
1080 5187 1138 5244 Sed
1151 5187 1187 5242 cf.
1203 5187 1434 5264 ἀποσπασμοίτιαξ
1454 5189 1480 5258 7,
1493 5204 1522 5259 p.
1537 5187 1597 5257 168,
1610 5203 1638 5240 n.
1657 5185 1683 5255 5,
1698 5183 1722 5251 7,
1736 5185 1762 5252 9,

211 5292 334 5358 χάσματα
354 5290 523 5358 σημαίνουσιν.
1014 5281 1054 5336 Et
1065 5280 1140 5336 haec
1152 5279 1235 5351 lege:
1251 5283 1343 5350 Τιτράς
1358 5281 1406 5331 όέό
1420 5282 1514 5344 Φάνης,
1526 5280 1557 5338 ὡς
1569 5275 1675 5347 Ὀρφεύς
1690 5280 1761 5346 φησί,

246 5379 269 5452 ²)
286 5376 421 5433 Primum
434 5379 544 5446 ποίηκιν,
558 5376 719 5451 corrigitur
732 5381 876 5444 πιποίηκιν,
896 5381 962 5434 tum
1017 5372 1190 5442 ...Τέτραοιν
1210 5371 1372 5442 έφύαλμοῖσιν
1393 5371 1514 5441 όρόμονσς
1535 5369 1590 5422 ἔνθα
1608 5372 1651 5420 καί
1665 5366 1727 5420 ἔνθα.

355 5501 449 5558 Ανκε.
471 5519 500 5572 ν,
519 5499 563 5558 3*.
