3978 6070
519 469 576 544 De
593 471 759 544 varietate
777 473 810 544 et
826 471 947 545 notitia
966 474 1320 568 ίιιιιιεικίφααίίοκιιηι.
1643 489 1696 546 ινε

150 643 204 734 μέν
229 636 261 721 ἐξ
283 641 451 735 ἀνθρώπων
469 649 510 720 εἰς
526 642 653 719 κύκνους
670 644 766 728 ᾔεσαν
782 644 836 708 καί
853 635 999 722 ἀηδόνας,
1017 649 1049 709 αἰ
1064 637 1098 710 δέ
1114 639 1146 725 iffi
1171 646 1295 738 ἀλόγων
1319 653 1360 724 εἰς
1385 647 1575 738 ἀνθρώπους,
1599 657 1639 729 ὡς
1664 659 1697 718 αἰ

150 755 211 818 ἀπθ
235 753 354 818 κύκνων
378 758 419 830 εἰς
444 752 632 842 ἀνθρώπους,
658 760 690 818 αἰ
714 746 747 819 δέ
772 756 825 819 καί
847 747 880 834 ἐξ
904 756 1027 846 ἀλόγων
1045 761 1087 832 εἰς
1108 755 1221 846 ἄλογα,
1238 755 1378 847 καθάπερ
1403 763 1435 820 αἱ
1459 762 1493 824 ἐκ
1518 757 1630 849 θηρίων
1655 766 1697 837 εἰς

151 862 242 953 θηρία
266 853 527 952 μετενδυόμεναις
553 864 679 952 μήποτε
703 857 754 928 ούν
773 861 887 940 ἀληθές
905 864 959 954 μὲν
975 864 1082 931 καὶτὸ
1100 865 1152 930 σθν
1177 856 1215 937 δη
1242 875 1348 944 τοῦτο,
1372 859 1397 930 ὧ
1421 868 1492 957 φίλε
1513 868 1698 960 ἔπαιρε,ααί

150 961 364 1062 διηγουμένων
389 976 519 1038 ἀκοῦσαι
540 983 642 1036 ταῦτα
658 965 804 1063 τθνἯρα
821 981 883 1038 τῶν
901 968 1026 1062 ψυχῶν;
1043 973 1105 1037 Καί
1120 971 1181 1065 γάρ
1199 975 1320 1064 εἴρηται
1343 984 1439 1064 τοῦτο
1462 975 1625 1066 πρότερον,
1649 978 1700 1042 ὅτι

109 1101 122 1140 ι
150 1079 204 1144 καί
226 1072 407 1157 ἠσπάζοντο
432 1080 587 1156 ἀλλήλαις
603 1079 626 1164 ¹)
650 1081 721 1145 ὅσαι
744 1079 908 1173 γνώριμαι,
933 1082 986 1145 καί
1008 1072 1178 1170 διηγοῦντο
1201 1080 1243 1146 τά
1261 1091 1344 1172 σφῶν
1369 1085 1482 1148 αὐτῶν·
1508 1089 1540 1149 αἰ
1563 1084 1618 1172 μὲν
1642 1087 1700 1150 ὅσα

149 1180 280 1254 ίδοιεν
268 1190 327 1254 υπίι
352 1199 421 1280 γῆς,
446 1194 479 1253 αἰ
503 1178 536 1253 δὲ
559 1189 615 1265 τάς
640 1194 670 1255 ἑν
688 1194 842 1280 ούρανῷ.
825 1229 842 1255 ι.
822 1189 924 1266 άσας
942 1188 1116 1267 εὐπαθείας
1133 1182 1268 1256 οὐδὲν
1237 1215 1288 1256 ουν
1306 1190 1541 1320 θαυμαστὸν
1503 1218 1561 1270 τας
1578 1197 1613 1259 ἐκ
1636 1204 1699 1258 τῶν

150 1299 292 1386 ὑπὀγῆς
259 1287 491 1385 ῆδικαστημ
481 1321 532 1361 ιων
546 1295 573 1382 ²)
602 1297 656 1362 καί
679 1299 750 1376 τοὺς
775 1290 954 1390 διηγεῖσθαι
977 1297 1048 1375 τοὺς
1068 1299 1240 1389 ἔμπροσθεν
1253 1303 1337 1391 ,ἀφ
1362 1295 1403 1365 ὧν
1431 1300 1699 1393 ὀρμηθεῖσαιν
1638 1301 1699 1375 τὴν

150 1431 206 1496 περ
210 1398 327 1470 ίοδον’
316 1408 435 1478 εκείνην
461 1407 647 1480 ἀνέπλησαν
673 1406 804 1484 Ἀληθές
828 1399 892 1473 δὲ
885 1431 939 1472 και
954 1431 992 1472 το
1010 1419 1115 1484 τοῖς.
1094 1431 1239 1496 τνευματ
1227 1420 1318 1485 ,ικοῖς
1343 1412 1445 1474 αὐτῶν
1469 1433 1509 1474 πε
1513 1402 1700 1499 ριύλήμασιν

151 1512 352 1604 ἐκφαίνεσθαι
374 1512 445 1591 τοὺς
468 1539 583 1592 τυποι,
601 1540 653 1579 και
671 1514 727 1591 τάς
744 1515 862 1605 μορφα,
850 1511 927 1580 έτι
944 1539 1007 1580 των
1024 1515 1180 1606 πρότερων
1208 1517 1293 1602 βίων·
1318 1521 1345 1582 εἰ
1369 1515 1456 1606 μέν
1442 1515 1497 1582 αν
1501 1514 1602 1608 ρώπου
1628 1509 1701 1584 είδει

97 1640 122 1678 ¹⁰
151 1614 370 1705 έθεύιώκεσαν,
396 1615 639 1716 ἀνθρωποειδεῖς·
665 1629 692 1689 εἰ
716 1615 802 1688 δὲέν
828 1621 952 1715 αλογων
966 1620 1003 1706 ³)

152 1841 175 1906 f.
203 1841 283 1907 180:
301 1840 426 1916 ἐκείνοις
446 1841 704 1929 [παραπλησίους,
729 1843 788 1930 οὐχ
804 1845 844 1916 ὡς
861 1831 1063 1930 ἑνδυομένων]
1082 1849 1145 1904 τῶν
1162 1837 1269 1930 ψυχῶν
1286 1838 1328 1906 τά
1345 1838 1479 1931 σώματα
1499 1842 1564 1927 [καί
1586 1866 1704 1908 τυπου-

153 1946 251 2036 μένων
268 1952 320 2012 ύπ’
338 1950 455 2034 αύ]τῶν
474 1954 514 2024 εἰς
532 1947 591 2022 τὴν
608 1948 742 2014 ἑκάστου
761 1950 889 2040 μορφήν·
909 1950 978 2015 ἀλλ’
996 1956 1036 2026 ὡς
1053 1941 1104 2014 διά
1120 1948 1180 2020 τὴν
1197 1959 1251 2016 τοῦ
1275 1949 1371 2040 λύγου
1395 1944 1567 2040 προθολνίν,
1587 1952 1641 2018 καί
1664 1953 1702 2018 τὸ

152 2066 274 2147 πνεῦμα
297 2057 335 2121 τὸ
359 2061 479 2122 ἑαυτῶν
503 2068 666 2123 τυπουσῶν
691 2064 732 2134 εἰς
756 2058 815 2131 τὴν
834 2059 944 2149 ὅμοιαν
962 2070 1027 2135 τοῖς
1045 2053 1134 2144 ζῴοις
1159 2061 1379 2150 σκιαγραφίαν.
1403 2059 1464 2124 Καί
1486 2057 1547 2150 γάρ
1572 2065 1604 2125 αἰ
1627 2083 1703 2149 φαν-

153 2167 260 2228 τασίαι
282 2168 426 2242 ποικίλας
442 2167 513 2257 περί
528 2168 565 2233 τὸ
582 2177 706 2257 πνεῦμα
721 2169 915 2258 παρέχονται
931 2179 1026 2233 τοῦτο
1050 2167 1169 2259 μορφάς
1195 2161 1501 2258 συνεξαλλατόμενον
1518 2172 1626 2246 αὐταῖς
1650 2169 1704 2234 καί

100 2285 125 2323 ¹⁵
154 2265 435 2366 συνδιατιθέμενον·
454 2274 494 2340 Ἢ
509 2287 574 2353 πῶς
592 2276 720 2366 οἰόμεθα
736 2277 837 2343 καὶέν
854 2288 919 2354 τοῖς
936 2277 1096 2368 φάσμασιν
1112 2276 1266 2352 πολλάκις
1283 2281 1314 2342 έν
1332 2277 1430 2367 ὀλίγῳ
1446 2277 1558 2367 χρόνον
1576 2267 1706 2352 διαστή-

154 2405 233 2472 ματι
256 2383 293 2448 τὸ
318 2384 396 2449 αὐτὸ
414 2383 575 2474 φαίνεσθαι
598 2385 809 2476 πολύμορφον,
832 2386 888 2450 καὶ
911 2386 1012 2477 φωνάς
1036 2385 1206 2474 ἐκπέμπειν
1230 2386 1344 2462 οἰκείας
1368 2396 1434 2463 τοῖς
1455 2386 1615 2476 σχήμασιν
1638 2396 1704 2464 τοῖς

153 2486 414 2582 φανταζομένοις;
438 2493 458 2566 ἢ
476 2493 609 2571 ὑπὸτῆς
627 2496 799 2584 φαντασίας
817 2489 1179 2584 μετασχηματιζόμενον
1196 2494 1329 2560 ἕκαστον
1345 2492 1400 2557 καί
1416 2503 1481 2569 τοῖς
1499 2491 1703 2583 μορφώμασιν

154 2603 272 2676 οἰκείως
297 2601 587 2692 συμφθεγγόμενονς
612 2593 700 2668 ούδέν
724 2597 775 2668 οὖν
800 2603 927 2678 ἀπεικὸς
952 2593 1105 2676 δήπουθέν
1129 2606 1214 2667 ἐστιν
1245 2601 1386 2668 καὶτῶν
1410 2595 1516 2690 ψυχῶν
1546 2599 1589 2666 τά
1612 2600 1705 2668 ύλικά

154 2703 380 2801 περιύλιίματα
404 2704 513 2789 σώζειν
537 2712 592 2777 τὸν
616 2711 714 2777 τύπον
738 2722 793 2776 τοῦ
818 2709 989 2802 ἔμπροσθεν
1008 2712 1076 2794 βίου
1094 2709 1147 2776 καί
1163 2708 1247 2776 κατά
1264 2719 1387 2794 τοῦτον,
1405 2707 1468 2776 οἷον
1492 2715 1706 2802 ἐσκιαγραφη-

101 2839 127 2878 ιο
155 2819 247 2911 μένον
270 2822 301 2885 ἑν
328 2823 442 2896 αὺτοῖς,
466 2828 511 2902 τῷ
537 2818 681 2910 θεωμένῳ
705 2810 821 2892 δηλοῦν
839 2818 889 2908 ἀφ’
907 2821 979 2884 σίων
995 2819 1109 2890 ἥκουσι
1128 2811 1226 2900 ζώων,
1251 2818 1358 2908 μέχρις
1382 2817 1418 2884 ἄν
1443 2818 1541 2883 ἄλλου
1564 2810 1703 2909 προθολιλ

154 2930 251 3022 λόγου
275 2938 386 2994 τοῦτον
411 2927 466 3019 μὲν
490 2929 636 3018 ἀφανίσῃ,
660 2929 715 2994 τθν
734 2918 767 2993 δέ
782 2927 985 3018 προσήκοντα
997 2925 1024 3012 ⁴)
1048 2937 1089 3012 τῇ
1108 2936 1164 2992 τοῦ
1188 2926 1342 3018 παρύντος
1365 2916 1495 3015 δυνάμει
1519 2926 1572 2991 καί
1595 2949 1707 3016 προκε·

155 3037 350 3130 χειρισμένου
375 3035 673 3128 συμμεταμορφώσῃ
700 3035 781 3128 μετά
804 3047 860 3102 τοῦ
883 3036 937 3101 καὶ
959 3037 997 3102 τθ
1020 3045 1081 3101 πᾶν
1105 3040 1147 3112 εἰς
1171 3034 1230 3108 τὴν
1248 3035 1366 3100 ἐκείνου
1386 3025 1521 3100 διάθεσιν
1546 3046 1705 3126 συνεργεῖν

156 3147 210 3211 καί
223 3145 394 3236 φυλάττειν
408 3146 463 3210 τθν
477 3147 638 3238 πρότερον,
650 3147 704 3210 καί
716 3157 833 3211 τυποῦν
846 3145 900 3211 τὸν
919 3136 1072 3236 δεύτερον,
1085 3143 1170 3210 κατά
1186 3142 1246 3218 την
1263 3145 1379 3209 οἰκείαν
1395 3143 1543 3232 ἑκάτερον
1557 3136 1706 3233 περίοδον.

156 3262 257 3321 Τοῦτο
281 3255 336 3345 μέν
360 3257 463 3321 τοίνυν
488 3255 603 3320 οὑτωσί
626 3255 776 3345 φήσομεν,
793 3253 847 3319 καί
863 3264 908 3338 τῷ
926 3255 1052 3346 ἀγγέλῳ
1069 3247 1162 3320 τοῦδε
1178 3263 1234 3320 τοῦ
1252 3252 1350 3344 μίνθου
1374 3249 1518 3343 γενέσθαι
1540 3250 1706 3344 γνώριμον,

101 3373 129 3412 ²⁵
157 3357 190 3442 ἐξ
214 3365 286 3429 οἵων
306 3364 418 3437 ἥκουσι
440 3357 528 3441 ζώων
552 3367 584 3426 αἱ
608 3358 706 3451 ψυχαί
728 3365 876 3452 λογικῶν,
901 3363 1036 3452 ἀλόγων,
1061 3367 1102 3440 εἰς
1123 3361 1183 3434 τὴν
1207 3361 1362 3451 ἑπομένην
1386 3361 1514 3451 γένεσιν.
1541 3401 1582 3410 -
1607 3367 1705 3451 Τριῶν

158 3461 191 3536 δέ
213 3477 288 3558 ἡμῖν
314 3461 517 3562 δεδειγμένων
541 3473 572 3535 έν
596 3469 730 3552 τούτοις,
754 3471 819 3546 ένθς
844 3469 899 3559 μὲν
923 3471 973 3534 ὅτι
990 3466 1097 3559 ψυχῶν
1118 3470 1177 3536 εἰσί
1199 3474 1335 3560 λογικῶν
1352 3473 1385 3533 αἰ
1409 3461 1586 3557 μεταθολαί
1607 3478 1706 3534 πᾶσαι

158 3581 269 3674 μένων,
293 3580 312 3654 ἢ
340 3580 391 3646 ἀπ’
417 3579 585 3670 ἀνθρώπων
610 3584 650 3655 εἰς
675 3578 777 3671 ἄλογα
795 3578 1013 3670 μετιουσῶν,ἢ
1032 3577 1199 3663 ἀνάπαλιν,
1216 3576 1236 3650 ἄ,
1255 3581 1310 3642 ἀπ’
1335 3577 1467 3669 ἀρρένων
1491 3583 1532 3653 εἰς
1557 3575 1706 3662 θήλεαί),

157 3800 180 3866 f.
208 3802 271 3867 180
295 3821 343 3866 ν.;
372 3796 402 3883 [ἢ
429 3796 595 3874 ἀνάπαλιν,
620 3795 639 3870 ἢ
665 3795 717 3862 ἀπ’
743 3797 867 3886 ἀλέγων
893 3801 934 3872 εἰς
959 3795 1072 3885 ἄλογα·
1100 3833 1138 3843 -
1165 3785 1311 3882 δευτέρου
1336 3784 1379 3875 δὲ,
1405 3793 1455 3858 ὅτι
1483 3797 1515 3856 αἰ
1539 3795 1580 3867 εἰς
1604 3790 1707 3884 ἄλογα

158 3907 355 3997 μετοικήσεις
379 3909 453 3992 τῶν]
480 3907 542 3971 ἀπὸ
565 3917 623 3998 γῆς
651 3908 738 3990 [εἰσιν
755 3902 872 3996 ψυχῶν,
890 3903 960 3970 ἀλλ’
978 3907 1012 3970 ού
1029 3905 1104 3989 τῶν]
1124 3907 1159 3968 ἐκ
1182 3912 1237 3968 τοῦ
1262 3904 1388 3993 ούρανοῦ
1412 3899 1637 3992 προελθουσῶν·
1664 3938 1705 3950 -

103 4041 130 4078 ιο
158 4018 265 4109 τρίτου
298 4007 348 4098 δέ,
372 4011 494 4103 ὁπῶςθ)
526 4007 686 4104 ἐγνώριζεν
718 4018 734 4078 6
765 4014 885 4079 τούτων
918 4012 1053 4105 ἄγγελος
1076 4021 1140 4077 τῶν
1165 4010 1332 4101 θεαμάτων
1363 4008 1421 4088 τάς
1445 4004 1477 4089 ἐξ
1510 4009 1707 4100 ἀνθρωπίνων

159 4128 234 4210 βίων
265 4122 285 4196 ἢ
311 4117 344 4203 ἐξ
367 4123 491 4215 ἀλόγων
523 4122 709 4214 ὡρμημένας
723 4122 759 4212 ⁷),
783 4123 837 4188 καί
861 4114 1066 4215 δεδειγμένων
1090 4120 1217 4187 πάντων
1242 4123 1298 4186 οὐκ
1322 4117 1478 4195 ἀπιθάνως
1504 4119 1612 4183 ἕπεται
1636 4116 1708 4204 τρία

160 4231 240 4321 μετά
263 4243 367 4297 ταῦτα
390 4242 527 4324 συγγενῆ
553 4230 675 4308 τούτοις
700 4224 927 4321 διασκέψασθαι
950 4223 1165 4324 προθλήματα
1189 4229 1243 4296 καί
1265 4229 1308 4296 τά
1336 4221 1489 4295 δοκοῦντα
1511 4226 1581 4316 περὶ
1605 4230 1707 4292 αὐτῶν

159 4343 265 4404 εἰπεῖν·
284 4379 324 4388 -
342 4334 383 4404 ὧν
400 4338 430 4404 έν
448 4340 503 4472 μέγ
520 4343 614 4418 έστιν,
632 4345 659 4406 εἰ
675 4349 777 4404 πᾶσαν
795 4337 898 4429 ψυχὴν
916 4345 959 4416 εἰς
975 4339 1094 4431 γένεσιν
1111 4349 1281 4403 κατιοῦσαν
1300 4343 1341 4414 εἰς
1358 4335 1462 4428 ἄλογα
1477 4329 1543 4414 ζῶα
1566 4331 1708 4398 κατιέναι

160 4440 344 4526 δυνατὸν,”
326 4474 346 4523 η
372 4453 439 4516 έστι
462 4451 549 4543 γένος
574 4446 681 4540 ψυχῶν
704 4461 763 4527 τῆς
786 4448 937 4526 τοιαύτης
954 4441 1086 4515 ἄδεκτον
1104 4445 1326 4524 ἀποπτώσεως·
1344 4485 1384 4496 -
1402 4445 1505 4535 ἕτερον
1529 4435 1573 4525 δὲ,
1598 4446 1707 4508 εἰπάν

106 4575 132 4611 ³⁵
161 4555 275 4649 ἄλογον
296 4550 374 4640 ζῷον
391 4559 455 4648 ἔχει
472 4555 603 4648 ψυχὴν
592 4567 770 4647 εφεστῶσαν
786 4555 995 4648 λογικηνω
936 4550 995 4635 ἔξω
998 4555 1060 4640 θεν,
1077 4556 1131 4621 καί
1147 4559 1203 4621 οὐκ
1219 4554 1322 4631 ἄλλως
1339 4549 1520 4642 ψυχοῦσθαι,
1538 4549 1710 4614 καὶταῦτα

162 4657 293 4731 δυνατὸν
317 4665 337 4739 ἢ
362 4659 415 4732 διά
438 4665 540 4758 ψυχῆς
563 4673 706 4760 λογικῆς,
724 4659 1167 4757 δυναμούσηςτλνέναύτοῒς
1192 4663 1296 4755 ψυχὴν
1320 4669 1516 4730 ἑνοῦσαν-
1532 4683 1570 4748 τρ
1574 4645 1707 4730 ίτονδέ,

162 4781 189 4842 εἰ
213 4766 265 4840 διά
287 4775 414 4842 πάντων
439 4776 563 4866 ἀλόγων
587 4770 674 4857 ζώων
698 4781 718 4849 ἡ
743 4774 822 4840 κάθο
824 4767 908 4852 δύς’
899 4799 968 4842 εστι
983 4784 1047 4840 τῶν
1063 4779 1199 4867 λογικῶν
1216 4770 1322 4863 ψυχῶν
1347 4767 1431 4835 κατά
1454 4767 1514 4839 τὴν
1538 4683 1709 4840 ἰίλάτωνος

199 4975 221 5048 ¹)
234 4972 277 5031 ef.
292 4989 383 5047 supra
395 4991 422 5047 p.
435 4972 775 5048 33.!Adn0tavitMaius:
789 4971 907 5038 «Quem
994 4970 1018 5042 ἰ)
1036 4969 1076 5026 Μ.
1096 4987 1154 5026 om.
1173 4970 1405 5038 caeteramque
1424 4962 1464 5021 ειί
1482 4965 1530 5016 τῶν
1551 4961 1644 5032 ψυχῶν.

160 5065 246 5122 Ῑοοιιε
265 5062 338 5119 οἰίεί
355 5061 423 5118 heic
440 5062 572 5134 Procius,
593 5079 661 5120 eum
685 5079 741 5120 nos
760 5060 907 5119 edidimus
993 5063 1017 5135 ⁴)
1035 5054 1195 5116 Holstenio
1207 5053 1342 5112 succedit
1354 5051 1486 5110 Αἰίιιεὶπε
1503 5069 1523 5108 ε
1534 5050 1555 5107 f.
1569 5049 1622 5106 116
1634 5066 1664 5106 ν.

163 5155 205 5213 Ol.
224 5155 309 5212 Auci.
329 5158 428 5226 t.1p.
447 5153 599 5208 866·368».
994 5152 1017 5223 ⁵)
1036 5147 1075 5204 M.
1094 5163 1151 5203 om.
1170 5143 1267 5200 muita
1284 5159 1380 5216 usque
1399 5141 1438 5198 ad
1456 5144 1483 5196 ἰκ
1504 5145 1545 5195 τοῦ
1563 5139 1671 5212 οιίριινοῦ.

197 5243 221 5316 ²)
238 5242 276 5298 H.
296 5242 317 5299 f.
337 5242 398 5298 116.
417 5240 487 5299 Ood.
506 5241 543 5297 H.
562 5241 602 5297 M.
616 5240 643 5295 ίιι
663 5245 706 5302 τίς
726 5243 773 5296 ἀπὸ
792 5245 846 5316 γῆς.
866 5240 906 5296 Μ.
994 5241 1018 5311 ⁶)
1036 5240 1072 5292 A.
1091 5239 1130 5290 ὅτι
1149 5237 1190 5296 ὣς.

162 5336 349 5406 δικαιωτηρίων.
994 5331 1019 5404 7)
1037 5327 1073 5383 Α.
1093 5325 1245 5398 ὅρμημίνιις.

304 5459 401 5517 Am.
419 5473 448 5531 ν,
466 5457 492 5513 9.
