4006 6074
908 527 1042 604 Aueiae

482 701 582 788 Inque
603 701 710 770 locum
733 700 835 768 vetuli
856 700 1004 767 iuventus
1027 702 1174 770 succedat
1198 708 1230 770 et
1254 704 1349 771 edeit.

482 811 625 889 Quorum
648 831 720 876 rore
743 807 806 876 leri
829 807 1005 875 redduntur
1027 831 1162 895 corpora
1185 833 1268 896 pura

484 918 639 984 Fluminis
662 920 720 983 aut
742 915 850 998 fontis,
873 916 960 983 acuti
983 921 1016 982 et
1038 916 1159 984 lamina
1182 917 1260 984 ierri

484 1025 668 1094 Caesaream
683 1021 710 1110 ¹)
734 1047 851 1106 comae,
875 1025 902 1091 si
925 1025 1021 1092 erinis
1043 1025 1177 1092 eordivit
1199 1027 1329 1114 ingens:

417 1131 459 1176 ¹⁶⁵
482 1133 672 1201 Indumenta
694 1131 809 1200 dehine
831 1132 936 1198 studio
959 1155 1098 1218 curaque
1121 1133 1281 1216 lavantur,

483 1241 660 1327 Nequando
683 1240 834 1308 oecultim
855 1239 1018 1307 maculent
1040 1243 1190 1327 contagia
1213 1265 1339 1328 eorpus.

527 1349 616 1416 Haec
638 1353 723 1415 inter
745 1346 784 1413 de
806 1347 901 1432 plebe
924 1347 984 1414 viri
1007 1370 1087 1433 qnos
1110 1351 1251 1417 criminis
1274 1356 1367 1417 atrox

484 1457 568 1525 Oura
589 1457 792 1543 sequebatur,
816 1455 1021 1522 unimodum
1044 1461 1128 1524 teste
1152 1455 1305 1540 fatentur,

485 1566 628 1634 Exorant
650 1587 825 1651 procerem,
849 1565 876 1632 si
898 1586 1027 1650 poeeene
1050 1565 1169 1651 paeehn
1191 1571 1352 1635 sacratum

484 1675 643 1743 Coneuetu
666 1674 826 1742 celebrare
850 1673 919 1742 die:
943 1697 1022 1760 quos
1045 1674 1101 1742 ille
1124 1698 1296 1763 parumper

483 1781 637 1868 Sustinet,
662 1806 698 1852 ae
721 1783 851 1851 Domini
873 1784 1027 1850 subnixus
1050 1785 1135 1852 insea
1157 1791 1317 1870 precatur,

486 1890 738 1978 Mandatumque
762 1890 861 1958 refert
884 1893 968 1977 qnod
990 1892 1114 1960 eunetis
1136 1894 1267 1960 erimine
1290 1895 1377 1962 iussa

482 2001 646 2086 Insignem
668 2023 795 2069 servare
818 2000 902 2067 diem
925 1999 1113 2086 uultumque
1136 2001 1268 2084 referre,

483 2109 585 2187 Quem
608 2131 683 2177 mox
705 2108 791 2176 laeta
814 2113 924 2176 monet
946 2109 1078 2176 decurso
1101 2111 1248 2177 eonvenit
1270 2134 1365 2178 ann0.

418 2211 460 2257 ¹²⁵
483 2216 530 2284 At
553 2239 629 2284 vero
651 2217 804 2284 innocuus
827 2216 940 2302 populi
963 2215 991 2282 ei
1014 2215 1096 2284 iente
1118 2222 1283 2300 retractet,

482 2325 552 2393 Nee
573 2326 686 2411 procul
709 2351 729 2394 a
749 2325 873 2412 templo
897 2327 1006 2392 teneat
1028 2327 1114 2394 hune
1136 2349 1214 2394 eura
1235 2327 1351 2409 viandi,

483 2431 609 2501 Crimen
632 2434 731 2502 hebet
754 2435 879 2516 urortie,
899 2433 951 2500 lex
974 2434 1123 2502 aethaeo
1146 2435 1294 2528 omnibns
1316 2459 1380 2503 una
1393 2432 1434 2520 ⁸).

417 1670 460 1710 110

241 2694 264 2772 ²)
282 2695 375 2755 codd.
393 2695 563 2759 Garumna
999 2716 1095 2773 neque
1114 2700 1153 2758 ad
1169 2718 1238 2775 pag.
1256 2701 1318 2773 249,
1338 2700 1444 2760 deinde
1463 2701 1615 2777 integrum
1633 2704 1749 2765 Deute-

237 2787 261 2860 ¹)
279 2788 420 2860 Sequitur
436 2790 468 2846 in
486 2790 645 2867 Spioilegio
663 2797 746 2852 tetus
761 2801 792 2852 et
804 2794 867 2853 fere
880 2812 947 2852 eon·
1000 2790 1126 2848 renomii
1144 2797 1272 2848 metrum
1292 2809 1355 2866 ap.
1374 2793 1428 2848 249
1447 2792 1486 2850 ad
1503 2793 1566 2850 258.

203 2877 307 2936 tinnus
325 2878 400 2936 liber
418 2879 616 2940 Numerorum
639 2900 658 2940 a
680 2901 748 2956 pag.
767 2881 822 2940 333
847 2901 876 2943 v.
894 2884 949 2940 310
