4022 6072
858 410 1123 488 Itinerasucru.
1708 423 1761 484 119

218 588 330 676 incipit
345 586 367 656 J
369 589 504 655 ordenis.
520 589 598 655 Inde
613 588 677 654 fuit
692 587 817 669 mulier,
834 609 931 672 quam
946 588 1102 654 Dominus
1118 587 1267 654 liberavit
1282 589 1320 654 de
1337 587 1425 654 fluxu
1442 589 1617 675 sanguinis.
1634 589 1761 658 Nomen

218 701 318 785 ipsius
333 698 478 764 mulieris
502 698 639 764 Marosa.
657 697 706 764 lbi
722 703 770 764 est
785 701 893 763 statua
911 697 1039 762 Domini
1061 695 1223 778 electrina,
1239 697 1272 762 in
1289 697 1420 764 ecelesia
1436 719 1532 782 quam
1548 697 1623 782 ipsa·
1633 698 1711 766 fecit
1724 694 1761 782 ¹).

218 807 269 872 Ibi
291 806 390 872 habet
413 811 510 889 caput
533 827 624 870 mous
648 804 801 870 Libanus.
1303 817 1305 821 ’

268 951 309 961 -
333 913 381 978 De
405 917 499 997 porta
522 912 662 996 Purgius
690 934 789 996 usque
819 912 852 978 in
884 917 1025 978 montem
1055 913 1202 995 Buzuna,
1226 912 1311 998 quod
1343 913 1575 998 interpretatur
1604 914 1760 1000 Lucerna,
1798 935 1799 940 ’

217 1021 286 1086 mil.
310 1020 381 1086 XV.
406 1020 456 1084 lbi
480 1001 636 1105 pugnaiit
659 1019 762 1084 David
786 1042 857 1085 cum
882 1019 1022 1086 Goliath.

265 1129 311 1194 De
334 1127 465 1194 Buzana
487 1148 588 1211 usque
611 1123 847 1211 Eleotopori²),
872 1126 928 1192 mil
951 1125 1023 1192 XV.

263 1236 312 1302 De
335 1235 524 1320 Eleotopori
546 1256 646 1319 usque
669 1233 834 1301 inlocum
857 1235 913 1300 ubi
932 1234 1020 1318 jacet
1043 1237 1171 1300 sanctus
1194 1234 1373 1316 Zacharias,
1398 1237 1465 1304 mil.
1489 1236 1548 1304 VI.

262 1343 311 1409 De
334 1343 404 1428 ipso
427 1343 498 1409 loco
521 1363 622 1427 usque
645 1341 802 1408 Ascalone
825 1347 859 1408 et
881 1364 980 1428 usque
1004 1341 1133 1424 Gazam,
1157 1335 1225 1408 mil.
1249 1342 1322 1408 XII.

263 1447 353 1516 Inter
376 1448 569 1516 Ascalouam
592 1451 624 1514 et
648 1447 768 1514 Gazam
794 1448 890 1531 [sunt]
917 1449 1063 1515 civitates
1086 1449 1176 1530 duae,
1199 1451 1231 1516 id
1255 1453 1304 1515 est
1327 1449 1510 1520 Antionoda
1533 1457 1567 1520 et
1590 1451 1733 1520 Meroua.

263 1558 310 1623 De
334 1556 420 1623 Gaza
442 1578 543 1641 usque
565 1555 736 1641 Raphiam,
760 1557 827 1621 mil.
851 1555 987 1622 XXVII.

263 1665 310 1730 De
334 1664 493 1748 Raphiam
517 1686 618 1749 usque
642 1663 806 1745 Bethulia,
827 1664 883 1730 ubi
907 1663 1075 1730 Oloferuee
1097 1667 1243 1730 mortuus
1266 1669 1325 1747 est,
1350 1665 1417 1732 mil.
1441 1664 1516 1734 XII.

264 1811 304 1821 -
330 1773 378 1839 De
401 1771 603 1838 Hierusalem
627 1794 729 1857 usque
753 1771 872 1838 Sinoda
896 1772 953 1854 (ibi
974 1772 1039 1838 fuit
1061 1771 1159 1838 archa
1182 1772 1380 1840 Testamenti
1403 1774 1557 1856 Domini),
1580 1775 1649 1841 mil.
1670 1775 1761 1842 VIII.

263 1880 311 1945 De
335 1879 451 1946 Sinoda
473 1900 573 1962 usque
596 1879 629 1944 in
653 1878 803 1960 Amaum,
821 1879 876 1964 qui
893 1901 976 1945 nuuc
992 1877 1145 1964 Neapolis
1161 1879 1287 1960 dieitur,
1304 1880 1371 1946 mil.
1395 1880 1487 1946 VIII.
1510 1881 1549 1946 Iu
1571 1905 1635 1967 qua
1656 1883 1761 1948 Ameu

218 1992 347 2054 sauctus
371 1985 496 2052 Oleofaa
521 1987 672 2071 cognovit
695 1987 799 2053 Deum
822 1986 1034 2052 infractione
1057 1987 1160 2071 panis,
1182 1988 1228 2052 ibi
1253 1992 1285 2052 et
1308 1989 1498 2073 martyrium
1522 1989 1667 2074 pertulit.
1804 2047 1808 2056 .

263 2094 312 2160 De
336 2093 440 2159 Amau
456 2093 605 2177 usquein
622 2093 813 2178 Diospolim,
830 2093 898 2160 mil.
914 2089 988 2159 XII.
1005 2092 1056 2158 Ibi
1071 2097 1200 2160 sanctus
1216 2092 1391 2180 Gregorius
1404 2089 1431 2179 ⁸)
1454 2096 1679 2181 martyrizatus
1702 2099 1761 2162 eet.

218 2201 269 2267 Ibi
293 2207 326 2268 et
348 2224 464 2286 corpus
487 2202 565 2286 ejus,
590 2206 623 2267 et
646 2202 750 2266 multa
772 2200 932 2268 mirabilia
955 2201 1048 2266 fiunt.

264 2309 313 2375 De
336 2307 481 2393 Diospoli
503 2309 537 2372 iu
560 2307 678 2393 Jopeu,
701 2308 768 2374 mil.
792 2306 867 2374 XII.
890 2309 940 2374 lbi
964 2313 1091 2376 sauctus
1114 2308 1230 2375 Petrus
1253 2310 1419 2376 suscitavit
1435 2315 1578 2378 sanctam
1602 2309 1760 2376 Tabitam.

218 2417 268 2482 Ibi
292 2420 326 2482 et
348 2420 439 2484 cetus
458 2416 594 2500 jactavit
616 2438 650 2481 se
673 2416 758 2482 victo
780 2416 907 2483 Jonam.

263 2527 311 2592 De
333 2527 437 2611 Jopeu
461 2547 561 2610 usque
584 2524 624 2591 ad
640 2523 820 2590 Caesariam
835 2523 1043 2604 Palaestinae,
1059 2525 1126 2591 mil.
1142 2524 1244 2592 XXX.
1260 2525 1310 2590 Ibi
1324 2524 1507 2611 baptizatus
1522 2529 1571 2592 est
1594 2525 1759 2592 Cornelius

216 2639 368 2701 asaneto
392 2632 502 2712 Petro,
526 2635 558 2698 et
582 2633 808 2718 martyrizatus
831 2635 889 2698 est.

261 2742 309 2808 De
332 2741 481 2808 Caesarie
504 2762 606 2824 usque
629 2741 662 2806 in
685 2740 898 2822 Diocaesaria‚
921 2741 989 2808 mil.
1013 2741 1114 2808 XXX.
1137 2741 1215 2808 Inde
1237 2739 1299 2808 fuit
1322 2740 1432 2808 Simon
1455 2741 1581 2830 Magus.

260 2850 308 2916 De
331 2849 537 2916 Diocaesaria
560 2869 661 2932 usque
684 2847 834 2929 Nazaret,
859 2849 925 2914 mil.
949 2848 991 2916 V.
1666 2847 1670 2853 ’

261 2957 310 3024 De
333 2956 473 3024 Nazaret
496 2977 596 3040 usque
620 2955 773 3038 Thaburi,
797 2956 864 3023 mil.
890 2957 964 3041 VII,
987 2959 1043 3024 ubi
1058 2958 1214 3024 Dominus
1229 2961 1303 3043 post
1318 2959 1587 3026 resurrectionem
1611 2957 1762 3044 apparuit

217 3063 394 3150 Apostolis.

261 3206 304 3218 -—
329 3171 375 3236 De
400 3171 599 3238 Hierusalem
626 3169 747 3256 [usque]
773 3171 828 3237 ubi
852 3171 1021 3258 Philippus
1043 3174 1221 3258 baptizavit
1243 3173 1445 3256 Eunuchum,
1469 3173 1537 3240 mil.
1560 3173 1633 3240 XII.
1667 3239 1668 3244 ,

261 3280 338 3346 Inde
362 3302 462 3365 usque
487 3281 526 3346 ad
550 3279 781 3346 Terebinthum
806 3281 890 3364 quod
913 3281 1100 3365 appellatur
1121 3280 1186 3347 ilex
1208 3279 1366 3362 Mambre,
1391 3280 1458 3346 mil.
1481 3280 1524 3347 V.

261 3388 309 3452 De
333 3387 564 3453 Terebinthum
589 3408 688 3470 usque
718 3386 758 3452 ad
791 3385 983 3471 Speluncam
1014 3387 1173 3472 dupIIeem
1202 3388 1269 3470 (ibi
1292 3388 1496 3472 requiescunt
1526 3385 1761 3470 patriarchae),

217 3495 283 3560 mil.
307 3493 382 3560 VII.

260 3603 309 3668 De
331 3601 491 3687 Spelunca
507 3601 627 3686 duplici
643 3624 743 3687 usque
758 3603 798 3668 ad
813 3601 958 3683 Hebron,
976 3602 1042 3670 mil.
1059 3601 1101 3668 II.
1119 3601 1168 3667 Ibi
1185 3601 1344 3669 habitarit
1360 3607 1488 3669 sanetus
1504 3600 1607 3667 David
1623 3599 1687 3668 VII
1703 3622 1762 3666 an·

216 3730 283 3791 nos,
306 3709 433 3793 quaudo
456 3707 605 3794 fugiebat
629 3713 703 3775 ante
728 3708 815 3775 Saul.

260 3853 303 3864 -
326 3816 374 3882 De
399 3815 600 3882 Hierusalem
623 3817 655 3882 in
678 3816 850 3897 Rachama,
874 3816 929 3882 ubi
952 3815 1124 3900 requiescit
1147 3813 1288 3898 Samuel,
1311 3815 1380 3882 mil.
1404 3815 1445 3883 V.

259 3960 303 3972 -
326 3924 374 3989 De
397 3921 599 3990 Hierusalem
624 3921 667 4008 [iu
683 3921 827 4008 Hebron]
853 3923 907 3989 ubi
925 3922 1082 3988 habitavit
1097 3922 1253 4005 elizabet,
1271 3929 1373 3990 mater
1392 3924 1494 3992 saneti
1515 3920 1651 3991 Joannia
1674 3923 1763 4009 Bap-

217 4032 321 4114 tistae,
345 4030 412 4097 mil,
436 4029 477 4097 V.

260 4174 305 4186 —
327 4139 376 4205 De
398 4138 600 4205 Hierusalem
623 4161 723 4224 usque
746 4139 851 4222 Nabo,
874 4139 930 4204 ubi
954 4143 1049 4206 natus
1065 4137 1244 4208 Hieremias
1266 4141 1437 4226 propheta,
1452 4139 1507 4206 ubi
1524 4143 1558 4205 et
1576 4137 1758 4224 requiescit,

217 4247 283 4312 mil.
306 4246 364 4314 VI.

261 4391 303 4404 -
320 4355 367 4421 De
383 4353 586 4422 Hierusalem
601 4356 635 4421 iu
651 4355 851 4437 Bethaniam,
866 4356 933 4422 mil.
946 4354 987 4436 V,
1001 4356 1057 4422 ubi
1072 4355 1272 4422 resuscitavit
1290 4355 1444 4422 Dominus
1460 4353 1581 4421 Jhesus
1593 4351 1760 4418 Lazarum.

260 4462 369 4528 -De
392 4462 595 4530 Hierusalem
613 4485 713 4548 usque
729 4465 763 4528 in
778 4467 920 4530 montem
937 4461 1055 4528 Oliveti
1072 4463 1157 4548 quod
1172 4463 1335 4545 scribitur,
1351 4461 1454 4528 stadia
1468 4460 1532 4527 VII
1548 4458 1615 4525 mil.
1631 4458 1658 4524 1.
1681 4454 1761 4522 Inde

216 4569 371 4637 Dominus
395 4573 535 4638 aseendit
558 4573 593 4637 in
616 4570 731 4654 coelos,
756 4571 812 4639 ubi
835 4576 911 4637 suut
933 4571 1109 4638 fabricatae
1131 4569 1224 4637 XXV
1245 4571 1405 4638 ecclesiae.

259 4678 308 4744 De
332 4686 439 4745 moute
464 4679 582 4746 Oliveti
607 4681 757 4764 usquein
773 4681 878 4747 vieunr
896 4679 1086 4764 Ermipholi,
1103 4680 1158 4744 ubi
1181 4678 1331 4745 dormivit
1355 4675 1541 4743 Atimeleeh
1564 4674 1623 4740 sub
1646 4673 1761 4739 arbore

252 5047 274 5124 ¹)
294 5049 368 5107 (lam
387 5066 405 5106 a
423 5047 544 5107 Juliano
566 5055 704 5124 apostata
725 5053 827 5107 statua
846 5047 961 5106 dicatur
1014 5047 1099 5107 Alias
1112 5063 1219 5107 nomeu
1230 5047 1366 5106 mulieris
1378 5052 1425 5103 est
1436 5042 1589 5116 Berenice,
1601 5039 1760 5101 Veranius.

215 5139 374 5212 confracta,
395 5157 467 5199 eave
485 5158 523 5198 ue
542 5140 687 5212 Virgilius
707 5145 866 5198 censeatur
884 5139 959 5197 anti·
1050 5141 1075 5213 ¹)
1093 5139 1176 5196 Fert.
1195 5139 1421 5209 Eleutheropoli.

214 5230 308 5306 quior.
320 5229 426 5290 Potius
438 5250 476 5290 ex
489 5230 569 5289 fama
578 5231 720 5304 loquitur,
732 5249 822 5304 quam
833 5249 870 5288 ex
880 5230 958 5290 visu.
1048 5230 1072 5303 3)
1091 5229 1197 5286 Potius
1217 5234 1340 5287 sanctus
1360 5223 1530 5299 Georgius?
