3940 6072
617 555 804 650 Dionysius
831 546 1130 632 Halicarnasseus.

652 837 653 842 ’
698 839 1049 929 ἸῖπιγειρήματοιΙ

142 1055 379 1145 Ἐπιχειρητέον
405 1046 438 1120 θὲ
463 1056 569 1130 οὕτως·
596 1056 716 1120 Ἀκοόω
741 1047 774 1120 θέ
798 1057 852 1120 τόν
878 1055 1047 1146 Μαρσόιαν,
1066 1055 1149 1120 άλλθΙ
1167 1058 1220 1120 καί
1238 1060 1416 1132 Ναυτεῖλσν,Ι
1443 1057 1513 1121 άλλ’
1539 1049 1645 1130 ἐπειδὴ

94 1175 245 1257 γεωργῶν
270 1163 440 1254 ἑμνήσθην,
464 1165 531 1230 ἐπεὶ
555 1165 609 1228 καί
633 1163 842 1254 στρατιώτης·
867 1163 926 1252 ἄρα
950 1163 1004 1226 καί
1019 1169 1108 1251 ήμεῖς
1133 1175 1195 1228 τῶν
1221 1176 1278 1240 τῆς
1302 1155 1423 1240 Λυδῶν,
1450 1167 1502 1229 καί
1525 1162 1563 1239 ἦν
1588 1167 1646 1258 γάρ

94 1281 194 1349 αἰκῶς
218 1271 334 1338 πενθεῖν
360 1268 383 1338 ὧ
407 1280 497 1361 ήμεῖς
514 1276 612 1361 ἴσμεν·
629 1277 657 1337 οί
673 1265 707 1337 δέ
723 1275 858 1361 κρίνουσι
874 1271 934 1363 γάρ
952 1276 986 1336 οό
1003 1267 1104 1360 ψήφῳ,
1123 1271 1206 1336 ἀλλά
1223 1277 1297 1356 βοῆς
1312 1275 1388 1363 ἔφην
1413 1277 1446 1337 οὐ
1471 1273 1645 1364 γινώσκειν·

92 1384 245 1472 ἐπάνειμι
269 1374 303 1448 θὲ
327 1383 396 1448 ὅθεν
421 1377 548 1460 ἐξέθην·
573 1383 644 1472 φέρε
669 1374 706 1453 θή
733 1381 787 1445 καί
810 1388 909 1470 ἡμεῖς,
933 1384 981 1446 ίτε
1006 1375 1057 1466 δή,
1080 1375 1103 1446 ὦ
1128 1381 1253 1469 φιλότα,
1279 1381 1340 1471 ἄγη
1376 1373 1427 1464 θή,
1451 1374 1476 1446 ὦ
1499 1374 1645 1472 γεννάδα·

93 1492 162 1582 ἐγὼ
184 1492 238 1579 μὲν
259 1493 352 1582 λέγω,
370 1495 386 1556 ὁ
404 1483 437 1556 θέ
454 1491 550 1556 θέλων
567 1490 729 1567 πειθέσθω,
748 1493 818 1556 οὔτε
834 1489 990 1580 πείθομαι,
1008 1491 1079 1554 οὔτε
1097 1494 1245 1557 άπειστῶ.
1264 1495 1299 1552 Εἰ
1316 1482 1349 1555 δέ
1374 1482 1492 1579 θαίμων
1511 1489 1643 1566 Σκύθαις

93 1601 247 1690 χαιρέτω,
270 1601 475 1687 ἐπιστάμενος
500 1605 534 1664 οὐ
557 1599 640 1690 λέγω
665 1601 812 1687 τοῦνομα.
832 1637 873 1648 —-
890 1597 938 1663 Τά
955 1598 1014 1690 γάρ
1031 1610 1163 1662 τοιαῦτα
1180 1601 1411 1689 ἐπιχειρήματα
1436 1599 1552 1688 τερπνά
1571 1603 1644 1689 φαί-

94 1731 187 1771 νεται
212 1707 371 1796 ἀνειμένου
395 1708 448 1771 καὶ
471 1699 580 1797 ίαμόοι
602 1707 657 1772 καί
680 1709 793 1796 στίχοι·
810 1714 829 1780 ἡ
849 1708 903 1796 μέν
921 1699 1049 1796 μέθοθος
1067 1708 1159 1783 αὕτη,
1177 1710 1213 1772 τό
1232 1699 1265 1772 δέ
1281 1707 1450 1798 κατορθοῦν
1475 1711 1642 1797 άνείμενον,

94 1815 215 1904 φόσεως
229 1806 408 1891 ἐπιτηδείας
421 1815 475 1882 καί
491 1806 628 1890 σπουδῆς
646 1815 853 1906 ἑπαγρόπνου,
868 1815 920 1878 καί
937 1813 1050 1880 ἄνωθεν
1068 1807 1191 1905 δωρεᾶς·
1208 1817 1278 1881 οὔτε
1295 1817 1354 1906 γάρ
1368 1824 1387 1889 ή
1403 1818 1487 1908 φόσις
1507 1819 1642 1906 ἰσχυρόν,

96 1925 141 2013 μή
168 1935 231 1989 τῶν
256 1923 469 2014 Δημοσθένους
493 1920 607 2004 ὄζουσα
631 1916 841 2014 θρυαλλίδων,
866 1926 938 1989 οὕτε
962 1916 1080 1994 σπουδὴ
1107 1926 1143 1988 τό
1168 1927 1257 1989 ὅλον·
1282 1929 1316 1990 οὺ
1341 1925 1401 2015 γάρ
1424 1926 1547 1999 ποιήσει
1571 1925 1642 2000 τοὺς

95 2033 228 2123 νωθροὺς
252 2035 355 2124 λόγων
379 2034 514 2124 εὑρετάς,
539 2034 631 2123 φησίν
657 2035 864 2124 Ἰσωκράτης,
889 2037 960 2098 οὔτε
993 2025 1030 2097 δι’
1056 2038 1170 2122 ἀμφοῖν
1195 2040 1213 2107 ή
1240 2037 1345 2124 χάρις,
1371 2039 1396 2098 εἰ
1422 2034 1464 2122 μή
1491 2058 1538 2109 τις
1562 2035 1640 2098 εἴποι

96 2141 165 2205 καθ’
187 2141 338 2232 Ὅμηρον·
364 2141 417 2206 σὺν
441 2142 501 2234 γάρ
526 2142 584 2208 θεῶ
607 2143 834 2232 εἰληλοόθαμεν
850 2140 882 2226 ¹).
1610 2153 1612 2160 '

775 2395 895 2410 .....-....
917 2399 929 2404 ..
945 2399 959 2404 -
975 2397 1004 2404 ..

361 2673 728 2778 DIONYSIUS
765 2679 1376 2780 HALIOARNASSEUS

354 2877 357 2884 ’
450 2887 503 2954 ἰἰι
526 2891 655 2958 scholiis
677 2891 721 2958 ad
744 2891 975 2975 Εμίιαεείίοιισε
998 2893 1213 2960 Γιιισίιίνὶιίίοιι
1230 2890 1265 2974 ²).

814 3108 919 3116 uuo——

622 3331 666 3390 -2-
690 3317 771 3380 Πότε
795 3316 850 3404 μέν
874 3317 1046 3390 ποιητικόν,
1073 3330 1116 3392 -ζ-

139 3537 178 3598 Οί
202 3533 256 3622 μέν
281 3531 446 3606 ποιητικόν
471 3525 656 3624 ἐξηγοῦνται
676 3533 731 3597 τόν
748 3535 956 3623 πεποιημένον
974 3534 1026 3598 καὶ
1043 3525 1283 3624 έπιτηθευμένον
1300 3535 1405 3627 λόγον·
1421 3536 1494 3626 πρὸς
1512 3536 1549 3600 τό
1572 3543 1644 3601 τοι-”

96 3633 186 3706 οόσθε
210 3641 281 3716 τοὺς
306 3640 475 3718 ἀκούοντας
500 3653 711 3724 καταστῆσαι,
737 3644 770 3706 σὺ
787 3645 951 3715 ποιητικόν
970 3634 1013 3727 δέ,
1030 3643 1084 3708 τόν
1106 3632 1345 3730 ἐπιτηθευμένον
1372 3644 1436 3731 μὲν,
1462 3643 1504 3732 μή
1532 3644 1637 3734 μέντοι

96 3740 256 3816 δοκοῦντα.
281 3749 431 3838 ’Ἄμεινον
456 3739 489 3814 θέ
506 3759 550 3832 τῷ
568 3750 795 3839 Ἀλικαρνασσῇ
815 3754 961 3835 Διονυσίῳ
977 3753 1148 3840 ἑπομένοις,
1164 3753 1328 3824 ποιητικόν
1346 3753 1401 3842 μέν
1425 3753 1526 3843 λόγονΙ
1544 3753 1637 3841 φάναι

95 3858 149 3920 τ’σν
173 3867 305 3947 τροπικῇ
332 3881 368 3920 τε
386 3857 438 3920 καί
456 3869 647 3948 μεταφορικῇ
666 3859 720 3923 καί
737 3850 963 3948 θιθυραμόώθει
980 3857 1117 3944 συνθηκῇ
1137 3859 1379 3949 συντεθειμένου,
1403 3863 1495 3924 ὁποία
1518 3866 1537 3934 ή
1564 3868 1637 3950 Γορ-

95 3967 161 4053 γίου
185 3976 240 4030 τοῦ
266 3966 393 4056 ῥήτορος
411 3965 529 4056 φράσις.
547 3971 674 4056 Πρῶτον
698 3965 759 4057 γάρ
776 3971 899 4042 ἐκεῖνος,
917 3969 956 4042 ώς
974 3990 1064 4056 φησιν
1083 3972 1098 4030 ό
1116 3968 1269 4044 Διονύσιος
1287 3973 1317 4034 ἐν
1334 3969 1371 4032 τό
1388 3971 1462 4055 Περὶ
1478 3971 1636 4058 μιμήσεως

95 4074 301 4163 χαρακτήρων
325 4073 380 4138 καί
403 4073 570 4151 συνθέσεως
595 4073 775 4163 όνομάτων,
796 4075 852 4146 τήν
868 4074 1036 4146 ποιητικήν
1055 4075 1106 4138 καὶ
1132 4067 1377 4166 [θήθυραμθώθη
1394 4073 1477 4155 λέξιν
1502 4083 1541 4153 εἰς
1566 4077 1637 4154 τοὺς

94 4180 273 4256 πολιτικοὺς
297 4182 457 4271 εἰσήνεγκε
481 4181 603 4272 λόγους,
628 4189 667 4258 ώς
691 4185 856 4256 ποιητικόν
882 4175 915 4248 δέ
937 4185 1040 4273 λόγον.
1067 4185 1126 4248 Καὶ
1157 4184 1216 4274 γάρ
1242 4187 1322 4250 οὕτω
1354 4186 1432 4260 τινές
1456 4186 1635 4276 γράφουσιν,

97 4291 166 4350 ἀλλ’
192 4291 226 4352 οὐ
250 4289 415 4361 ποιητικόν
439 4289 493 4354 τόν
511 4288 673 4380 εὐρυθμίας
692 4291 746 4380 μὲν
764 4292 817 4355 καὶ
835 4293 980 4380 ἁρμονίας
998 4295 1120 4378 ὁμαλῆς
1138 4292 1363 4381 μετειληφότα,
1388 4291 1472 4356 κατὰ
1496 4283 1635 4381 περίοδον

95 4395 146 4458 καί
169 4399 270 4460 κῶλον
288 4401 328 4472 είς
345 4390 608 4487 ἀπηκριθωμένην
626 4397 772 4464 σύνθεσιν·
790 4399 849 4469 τήν
868 4391 900 4463 δέ
917 4423 953 4488 γε
971 4390 1191 4488 θιθυραμθώθη
1211 4399 1264 4463 καί
1285 4399 1453 4472 ποιητικήν
1478 4399 1635 4474 συνθήκην

94 4504 209 4568 ἥκιστα
234 4499 435 4582 ζηλώσαντα·
460 4501 508 4571 οἷα
533 4507 578 4581 τίς
603 4511 687 4572 ἐστιν
711 4513 730 4580 ή
757 4517 812 4571 τοῦ
838 4506 1031 4596 Ἰσοκράτους
1056 4507 1174 4596 φράσις,
1198 4507 1267 4596 περὶ
1291 4501 1326 4582 ἧς
1351 4507 1404 4570 καί
1427 4505 1579 4581 Διονύσιος
1603 4510 1634 4569 έν

94 4621 137 4694 τῷ
160 4611 274 4702 πρώτῳ
293 4624 350 4688 τῆς
369 4615 554 4703 [Μιμήσεως]
581 4616 800 4705 χαρακτήρων,
826 4607 883 4680 ὡθί
898 4639 962 4690 πως
978 4615 1075 4704 λέγει·
1092 4629 1136 4689 -ζ-
1152 4621 1220 4679 Τῶν
1238 4641 1273 4680 τε
1294 4614 1353 4704 γάρ
1379 4615 1562 4704 φωνηέντων
1578 4612 1634 4688 τάς

95 4723 312 4809 παραλλήλους
339 4719 444 4796 θέσεις,
470 4727 508 4798 ὡς
533 4721 577 4810 μή
603 4723 735 4799 λυοόσας
759 4723 818 4794 τήν
843 4725 991 4812 ἁρμονίαν
1020 4732 1081 4785 τῶν
1111 4723 1198 4812 ήχων
1227 4722 1280 4786 καί
1306 4722 1366 4792 τήν
1394 4722 1546 4793 λειότητα
1570 4731 1633 4785 τῶν

95 4826 236 4916 φθόγγων
264 4829 492 4918 λυμαινομένας
517 4831 700 4919 ἐκτρέπεται
724 4822 854 4920 περιόθῳ
879 4855 915 4895 τε
942 4831 995 4894 καί
1023 4831 1128 4914 αόκλῳ
1156 4825 1402 4920 περιλαμόάνειν.
1421 4829 1462 4893 τά
1486 4829 1633 4916 νοήματα

129 5115 149 5190 ¹)
168 5117 293 5176 Caetera
310 5117 373 5173 fere
387 5116 451 5173 sine
464 5118 526 5174 ullo
539 5116 708 5173 discrimine
728 5119 835 5175 seriem
889 5118 1011 5176 crimine
1036 5123 1230 5189 exponuntur,
1252 5115 1411 5172 manifesto
1433 5119 1573 5188 respectu
1594 5116 1632 5171 ad

94 5207 228 5264 videntur
247 5206 429 5278 continuare,
441 5207 494 5264 sed
507 5207 580 5263 mihi
593 5208 692 5280 palam
711 5213 758 5265 ost
777 5209 835 5265 Ro·
888 5208 1086 5282 Hermogenis
1106 5207 1215 5262 librum
1235 5212 1293 5279 Περὶ
1313 5210 1394 5260 ἰδεῶν.

79 5305 84 5312 ’
125 5313 210 5350 mum
228 5312 286 5351 non
306 5295 386 5351 ultra
398 5296 566 5368 procedere.
580 5297 721 5368 Sequitur
739 5297 834 5352 enim:
925 5299 948 5371 ²)
968 5298 1013 5352 Ex
1031 5296 1094 5353 Pal.
1114 5296 1167 5350 315
1185 5295 1415 5365 f.28,20.Quao
1434 5293 1460 5351 si
1478 5311 1557 5350 nova
1574 5311 1633 5350 non

26 5407 35 5420 ·
101 5399 114 5472 J
137 5389 199 5440 ἐστιν
211 5387 275 5454 ἰδία,
289 5385 375 5459 cnjus
387 5385 472 5444 ideae
491 5387 653 5446 varietates
666 5388 756 5460 longo
776 5387 835 5446 dis·
889 5389 957 5458 sint,
977 5385 1058 5444 haud
1077 5385 1196 5457 ingrata
1215 5386 1272 5442 erit
1290 5385 1400 5442 codicis
1419 5385 1561 5442 varietas,

231 5513 325 5570 Αιιιε.
346 5529 372 5586 ν,
392 5513 452 5570 20*.
