3978 6070
570 507 750 602 Supplicia
768 516 1005 602 tyrannorum.
1026 550 1070 564 -
1094 511 1243 586 Ardiaei
1260 511 1399 587 scelera.

479 695 523 758 -ζ-
547 675 698 756 θήσεσθαι
722 685 777 748 ούκ
801 675 927 774 ἐδέχετο
953 683 991 749 τό
1015 684 1159 774 στόμιον,
1184 685 1250 750 ἀλλ’
1279 691 1429 775 ἐμυκᾶτο,
1453 699 1497 762 -ζ-

479 804 524 866 ·-ζ-
547 791 643 857 ὁπότε
656 816 703 868 τις
715 801 778 857 τῶν
796 793 892 869 ούτως
906 792 1039 869 ἀνιάτως
1056 793 1192 884 ἐχόντων
1211 799 1252 870 είς
1268 797 1429 885 πονηρίαν,
1453 809 1498 872 -ζ-

481 913 523 976 -ζ-
545 899 564 972 ἢ
584 899 626 981 μή
648 905 756 977 ἱκανῶς
775 892 916 976 δεδωκὼς
935 891 1036 979 δίκην,
1054 905 1205 992 ἐπιχειροῖ
1220 903 1344 968 ἀνιέναι.
1365 903 1427 967 Ἐν·
1450 917 1496 979 ÷

478 1021 522 1084 -ζ-
544 1006 646 1074 ταῢθα
670 999 707 1081 δὴ
734 999 852 1100 ἄνδρες,
876 1010 945 1098 ἔφη,
971 1007 1083 1101 ἄγριοι,
1102 1001 1243 1102 διάπυροι
1262 1002 1344 1092 ίδεῒν,
1368 1035 1429 1076 πα·
1452 1024 1497 1087 -ζ-

479 1131 524 1192 -2-
548 1125 713 1207 ρεστῶτες,
737 1117 790 1181 καὶ
814 1115 1111 1205 καταμανθάνοντες
1135 1119 1172 1183 τό
1197 1116 1331 1209 φθέγμα,
1356 1117 1427 1194 τούς
1451 1132 1496 1194 ÷

477 1236 522 1300 ÷
547 1223 601 1313 μέν
618 1215 821 1300 διαλαύόντες
846 1220 934 1315 ἦγον,
952 1225 1007 1290 τόν
1025 1215 1058 1291 δέ
1074 1217 1228 1315 Ἀρδιαῖον
1246 1223 1299 1289 καί
1313 1224 1428 1300 ἀλλους
1452 1239 1497 1301 —2-

478 1345 523 1407 -ζ-
546 1323 794 1419 συμποδίσαντες
818 1331 923 1422 χεῖράς
946 1356 983 1398 τε
1007 1332 1060 1397 καί
1083 1325 1181 1410 πόδας
1205 1333 1259 1398 καὶ
1275 1333 1427 1422 κεφαλὴν,
1451 1347 1496 1411 -ζ-

477 1453 524 1524 -ζή
545 1433 783 1518 καταύαλόντες
814 1440 869 1506 καί
898 1433 1114 1532 ἐκδείραντες,Ι
1134 1437 1237 1507 εἷλκον
1261 1441 1346 1530 παρά
1369 1441 1428 1515 τήν
1454 1455 1498 1516 -ζ-

478 1559 523 1623 -ζ-
545 1540 617 1614 ὁδόν
642 1547 731 1624 ἐκτός
763 1548 810 1613 ἐπ’
837 1546 1028 1613 ἀσπαλάθων
1055 1549 1264 1628 κνάπτοντες,
1288 1549 1430 1627 καὶτοῖς
1455 1563 1500 1626 -ξ-

477 1669 523 1731 -ζ-
545 1657 594 1722 ἀεί
610 1669 753 1748 παριοῦσι
769 1659 984 1748 σημαίνοντες,
1010 1652 1051 1722 ὧν
1068 1656 1157 1724 ἕνεκά
1174 1659 1278 1724 τεκαὶ
1300 1664 1341 1735 είς
1366 1661 1383 1722 6'
1399 1684 1431 1724 τι
1454 1672 1499 1734 -ζ-

476 1777 521 1839 ÷
546 1765 612 1849 [τὸν
629 1764 802 1856 Τάρταρον]
821 1764 1046 1854 ἐμπεσούμενοι
1063 1765 1200 1857 ἄγοιντο·
1217 1765 1291 1831 ἔνθα
1311 1757 1348 1840 δή
1376 1766 1429 1856 φό-
1451 1778 1496 1842 -ζ-

476 1884 522 1948 -ζ-
545 1866 618 1956 ύων,
632 1875 702 1963 ἔφη,
714 1865 841 1939 πολλῶν
858 1875 912 1938 καί
926 1866 1136 1941 παντοδαπῶν
1153 1877 1238 1965 σφίσι
1253 1876 1429 1967 γεγονότων
1454 1887 1498 1949 -2-

477 1994 522 2056 ÷
544 1992 657 2047 τοῦτον
674 1974 890 2074 ύπερόάλλειν,
907 1981 950 2071 μή
969 1983 1091 2075 γένοιτο
1103 1982 1228 2066 ἑκάστῳ
1241 1985 1279 2049 τό
1293 1982 1427 2074 φθέγμα,
1452 1996 1497 2058 -ζ-

476 2102 521 2165 -ζ-
544 2091 598 2156 ὅτε
616 2082 798 2176 ἀναύαίνοι,]
816 2090 870 2154 καί
886 2090 1107 2181 ἀσμενέστατα
1123 2091 1255 2160 ἕκαστον
1280 2091 1430 2184 σιγήσαν·
1452 2104 1497 2166 -ζ-

477 2211 522 2274 ÷
543 2222 597 2275 τος
622 2189 786 2272 ἀναύῆναι.
810 2211 855 2274 -ζ-

255 2423 364 2481 Ταῦτα
382 2413 437 2505 μέν
453 2413 559 2480 πάντα
575 2413 628 2479 καί
645 2415 704 2479 όσα
717 2415 801 2479 ἄλλα
812 2425 945 2479 τοιαῦτα
957 2415 1039 2480 καὶὸ
1053 2419 1083 2480 ἐν
1097 2416 1211 2506 Γοργίᾳ
1224 2413 1317 2503 μῦθος
1331 2413 1498 2487 ἀνατίθησι
1509 2425 1574 2492 τοῖς
1587 2413 1763 2504 τυράννοις,

210 2527 250 2601 ὡς
266 2521 323 2598 τάς
341 2523 492 2613 μεγίστας
512 2522 712 2613 ὑπομένουσιν
729 2521 873 2598 κολάσεις
891 2505 974 2611 μετά
990 2533 1048 2599 τῆς
1065 2521 1222 2598 ἀληθείας·
1239 2521 1311 2599 τούς
1328 2521 1556 2612 Θρασυμάχους
1579 2512 1764 2610 συμποδίζει

210 2633 264 2698 καί
286 2630 359 2708 τούς
383 2633 598 2708 Καλλικλέας,
623 2630 695 2707 τούς
719 2631 884 2707 ἐπαινέτας
908 2629 975 2720 ἅμα
999 2631 1053 2696 καὶ
1076 2625 1222 2711 ζηλωτάς
1253 2641 1311 2706 τῆς
1336 2641 1521 2721 τυραννικῆς
1545 2625 1636 2715 ζωῆς,
1661 2628 1680 2704 ἢ
1707 2621 1760 2696 διά

210 2731 393 2832 φιληδονίαν
408 2739 591 2832 ἀπέραντον,
609 2739 627 2812 ή
647 2730 698 2804 διά
715 2741 970 2830 φιλοχρηματίαν
988 2738 1172 2805 ἀκάθεκτον.
1190 2741 1252 2806 Καὶ
1267 2745 1294 2806 εἰ
1309 2741 1382 2830 πρὸς
1400 2738 1441 2805 τά
1457 2739 1534 2803 όντα
1551 2730 1585 2804 δέ
1601 2740 1760 2814 σκοποίης,

155 2871 183 2911 ιο
211 2840 336 2925 οὐδένας
360 2848 457 2924 ούτως
480 2847 560 2924 είκές
584 2846 644 2921 τήν
660 2847 801 2936 ἐσχάτην
818 2847 983 2937 ὑπομένειν
999 2848 1138 2930 κόλασιν,
1157 2854 1196 2925 ὡς
1214 2848 1285 2925 τοὺς
1302 2846 1510 2939 τυραννικούς·
1534 2845 1678 2934 πολέμιοι
1701 2844 1761 2936 γάρ

211 2961 286 3020 εἰσιν
309 2965 373 3020 τῶν
398 2965 556 3045 κοσμικῶν
573 2955 687 3047 νόμων,
706 2961 733 3021 οί
750 2956 821 3032 τούς
839 2959 962 3022 ἐκείνων
980 2957 1125 3050 ἐκγόνους
1143 2957 1367 3048 ἀνατρέποντες
1391 2956 1512 3046 νόμους·
1537 2956 1683 3046 πολέμιοι
1704 2964 1763 3031 τῆς

211 3066 286 3140 όλης
310 3057 442 3148 τάξεως,
467 3069 495 3128 οί
517 3074 576 3141 τῆς
601 3067 710 3153 ὁμοίας
734 3067 836 3152 ἐκείνῃ
863 3059 981 3141 τάξεως
998 3066 1127 3158 ὄλεθροι·
1145 3067 1290 3156 πολέμιοι
1314 3066 1440 3131 πάντων
1465 3063 1550 3140 θεῶν,
1569 3069 1597 3128 οί
1620 3064 1675 3129 τόν
1699 3072 1762 3127 τῶν

210 3171 368 3264 γιγάντων
392 3170 508 3261 τρόπον
533 3165 733 3261 ἀφανίζοντες
765 3180 827 3235 πᾶν
855 3171 893 3237 τό
918 3170 997 3248 θεοῖς
1022 3173 1177 3264 συγγενές·
1201 3179 1241 3249 ὡς
1265 3167 1316 3238 οὖν
1341 3173 1414 3249 τούς
1437 3165 1696 3247 ἐπιόουλεύοντας
1719 3180 1760 3256 τῇ

209 3279 354 3365 πολιτείᾳ
376 3279 430 3345 καὶ
453 3291 519 3356 τοῖς
550 3286 637 3370 ἱεροῖς
669 3273 837 3357 κολάζουσι
867 3271 1093 3371 διαφερόντως,
1118 3282 1172 3346 καί
1200 3281 1333 3346 Πλάτων
1367 3279 1421 3346 παί
1451 3280 1566 3356 πάντες
1590 3285 1619 3344 οί
1641 3278 1762 3370 ἄριστοι

154 3407 182 3449 εν
209 3384 386 3480 νομοθέται,
411 3385 495 3454 κατά
517 3384 559 3452 τά
583 3383 665 3451 αύτά
688 3377 726 3458 δή
752 3385 806 3452 καί
829 3385 901 3474 τούς
917 3387 1083 3480 τυραννούς
1101 3393 1130 3453 οἱ
1153 3390 1298 3478 κοσμικοί
1318 3389 1408 3478 νόμοι
1430 3389 1485 3453 καί
1509 3379 1667 3464 δικασταί,
1691 3396 1761 3463 ταῖς

209 3715 233 3783 f.
252 3718 315 3782 122
333 3738 374 3795 ν,
393 3715 506 3782 eadem
521 3715 655 3783 lacuna:
681 3705 839 3780 ...ὀπαδὸν
864 3720 892 3778 οἱ
914 3713 1019 3790 τοὺς...
1043 3724 1089 3800 τῷ
1113 3714 1210 3782 παντὶ
1232 3714 1336 3804 νόμον·
1361 3719 1388 3780 εί
1412 3703 1445 3779 δὲ
1469 3703 1543 3786 δή...
1567 3703 1720 3803 Ἀρδιαῖος
1744 3717 1761 3778 6

210 3812 260 3886 διά
275 3819 396 3886 τούτων
413 3829 475 3884 τῶν
493 3821 643 3912 ῥήσεων...
661 3813 712 3886 διά
728 3820 787 3895 τήν
803 3821 990 3913 τυραννικήν
1008 3817 1090 3903 ζωήν
1107 3823 1258 3889 τοιούτων
1275 3821 1412 3913 ἐγεγόνει
1436 3813 1603 3912 δραμάτων
1629 3824 1759 3888 ἀνοσίων

209 3927 360 4019 ἐργάτης,
385 3929 481 4004 ούτως
505 3929 725 4019 προσήκουσαν
751 3934 835 4014 αύτῷ
860 3930 919 4004 τήν
945 3923 1108 4020 δαιμονίαν
1131 3931 1254 4005 ταύτην
1277 3930 1388 4001 ποινήν
1414 3929 1586 4004 ἐπέστησεν
1616 3934 1632 3994 6
1655 3931 1759 4023 λόγος,

210 4037 281 4102 ὅσον
305 4037 365 4129 γάρ
390 4041 434 4127 ἐφ’·
457 4042 570 4124 ἐαυτῷ,
594 4038 721 4105 πάντων
745 4041 813 4105 ἐστί
836 4051 898 4105 τῶν
924 4042 1031 4106 αἰτίων
1050 4040 1228 4130 φθαρτικές,
1244 4039 1367 4130 πατέρα
1391 4043 1589 4119 ἀποκτείνας,
1610 4040 1663 4106 καὶ
1685 4065 1761 4131 προ-

154 4178 181 4216 ιο
210 4145 345 4220 οήθηκεν
370 4139 560 4237 πρεσόύτην,
586 4149 634 4212 ἵνα
658 4147 712 4211 καί
737 4138 789 4213 διά
811 4147 866 4213 τόν
890 4148 1055 4238 χρόνοντὸ
1073 4150 1197 4239 μίασμα
1220 4149 1336 4235 ποιήσῃ
1354 4147 1547 4239 πικρότερον·
1572 4149 1633 4213 Καί
1656 4147 1717 4240 γάρ
1742 4150 1758 4209 6

208 4255 316 4345 χρόνος
342 4255 379 4320 τ“ο
403 4255 611 4344 παλαιότερον
634 4247 716 4321 οἶδεν
741 4256 936 4347 σεμνότερον,
953 4262 993 4333 ὡς
1017 4267 1062 4340 τῷ
1086 4257 1183 4322 παντί
1198 4256 1347 4348 πρότερον
1364 4254 1511 4347 γνωσθὲν,
1528 4257 1583 4321 καί
1601 4267 1641 4342 τῆ
1668 4259 1761 4345 ἀγεν-

208 4362 294 4448 νήτῳ
319 4361 407 4453 φύσει
431 4355 468 4427 δι’
486 4362 688 4453 ἀρχαιότητα
704 4363 956 4454 συγγενέστερον·
973 4355 1050 4430 εἰδὲ
1067 4363 1149 4453 μετά
1165 4377 1219 4430 τοῦ
1236 4365 1348 4455 χρόνου
1366 4363 1450 4428 καὶὸ
1467 4364 1574 4454 πατὴρ
1598 4366 1658 4448 ε’ίη,
1675 4360 1758 4426 θείαν

209 4471 305 4547 όντως
330 4472 433 4537 αἰτίαν
458 4470 549 4562 ἐγγύς
573 4481 636 4536 τῶν
662 4463 767 4536 ἀϊδίων
792 4466 884 4537 οὖσαν
901 4474 1008 4538 αἰτίων
1033 4468 1272 4551 ἀπεικονίζεται·
1296 4474 1351 4539 τὸν
1375 4467 1427 4538 οὖν
1452 4473 1573 4546 ταύτην
1597 4470 1761 4553 ἀνελόντα,
1811 4482 1815 4490 ’

208 4580 245 4644 τό
269 4603 305 4673 γε
328 4583 442 4644 ἑαυτοῦ
467 4578 566 4670 μέρος,
591 4584 694 4647 αὐτῶν
719 4576 881 4648 εἶναιτῶν
906 4574 1011 4647 ἀϊδίων
1043 4585 1148 4649 αἰτίων
1178 4583 1327 4672 πολέμιον
1355 4574 1580 4649 ἀποδείκνυσιν.
1604 4579 1666 4644 Καί
1695 4576 1757 4670 μὴν

153 4715 180 4755 ιε
208 4687 261 4751 καί
284 4695 347 4752 τῶν
372 4687 545 4777 συστοίχων
569 4688 717 4766 ὡσαύτως
743 4690 837 4755 αὐτὸν
855 4691 1017 4778 ἀποφαίνει
1033 4690 1214 4781 φθαρτικόν,
1230 4683 1364 4780 ἀδελφόν
1383 4691 1545 4778 ἀνελόντα,
1569 4688 1624 4754 καί
1646 4697 1758 4753 τοῦτον

207 4795 303 4862 πάλιν
327 4787 546 4886 πρεσύύτερον,
571 4799 620 4861 ίνα
643 4797 697 4862 καί
720 4796 779 4870 τὴν
796 4797 881 4863 κατά
896 4807 959 4862 τῶν
977 4801 1150 4888 συστοίχων
1174 4791 1344 4870 ἐπιύουλὴν
1368 4803 1409 4874 εἰς
1433 4797 1493 4869 τήν
1517 4794 1602 4862 κατά
1624 4805 1688 4860 τῶν
1712 4793 1756 4884 μὴ

208 4903 383 4992 συστοίχων
406 4898 588 4996 περιτρέψῃ,
612 4895 664 4970 διά
690 4915 749 4981 τῆς
773 4903 857 4969 κατά
880 4905 935 4971 τὸν
958 4905 1070 4996 χρόνον
1095 4911 1261 4997 ὑπεροχῆς.
1286 4908 1325 4971 Τί
1348 4900 1400 4972 οὖν
1429 4905 1508 4971 ἀλλο
1534 4906 1679 4970 λείπεται
1702 4902 1757 4969 τόν

207 5020 359 5088 τοιοῦτον,
382 5010 402 5084 ή
428 5020 489 5076 πᾶν
512 5011 550 5076 τὸ
574 5011 748 5103 σύστοιχων
772 5012 839 5102 ἅμα
862 5013 916 5078 καί
938 5016 1043 5103 τίμιον
1067 5004 1207 5078 ἐκποδῶν
1223 5025 1342 5092 ποιεῒνς
1359 5019 1394 5078 ΕΙ
1411 5005 1445 5078 δέ
1467 5013 1521 5078 καὶ
1545 5013 1629 5078 ἀλλα
1652 5009 1757 5077 πολλά

207 5118 261 5182 καὶ
284 5117 393 5183 ἀνόσια
417 5109 608 5209 ἐξείργαστο,
633 5110 729 5196 δῆλον
754 5113 792 5196 δὴ
819 5123 869 5188 ὅτι
891 5131 995 5188 πᾶσαν
1020 5119 1166 5211 ἔνθεσμον
1190 5118 1273 5201 ζωήν
1298 5120 1473 5214 ἀνατρέψας
1495 5121 1677 5214 ἐτύγχανεν,
1702 5120 1757 5184 καί

151 5251 180 5291 ιο
207 5226 245 5292 τό
260 5224 331 5290 καθ’
349 5225 444 5291 αύτδν
461 5225 520 5297 τὴν
538 5221 628 5306 τάξιν
643 5226 725 5303 ὅλην
742 5229 802 5302 τὴν
818 5229 973 5320 κοσμικὴν
990 5229 1118 5318 ἀνελὼν,
1135 5229 1155 5295 ἃ
1171 5221 1209 5305 δή
1227 5241 1286 5308 τῆς
1303 5241 1487 5323 τυραννικῆς
1504 5233 1587 5296 ἐστιν
1612 5221 1757 5318 ἐξαίρετα

206 5327 297 5411 ζωῆς·
321 5338 348 5399 εἰ
372 5324 405 5399 δέ
428 5335 589 5424 χιλιοστὸν
614 5338 682 5414 ἔτος
705 5338 828 5428 γεγόνει
851 5337 972 5405 τούτων
997 5350 1059 5406 τῶν
