3978 6070
665 523 802 619 Lapsus
821 527 1019 600 animarum
1036 529 1075 602 ιἰι
1090 531 1239 622 φεκαώη.
1676 541 1728 598 143

180 696 239 770 τήν
262 707 382 764 πτῶσιν
406 703 446 775 εἰς
461 693 630 790 ζῳογονίαν
647 698 744 777 αύτάς
760 711 883 791 χωρεῖν,
900 703 973 792 ὅπερ
989 706 1058 768 ἐστι
1074 714 1218 793 κρεῖττον
1238 713 1293 768 τοῦ
1318 705 1516 770 πεπτωκέναι
1534 703 1638 794 μόνον·
1655 731 1728 771 συν-

179 811 281 873 τελεῖν
294 806 318 892 ¹)
335 807 395 901 γάρ
412 808 479 873 ἐστὶ
494 811 569 898 πρός
585 807 644 880 τήν
663 799 878 900 δημιουργίαν,
896 810 967 875 ἀλλ’
985 814 1019 875 ού
1036 812 1236 876 πεπτωκέναι
1249 812 1352 900 μόνον·
1368 814 1440 888 ἴσως
1459 804 1492 878 δέ
1507 813 1691 881 συντάττειν
1700 815 1726 900 ⁸)

178 917 273 981 αὐτόν
299 907 354 994 δεῖ,
379 917 433 981 καὶ
453 926 498 1000 τῷ
515 918 617 998 ὥσπερ
636 915 778 1006 ἀστέρας,
796 917 830 981 ἵν’
848 914 868 1004 ᾖ
886 918 923 983 τό
940 920 1012 984 όλον
1030 918 1186 996 ἅπτοντας
1203 924 1244 996 είς
1260 919 1320 994 τήν
1337 920 1456 1011 γένεσιν
1474 923 1581 998 οὕτως,
1598 928 1638 1000 ὡς
1664 923 1727 989 ἀνω

178 1032 237 1099 τῆς
260 1024 407 1113 γενέσεως
432 1024 562 1114 ἀστέρας
586 1023 742 1103 ἀττοντας
759 1031 877 1117 ὁρῶμεν
896 1031 926 1091 ἐν
944 1037 1009 1102 τοῖς
1026 1027 1129 1119 ἄκροις
1146 1039 1200 1093 τοῦ
1220 1028 1315 1118 ἀέρος·
1333 1034 1359 1094 εἰ
1383 1022 1416 1096 δέ
1437 1029 1538 1103 ἀλλην
1564 1030 1645 1120 ἄλλῃ
1672 1033 1726 1096 καὶ

139 1162 152 1199 ε
179 1126 325 1211 ἐξαπίνης
349 1137 447 1223 ὁρμᾶν
469 1133 574 1222 φησίν,
592 1124 688 1208 δῆλον
705 1125 860 1206 δήπουθεν
878 1139 917 1209 ὡς
935 1125 1169 1226 διασπείρονται
1186 1135 1241 1224 μὲν
1259 1139 1299 1212 είς
1317 1135 1376 1207 τήν
1393 1135 1658 1227 πεπληθυσμένην
1674 1141 1728 1204 καί

179 1231 371 1331 διῃρημένην
394 1243 426 1306 ἐν
450 1250 491 1326 τῇ
516 1243 637 1330 γενέσει
660 1235 760 1319 ζωήν,
785 1241 839 1304 καὶ
863 1246 904 1316 εἰς
936 1241 1069 1319 οίκήσεις
1097 1234 1299 1334 διαφερούσας
1332 1244 1385 1324 καί
1416 1233 1542 1334 μερίδας
1573 1255 1631 1322 τῆς
1655 1257 1725 1337 γῆς,

179 1347 296 1439 ἀθρόως
321 1339 354 1414 δέ
378 1351 582 1438 εἰσκρίνονται
605 1358 713 1429 πᾶσαι,
731 1348 785 1413 καί
802 1349 938 1438 ἀχρόνως
954 1349 996 1413 τά
1014 1348 1148 1439 σώματα
1166 1349 1366 1440 ἐμψυχοῦσιν,
1382 1353 1436 1415 καὶ
1461 1347 1671 1432 ἀνοικίξονται
1695 1359 1726 1420 ἐν

180 1459 295 1534 αὐτοῖς·
320 1462 360 1532 ὡς
382 1467 441 1533 τῆς
465 1449 524 1536 ἔξω
540 1466 602 1522 τῶν
619 1456 774 1547 σωμάτων
792 1452 873 1537 ζωῆς
889 1459 943 1522 καί
959 1469 1017 1533 τῆς
1035 1462 1066 1522 ἐν
1083 1457 1222 1547 σώμασιν
1240 1462 1294 1525 τόν
1312 1451 1467 1550 διορισμόν
1493 1461 1724 1536 ἀνεπαίσθητον

178 1565 339 1656 ὑπάρχειν.
354 1565 512 1639 Τοιαύτην
530 1564 589 1659 γάρ
606 1571 637 1632 ἐν
654 1557 832 1657 Παρμενίδῃ
851 1577 906 1630 τοῦ
922 1559 1067 1656 ἐξαίφνης
1085 1569 1178 1644 αὐτὸς
1194 1573 1270 1657 ἡμῖν
1287 1569 1474 1658 ,ἑρμήνευσεν
1490 1569 1589 1660 φύσιν,
1608 1570 1726 1637 ἄτοπον

125 1703 151 1740 ιο
180 1665 217 1747 δή
233 1696 305 1738 τινα
318 1667 423 1755 οὖσαν,
436 1679 476 1751 ὡς
493 1675 557 1740 ἐκεῖ
571 1673 667 1767 λέγει,
681 1673 750 1738 καθ’
764 1672 802 1746 ήν
821 1679 852 1738 αἱ
869 1675 929 1739 ἀπὸ
946 1684 1009 1739 τῶν
1027 1676 1246 1766 ἀντικειμένων
1263 1680 1303 1752 εἰς
1317 1676 1359 1742 τά
1373 1681 1571 1768 ἀντικείμενα
1584 1680 1727 1770 γίνονται

179 1781 398 1869 μεταστάσεις,
416 1784 469 1848 καί
486 1786 644 1874 εἰσκρίσεις
654 1780 680 1868 ³)
696 1777 748 1848 οὖν
766 1789 797 1848 αῖ
814 1787 856 1860 είς
874 1783 914 1847 τά
932 1782 1066 1872 σώματα
1083 1793 1145 1849 τῶν
1163 1782 1278 1876 ψυχῶν·
1297 1787 1445 1870 ἐντούτῳ
1463 1779 1499 1860 δή
1519 1797 1565 1871 τῷ
1581 1783 1726 1868 ἐξαπίνης

178 1893 404 1968 ἐπιτελοῦνται,
429 1892 482 1958 καί
505 1901 591 1957 πᾶσα
615 1885 812 1980 μ.εταύολή“)
836 1895 877 1969 είς
901 1916 937 1957 τε
960 1892 1069 1957 στάσιν
1094 1898 1129 1959 ἐκ
1149 1896 1298 1971 κινήσεως
1315 1897 1368 1960 καί
1385 1901 1425 1973 εὶς
1442 1899 1562 1972 κίνησιν
1580 1899 1642 1963 ἀπό
1667 1907 1725 1976 τῆς

179 1996 328 2075 στάσεως.
1341 2071 1344 2076 ,

444 2121 489 2182 -ξ-
513 2108 614 2183 Αὐτός
639 2098 673 2174 δέ
685 2106 711 2191 ⁸)
726 2120 782 2174 τοῦ
800 2108 855 2199 μέν
871 2101 985 2186 ύδατος
1002 2108 1182 2184 κωλυθῆναι
1196 2121 1287 2178 πιεῖν·
1316 2113 1388 2196 [όπη
1415 2127 1460 2190 -ζ-

446 2229 491 2292 -ζ-
514 2215 622 2305 μέντοι
638 2217 691 2283 καί
708 2220 789 2295 ὅπως
805 2222 845 2294 είς
865 2219 903 2284 τό
920 2229 1011 2310 σῶμα
1028 2219 1181 2308 ἀφίκοιτο,
1199 2224 1255 2285 ούκ
1271 2211 1393 2301 είδέναι,
1417 2236 1462 2297 -ζ-

444 2337 489 2399 -ζ-
512 2327 585 2388 ἀλλ’
609 2318 755 2416 ἐξαίφνης
780 2320 957 2417 ἀναόλέψκς
981 2320 1055 2394 ἰδεῖν
1072 2327 1164 2394 ἕωθεν
1182 2330 1276 2395 αὐτόν
1293 2333 1394 2420 κείμε-
1417 2345 1461 2407 -ζ-

445 2447 491 2510 ÷
513 2459 564 2499 νον
588 2434 639 2500 ἐπί
662 2445 702 2520 τῇ
727 2439 846 2524 πλευρᾷ
856 2433 891 2522 ⁸).
909 2476 952 2486 -
968 2437 1029 2502 Καὶ
1051 2438 1160 2520 οὕτως,
1183 2433 1208 2503 ὦ
1231 2438 1391 2518 Γλαύκων,
1414 2455 1459 2517 -2-

443 2555 489 2618 -ζ-
512 2541 607 2632 μῦθος
631 2541 745 2626 ἐσώθη,
769 2543 823 2609 καί
846 2547 902 2608 οὐκ
920 2543 1078 2628 ἀπώλετο,
1095 2546 1149 2612 καί
1164 2552 1248 2638 ήμᾶς
1272 2545 1310 2612 ἀν
1334 2546 1395 2613 σώ-
1415 2562 1461 2624 ÷

444 2665 488 2727 ÷
511 2675 601 2734 σειεν,
622 2650 659 2716 ἀν
682 2650 862 2742 πειθώμεθα
878 2654 975 2739 αύτῷ,
991 2653 1045 2719 καί
1060 2656 1115 2720 τόν
1131 2665 1190 2732 τῆς
1205 2656 1312 2735 Λήθης
1335 2681 1394 2722 πο·
1416 2670 1461 2733 -ξ-

444 2773 489 2836 -ζ-
512 2759 613 2848 ταμὸν
637 2753 670 2826 εὖ
695 2751 932 2852 διαύησόμεθα,]
957 2760 1012 2825 καί
1034 2761 1093 2830 τήν
1118 2759 1222 2854 ψυχήν
1246 2767 1280 2829 ού
1305 2788 1393 2853 μιαν·
1413 2777 1458 2841 -ζ-

444 2881 488 2944 -ζ-
512 2865 682 2959 θησόμεθα.
707 2882 752 2943 ÷

223 3088 312 3175 Τρεῖς
337 3082 392 3173 μὲν
417 3078 502 3150 οὗτοι
518 3084 622 3176 καιροί
637 3083 778 3174 μάλιστα
793 3084 853 3157 τήν
870 3077 1019 3178 διαφοράν
1037 3077 1195 3164 ἐπέδειξαν
1211 3090 1288 3174 ἡμῖν
1312 3095 1367 3150 τοῦ
1391 3092 1454 3148 τῶν
1477 3082 1581 3175 λόγων
1605 3080 1726 3146 τούτων

179 3303 202 3369 f.
222 3303 303 3368 193:
325 3299 551 3392 [γε]νομένου7)
566 3303 684 3395 πατρὸς
700 3274 774 3394 πρὸς
791 3301 848 3379 τάς
865 3301 963 3380 ἀλλας
980 3302 1091 3393 ψυχάς·
1107 3299 1148 3379 εἷς
1166 3301 1233 3391 μέν,
1250 3305 1265 3366 6
1282 3297 1367 3392 παρά
1382 3311 1448 3376 τοῖς
1465 3289 1637 3374 δικασταῖς·
1662 3307 1725 3362 τῶν

179 3407 239 3501 γάρ
263 3409 368 3474 ἄλλων
393 3405 500 3500 ψυχῶν
525 3421 641 3499 σημεῖα
663 3404 827 3476 λαύουσῶν
842 3423 901 3488 τῆς
922 3415 1047 3502 κρίσεως
1061 3411 1096 3497 ⁸),
1115 3414 1210 3476 αὐτόν
1229 3411 1271 3503 μή
1289 3402 1411 3493 λαθεῖν,
1435 3415 1475 3486 ὡς
1499 3411 1583 3474 ούπω
1607 3430 1726 3496 συμπε-

170 3517 372 3609 ,πληρωκότα
395 3519 450 3583 τόν
480 3509 560 3604 τῇδε
592 3519 675 3603 βίον·
699 3521 802 3609 ἕτερος
834 3510 885 3597 δέ,
910 3524 1008 3596 ὁτῆς
1036 3511 1294 3610 διακληρώσεως·
1319 3521 1413 3584 αὐτόν
1437 3517 1509 3610 γάρ,
1531 3527 1594 3582 τῶν
1619 3516 1724 3581 ἄλλων

123 3647 151 3686 ιι
178 3625 410 3716 κληρουμένων,
434 3627 552 3718 κλήρου
576 3625 619 3715 μή
644 3638 764 3717 τυχεῖν,
787 3628 891 3712 τούτῳ
915 3628 975 3721 γάρ
999 3631 1083 3695 ούπω
1100 3625 1138 3705 ἧν
1154 3628 1235 3720 ἀρχή
1255 3628 1355 3704 ἄλλης
1371 3619 1526 3718 περιόδου·
1551 3629 1655 3718 τρίτος
1680 3617 1724 3706 δέ,

179 3738 194 3798 6
219 3743 277 3810 τῆς
301 3735 419 3809 πόσεως
435 3744 493 3811 τῆς
510 3738 545 3799 ἐκ
561 3744 618 3800 τοῦ
635 3736 824 3824 Ἀμέλητος·
840 3736 883 3826 μή
902 3737 962 3829 γάρ
980 3735 1222 3829 συγχωρηθῆναι
1239 3737 1332 3826 μόνον
1348 3747 1440 3820 πιεῖν,
1457 3739 1507 3802 ίνα
1532 3736 1574 3826 μή
1599 3733 1683 3822 λήθῃ
1698 3733 1725 3820 ⁹)

178 3853 242 3908 τῶν
267 3841 423 3933 ἀρθέντων
448 3843 588 3934 σχεθείη,
614 3837 736 3921 δέοντος
761 3847 855 3911 αὐτόν
880 3847 1015 3937 ἄγγελον
1031 3846 1172 3940 γίνεσθαι
1193 3858 1259 3923 τοῖς
1282 3837 1362 3932 τῇδε
1387 3844 1556 3937 ἀνθρώποις
1580 3853 1643 3909 τῶν
1667 3842 1726 3932 πρὸ

178 3964 236 4028 τῆς
261 3953 409 4044 γενέσεως
433 3951 608 4045 θεαμάτων.
634 3959 737 4028 Δῆλον
761 3949 813 4021 ούν
838 3957 888 4022 ότι
910 3956 1026 4033 πάντες
1050 3962 1078 4022 οἱ
1102 3948 1217 4021 το;οῒδε
1240 3956 1331 4047 λόγοι
1362 3952 1468 4045 ψυχῶν
1497 3953 1571 4020 εἰσίν
1597 3953 1725 4042 μνήμην

178 4064 316 4151 ἐχουσῶν
343 4061 451 4133 ῖκανήν
475 4073 532 4138 τῆς
557 4074 712 4154 χωριστῆς
744 4059 841 4144 ζωῆς·
866 4065 942 4130 ὥστ’
967 4069 999 4131 ἐν
1024 4063 1120 4155 μύθου
1145 4067 1289 4155 σχήματι
1314 4056 1410 4141 δηλός
1440 4068 1525 4129 ἐστιν
1550 4066 1566 4126 6
1590 4060 1724 4126 Πλάτων
1790 4051 1792 4056 ’

123 4185 150 4224 ³⁰
179 4159 396 4235 ἀναδιδάσκων
420 4171 503 4247 τίνος
527 4173 617 4263 ἔργον
641 4168 743 4262 ψυχῆς
766 4172 808 4238 τά
824 4183 956 4238 τοιαῦτα
974 4168 1108 4263 φράζειν·
1126 4173 1180 4237 καί
1195 4178 1234 4248 ὡς
1256 4171 1376 4247 ταύτης
1400 4170 1438 4244 ήν
1464 4168 1506 4259 μή
1532 4168 1723 4233 κατέκλυσεν

178 4279 216 4343 τό
238 4277 327 4366 πόμα
350 4289 406 4344 τοῦ
429 4292 575 4370 ποταμοῦ
598 4292 657 4358 τῆς
679 4280 796 4358 Λήθης·
819 4283 857 4347 τό
882 4273 908 4348 δ’
934 4264 985 4347 ούν
1011 4275 1120 4371 ἐφεξῆς
1145 4279 1272 4347 πάντων
1295 4280 1428 4365 τούτων,
1452 4281 1502 4344 ότι
1524 4287 1588 4352 πῶς
1614 4275 1668 4365 μὲν
1692 4277 1724 4338 ἐν

179 4396 224 4470 τῷ
248 4385 373 4476 σώματι
395 4389 534 4480 γέγονεν,
559 4391 615 4453 ούκ
639 4380 727 4454 οἶδεν·
753 4395 773 4464 η
799 4387 858 4481 γάρ
875 4382 1021 4479 ἐξαίφνης
1039 4380 1108 4465 ὁδός
1126 4394 1182 4454 οὑκ
1198 4379 1312 4454 ἔδωκεν
1330 4387 1490 4453 ἐπιστάσει
1513 4383 1629 4476 χώραν·
1653 4373 1724 4448 οὐδὲ

179 4493 238 4586 γάρ
260 4496 314 4560 ἐπί
336 4506 399 4562 τῶν
424 4496 528 4563 ἀλλων
553 4491 699 4576 ἐξαπίνης
723 4500 892 4589 γινομένων
916 4501 1099 4588 ἐφίσταμεν,
1115 4499 1227 4590 χρόνου
1249 4497 1428 4588 παράτασιν
1452 4507 1510 4572 τῆς
1534 4491 1724 4567 ἐπιστάσεως

179 4603 383 4683 ἀπαιτούσης,
402 4607 451 4670 ίνα
464 4603 746 4696 παρακολουθήσης
758 4604 796 4690 ¹⁰)
813 4616 854 4693 τῇ
869 4609 955 4698 ’ἀρχῇ
969 4607 1081 4692 καὶτῷ
1094 4608 1178 4698 μέσῳ
1194 4606 1248 4672 καί
1260 4617 1305 4691 τῷ
1319 4610 1405 4672 τέλει
1417 4615 1472 4671 τοῦ
1490 4595 1724 4695 συμόαίνοντος.

215 4926 238 5000 ¹)
257 4925 327 4984 cod,
346 4927 386 4983 M.
407 4933 524 4982 συντιλιῑ.
977 4926 1130 5000 ogregiam
1147 4926 1303 4985 leotionem
1321 4945 1430 4986 novam
1451 4925 1639 5002 apertissime
1658 4945 1725 5001 pro·

214 5016 294 5090 ¹)11
313 5014 334 5073 ἐ
354 5015 415 5072 131.
976 5017 1088 5074 fitetur.
1108 5017 1151 5075 01.
1169 5034 1197 5091 p.
1217 5018 1280 5092 144,
1299 5019 1324 5073 1.

213 5105 238 5180 ³)
256 5105 295 5162 M.
315 5110 347 5169 εἰς
367 5110 462 5178 κρίσεις.
1023 5107 1046 5182 ²)
1065 5108 1105 5166 M.
1124 5107 1304 5181 στινονμίνουθ

213 5192 236 5266 ⁴)
254 5193 294 5250 Μ.
314 5191 464 5265 μιταόνλήν.
483 5192 584 5251 Codex
601 5198 744 5268 postem.
764 5193 900 5267 μιταῶιιή.
1024 5199 1047 5272 ⁸)
1065 5197 1102 5253 Η.
1122 5201 1192 5258 τὴν.
1203 5238 1210 5251 .
1222 5239 1228 5251 .
1240 5221 1294 5272 ρισ.
1307 5239 1332 5255 ..
1351 5199 1441 5258 lectio
1458 5205 1565 5258 nostra
1581 5199 1685 5273 liquot.

213 5282 440 5357 1μιαιφονία,
459 5301 487 5357 p.
506 5283 568 5340 818.
1022 5288 1046 5362 ⁹)
1065 5288 1102 5345 H.
1124 5291 1193 5363 μίῖη.

213 5373 329 5448 ⁶)Edd.
349 5391 452 5432 omnes
472 5378 503 5447 τῇ
522 5379 596 5447 πυρᾷ.
615 5373 673 5432 Sed
697 5373 775 5432 infra
797 5377 923 5433 Proelus
1013 5375 1048 5451 ¹⁰)
1067 5377 1106 5434 M.
1126 5382 1340 5452 παρακολουθήσῃ.
1360 5379 1398 5437 H.
1418 5381 1656 5453 παρακολουθούσης.
