4008 6068
840 469 882 520 ea
904 445 1086 520 Ίίισειιιινο.
1701 463 1738 520 ee

190 625 286 688 αὑτοῦ
310 621 498 714 γεγενῆσθαι
515 623 570 688 τὸν
590 623 670 700 rua,
687 622 741 687 καί
758 617 836 688 εἶναι
859 620 938 686 Θεὸν
993 643 1060 687 esee
1083 622 1215 706 Filium,
1239 645 1375 711 eumque
1398 648 1465 692 csse
1489 627 1592 694 Deum
1616 650 1736 710 verum,
1782 659 1784 666 ·

190 728 349 806 ἀληθινὸν,
373 730 476 820 ὥσπερ
500 729 555 794 καὶ
579 730 684 813 uiroc,
710 728 794 794 ἀλλὰ
817 732 939 817 μᾶλλον
993 734 1076 800 sicut
1098 737 1131 799 ct
1154 734 1221 818 ipse
1244 756 1339 800 varus
1363 740 1422 801 cet.
1448 733 1509 801 Sed
1524 737 1631 820 potius
1653 738 1739 804 huuc

190 842 305 906 ἐκεῖνον
328 848 387 914 τῆς
405 836 555 916 θεότητος
573 831 722 906 &tima
740 838 773 903 ὃν
794 837 830 902 ἂν
855 841 941 927 &etit
993 844 1099 928 ipsum
1112 865 1131 910 a
1143 842 1311 910 divinitate
1328 843 1478 924 excludit,
1492 866 1586 930 quem
1601 843 1738 920 fortasse

191 942 302 1027 §taen
325 957 383 1023 τῆς
401 949 505 1024 οὐσίας
523 945 619 1013 ὰύτοῦ
638 948 715 1014 Θεὸν
739 945 759 1020 θ
784 947 848 1012 υῑθν
871 949 942 1011 tw·
994 974 1050 1018 voa
1064 957 1156 1018 extra
1167 951 1276 1018 Patris
1289 951 1457 1018 essentiam
1470 952 1584 1034 Deum,
1597 952 1739 1020 filiumve

190 1065 256 1132 τοῖς
273 1055 473 1138 ἐπινοήσητε
488 1051 578 1131 οὗτος
594 1055 655 1147 γὰρ
673 1057 769 1132 ύνεως
787 1057 842 1120 ούκ
856 1055 941 1118 ἔστιν
995 1059 1086 1126 vobis
1110 1060 1324 1126 somniamini.
1339 1060 1372 1126 Is
1396 1058 1517 1144 quippe
1534 1065 1663 1126 nonest
1686 1081 1740 1125 ue·

191 1163 349 1248 ἀληθινὸς,
375 1163 459 1230 ἀλλὰ
484 1176 543 1241 της
567 1165 743 1256 προσούσης
766 1169 838 1254 ύμῖν
863 1167 944 1252 ἀμα-
996 1185 1063 1244 rus,
1086 1164 1141 1230 aad
1163 1169 1290 1230 vestrae
1314 1163 1428 1230 insitae
1443 1163 1631 1230 inscientiae
1653 1163 1740 1230 fctus

191 1271 258 1349 θίας
282 1273 413 1364 εὕρημα.
996 1275 1029 1337 et
1051 1271 1227 1337 inventum.

788 1597 888 1664 ’ωηο
904 1595 936 1680 ι).
963 1635 1003 1646 -
1027 1596 1140 1664 nem

237 1811 311 1876 Ἐὰν
336 1810 483 1890 ἀληθινὸς
499 1813 553 1876 καί
569 1811 661 1902 μόνος
678 1812 807 1903 λέγεται
831 1813 939 1889 estre
1040 1813 1074 1881 Si
1096 1835 1192 1880 verus
1216 1817 1250 1878 et
1272 1835 1355 1879 unua
1378 1812 1466 1879 Deus
1495 1811 1611 1881 dicitur
1634 1813 1742 1894 Pater,

160 1903 164 1912 ¹
195 1920 316 2011 Πατὴρ,
334 1923 390 1986 ούκ
408 1921 543 2012 εὐλόγως
560 1925 576 1984 ὁ
594 1923 662 1999 mu
679 1931 737 1999 τῆς
753 1923 827 2012 πρὸς
845 1922 939 1987 αὐτὸν
994 1925 1115 2009 absque
1128 1925 1203 2009 jure
1222 1923 1324 1990 Filius
1347 1923 1456 1989 eadem
1473 1945 1510 1988 ac
1526 1922 1613 1989 illiue
1636 1923 1743 1991 exclu-

192 2031 381 2121 ύμοιύτητος
406 2023 663 2108 ἐξοικισθήσεται,
692 2023 841 2098 οὐδὲτοῦ
864 2026 942 2098 εἶναι
995 2032 1089 2098 detur
1111 2031 1330 2112 similitudine,
1354 2035 1411 2098 aut
1437 2053 1531 2097 verus
1563 2053 1631 2098 esee
1654 2030 1742 2098 Deus

192 2141 270 2217 Θεὸς
302 2138 449 2216 ἀληθινὸς
474 2133 718 2214 ὲκύληθήσετοιι.
746 2145 781 2204 Εἰ
812 2139 872 2231 γὰρ
906 2145 940 2206 ού
995 2141 1228 2227 repudiabitur.
1252 2138 1286 2205 Si
1311 2140 1397 2206 enim
1420 2163 1484 2206 non
1513 2140 1668 2206 mentitus
1692 2144 1741 2204 est

192 2239 341 2338 ψεύδεται
363 2248 482 2338 λέγων·
507 2246 589 2338 Ἐγώ
614 2254 676 2337 ιίμι
707 2254 726 2323 ἠ
754 2249 887 2324 ἀλήθεια
902 2248 939 2334 ²),
995 2251 1122 2317 dicens:
1151 2250 1254 2334 ‘Ego
1277 2272 1348 2316 sum
1364 2249 1482 2316 veritas
1498 2300 1524 2331 ,,
1548 2253 1581 2315 at
1596 2251 1623 2315 si
1645 2248 1743 2316 intel·

192 2355 245 2420 καί
269 2354 337 2421 ἐστὶ
360 2366 479 2432 νοητῶς
503 2366 597 2421 τοῦτο
629 2357 702 2445 ὅπερ
726 2357 838 2420 ἑαυτὸν
863 2350 941 2422 εἶναί
994 2358 1160 2445 ligandum
1176 2364 1225 2426 est
1239 2359 1272 2425 id
1284 2358 1368 2445 quod
1380 2358 1419 2423 de
1431 2379 1463 2423 se
1475 2358 1544 2444 ipso
1557 2356 1644 2438 dicit,
1661 2379 1742 2442 quo-

193 2487 281 2554 φησι,
306 2474 371 2540 πῶς
388 2466 444 2529 ούκ
461 2465 638 2556 ἀναγκαίως
655 2474 700 2548 τῷ
718 2463 856 2549 ἀληθινῷ
877 2472 943 2530 Πα-
993 2468 1088 2534 modo
1110 2489 1174 2532 non
1192 2466 1254 2532 erit
1268 2487 1405 2545 necesse,
1428 2469 1545 2530 utura
1568 2486 1641 2530 cum
1663 2485 1741 2530 vero

192 2570 615 2664 τρίσιγκαταταχθησεται;
632 2571 687 2636 καί
700 2572 792 2647 αύτύς
806 2571 848 2636 ὢν
866 2573 943 2644 mt-
994 2573 1090 2641 Patre
1113 2575 1147 2640 in
1169 2574 1279 2640 eodem
1303 2573 1412 2638 ordine
1442 2571 1637 2638 stabiliatur.
1667 2572 1742 2657 Ipse

192 2677 278 2754 θεια,
302 2682 411 2744 ούκούν
435 2684 477 2755 είς
508 2680 662 2769 ἀναίρεσιν
691 2689 754 2744 τῶν
786 2678 829 2768 μὴ
856 2679 941 2745 κατὰ
994 2702 1067 2748 cum
1089 2681 1133 2746 eit
1156 2681 1283 2762 veritae,
1299 2701 1403 2746 nonne
1428 2683 1464 2746 ut
1488 2683 1675 2745 evertantur
1697 2678 1742 2744 dii

192 2785 291 2877 φύσιν,
306 2778 388 2874 μηδὲ
404 2786 489 2853 κατὰ
505 2786 655 2860 ἀλήθειαν
672 2788 771 2853 ὄντων
787 2787 806 2860 ἢ
825 2792 941 2854 καλου·
995 2790 1051 2874 qui
1071 2810 1130 2854 nec
1152 2791 1279 2870 natura,
1303 2810 1361 2854 nec
1384 2787 1520 2853 veritate
1543 2787 1587 2852 dii
1610 2790 1686 2853 eunt
1709 2789 1742 2852 et

195 2893 293 2979 μένων
308 2892 394 2958 θεῶν·
409 2896 542 2986 εἴρηται,
559 2897 608 2960 ίνοι
620 2893 820 2986 γιγνώσκωσί
835 2919 868 2961 σε
884 2896 939 2961 τὸν
995 2897 1160 2975 vocantur,
1177 2893 1298 2960 dictum
1317 2897 1382 2959 eat:
1409 2893 1481 2959 ‘Ut
1500 2897 1694 2980 cognoscant
1710 2896 1742 2959 te

194 2999 288 3090 μόνον
313 2999 460 3075 ἀληθινὸν
485 3001 584 3080 Θεύν;
995 3000 1101 3068 εοίιιιιι
1124 3023 1236 3068 verum
1259 3002 1362 3068 Deum
1380 3003 1421 3082 „i

809 3323 919 3389 Ἀλλο.
948 3363 988 3374 -
1010 3326 1125 3393 Aliud.

240 3542 275 3601 Εἰ
300 3537 390 3626 μόνος
411 3541 495 3602 ἐστιν
513 3536 659 3612 ἀληθινὸς
683 3539 761 3615 Θεὸς
778 3543 794 3602 t
819 3537 939 3628 Πατὴρ,
1040 3540 1075 3610 Si
1091 3542 1188 3608 Pater
1203 3542 1321 3609 dicitur
1335 3565 1430 3609 verua
1447 3546 1481 3608 et
1495 3541 1582 3608 aolus
1599 3541 1698 3623 Deua,
1711 3545 1744 3608 et

194 3651 210 3711 ὁ
235 3637 269 3712 δὲ
284 3639 318 3724 ἐξ
333 3649 429 3714 αὑτοῦ
446 3647 544 3738 Λόγος
561 3650 595 3712 ού
616 3647 767 3720 τοιαύτην
793 3649 857 3738 ἔχει
881 3646 940 3718 τὴν
995 3649 1022 3715 si
1046 3649 1191 3715 Verbum
1214 3651 1254 3716 ab
1277 3651 1348 3735 ipso
1378 3672 1441 3717 non
1471 3651 1569 3717 hebet
1600 3651 1743 3716 camdem

195 3755 283 3844 φύσιν
308 3756 417 3819 ὅποιαν
442 3757 458 3818 ὁ
482 3755 633 3846 γεννήσας
655 3757 759 3839 αὐτὸν,
778 3754 848 3820 ἀλλ’
873 3757 942 3821 ἔστι
996 3761 1156 3838 naturam,
1180 3779 1277 3842 quam
1293 3757 1349 3824 ille
1368 3757 1423 3842 qui
1446 3758 1559 3844 genuit
1581 3779 1665 3837 eum,
1689 3757 1743 3824 sed

194 3871 331 3952 γενητῆς
354 3863 468 3944 ούσίας,
485 3861 542 3928 κᾶν
557 3863 596 3927 τὸ
612 3861 813 3953 ὑπερκεῖσθαι
829 3861 871 3928 τὰ
887 3865 944 3928 ἄλ·
996 3865 1100 3931 oritur
1122 3887 1142 3930 a
1164 3865 1250 3931 facta
1265 3865 1455 3945 substantia,
1472 3864 1597 3930 etiamsi
1609 3868 1743 3948 cuperet

194 3971 238 4032 λιι
259 3967 366 4032 πάντα
389 3971 556 4059 ποιήματα
584 3961 720 4060 δέχηται
743 3970 814 4061 παρ’
840 3977 941 4062 ἡμῶν,
996 3993 1106 4038 omnes
1140 3975 1281 4039 caeterae
1315 3976 1489 4053 creaturae,
1519 3972 1621 4038 dicere
1645 3993 1741 4057 penae

195 4086 259 4153 πῶς
283 4075 454 4166 ἕτῑρθΰσῑος
478 4075 531 4161 ὧν,
556 4078 610 4143 καὶ
633 4081 689 4142 οὐκ
712 4076 876 4159 ἀληθινὸς,
901 4081 941 4153 ὡς
997 4102 1054 4146 noe
1071 4082 1129 4160 est,
1146 4078 1305 4164 quomodo
1320 4102 1419 4164 quum
1435 4078 1568 4144 alteriue
1585 4078 1740 4143 essentiae

196 4189 281 4275 ὑμεῖς
298 4185 388 4276 φατὲ,
404 4187 516 4251 ἑαυτὸν
534 4186 685 4252 συνάπτει
700 4196 746 4270 τῷ
763 4184 848 4250 κατὰ
865 4185 944 4254 ἀλοί-
996 4191 1048 4270 eit,
1072 4210 1176 4274 nequa
1199 4210 1294 4253 verus
1313 4188 1412 4268 Deus,
1435 4191 1472 4253 ut
1496 4209 1551 4253 voa
1574 4186 1689 4266 dicitis,
1706 4207 1740 4250 se

197 4291 282 4357 θειαν
307 4291 375 4357 ὄντι
391 4298 461 4376 Θεῷ
478 4293 533 4358 καί
554 4293 607 4358 σύν
632 4297 717 4377 αύτῷ
741 4286 944 4384 γνωρίζεσθαι
999 4299 1165 4381 comparat
1179 4295 1227 4360 illi
1243 4296 1298 4381 qui
1314 4296 1347 4361 in
1363 4295 1498 4361 veritate
1522 4294 1608 4360 Deua
1627 4295 1685 4373 eet,
1710 4295 1743 4357 et

196 4399 279 4467 θέλει
301 4401 411 4492 λέγων·
427 4400 500 4466 Ἵνα
521 4401 697 4493 γινώσκωσί
713 4426 747 4466 σε
771 4403 825 4467 τὸν
851 4401 943 4490 μόνον
999 4427 1070 4472 cum
1094 4403 1151 4470 illo
1174 4402 1270 4470 simul
1293 4403 1442 4488 cognosci
1473 4401 1554 4483 vult,
1577 4400 1741 4486 inquiens:

197 4507 344 4583 ἀληθινὸν
368 4511 458 4597 Θεὸν,
478 4511 532 4575 καί
556 4510 589 4577 tv
614 4511 799 4588 ἀπέστειλας
824 4515 943 4584 Ἰησοῦν
1001 4513 1079 4581 ‘Ut
1093 4517 1289 4600 cognoscant
1312 4517 1344 4578 te
1367 4511 1471 4578 solum
1495 4511 1601 4578 Deum
1619 4531 1741 4590 rerum,

196 4618 346 4709 Χριστύνς
371 4629 460 4685 ποῖον
478 4619 537 4711 γὰρ
555 4623 620 4710 ἔχει
635 4621 731 4711 λύγον
751 4621 789 4686 τὸ
814 4622 943 4709 κτίσμα,
998 4625 1031 4688 at
1053 4643 1150 4707 quem
1166 4620 1281 4686 misisti
1295 4619 1409 4686 Jesum
1425 4617 1588 4684 Christum
1603 4621 1642 4698 ,ί
1664 4617 1743 4683 Ete-

196 4725 230 4790 ὃν
254 4723 323 4790 καθ’
342 4730 422 4814 ὑμᾶς
440 4726 494 4791 σύν
510 4736 556 4812 τῷ
574 4729 715 4811 ἀκτίστῳ
730 4721 942 4818 γνωρίζεσθαι,
998 4729 1065 4794 nim
1077 4751 1141 4814 qua
1156 4727 1280 4794 ratione
1296 4730 1455 4806 creatura,
1470 4729 1508 4790 ut
1525 4730 1574 4790 eat
1585 4724 1640 4790 ille
1648 4725 1743 4809 juxta

196 4834 249 4898 καί
261 4834 299 4899 τύ
314 4837 536 4925 πεποιημένον,
550 4845 596 4920 τῷ
611 4835 654 4925 μὴ
672 4834 844 4922 ποιηθέντι,
862 4828 943 4923 μηδὲ
997 4858 1064 4917 voe,
1080 4857 1153 4902 cum
1171 4835 1313 4901 increato
1324 4833 1552 4920 cognoscitur?
1569 4835 1601 4897 et
1621 4831 1741 4898 factum

197 4941 343 5032 γεγονότι
358 4941 689 5033 συγκαταριθμεῒσθαι;
706 4947 741 5006 Ei
757 4941 817 5034 γὰρ
834 4933 943 5014 δοίητε
997 4943 1371 5029 aliquidconnumcratur
1383 4940 1521 5008 cumillo
1532 4940 1587 5025 qui
1600 4961 1743 5026 uecope·

197 5060 292 5116 τοῦτο
315 5061 453 5141 κρατεῖν,
477 5050 531 5114 καί
554 5051 651 5126 οὕτως
672 5053 756 5141 ἔχειν
781 5040 940 5134 δύνασθαι,
998 5073 1034 5118 ra
1045 5050 1118 5132 fuit,
1130 5073 1188 5118 nec
1200 5050 1350 5118 factura?
1366 5049 1403 5117 Id
1419 5049 1540 5136 quippe
1556 5048 1583 5114 ei
1596 5048 1742 5114 obtinere

238 5277 261 5353 ¹)
278 5277 325 5336 Ex
344 5277 408 5336 eod.
427 5278 478 5336 fol.
498 5279 553 5336 ccl.
572 5280 599 5352 4,
618 5283 649 5337 et
665 5279 716 5336 fol.
734 5277 797 5350 209,
816 5279 871 5337 col.
891 5279 915 5336 1.
1035 5280 1057 5351 ¹)
1076 5277 1163 5339 Jcan.
1181 5294 1243 5352 xxv,
1262 5279 1288 5336 6.
