3944 6074
1067 943 1129 1009 111.

661 1161 852 1223 ΠΡΟΚΛΟΥ
876 1161 1024 1222 ΛΥΠΙΟΥ
1049 1161 1311 1223 ΠΛΑΤΩΠΙΚΟΥ
1336 1163 1535 1223 ΔΙᾸΔΟΧΟΥ

558 1368 714 1458 ἐπίσκεψις
738 1381 800 1435 τῶν
825 1376 876 1435 ὑπ’
904 1375 1139 1461 Ἀριστοτέλους
1164 1376 1194 1435 ἐν
1221 1363 1353 1462 δευτέρῳ
1378 1382 1440 1435 τῶν
1466 1375 1640 1437 Πολιτικῶν

711 1482 785 1570 πρὸς
802 1479 862 1552 τήν
881 1481 1049 1555 Πλάτωνος
1066 1481 1231 1544 Πολιτείαν
1251 1480 1488 1570 ἀντειρημένων.

370 1700 395 1758 Τ
398 1704 433 1769 ής
450 1694 473 1780 1)
499 1694 666 1770 Πλάτωνος
692 1697 857 1772 Πολιτείας
881 1700 896 1759 ό
922 1687 1078 1786 δαιμόνιος
1096 1695 1329 1786 Ἀριστοτέλης,
1348 1699 1378 1758 ἑν
1397 1704 1441 1778 τῷ
1459 1686 1591 1784 δευτέρῳ
1617 1702 1679 1757 τῶν
1698 1695 1857 1757 Πολιτικῶν

324 1794 466 1878 ἐξέτασιν
489 1802 686 1891 ποιοίμενος,
712 1805 814 1892 ὥσπερ
840 1802 944 1867 εἴωθεν
970 1804 1028 1892 πρὸ
1061 1813 1123 1866 τῶν
1157 1801 1292 1886 αὐτόνί)
1317 1805 1511 1892 ἀρεσκόντων
1543 1796 1722 1886 βασανίζειν
1746 1799 1786 1864 τά
1808 1809 1858 1862 τῶν

322 1909 549 1996 παλαιοτέρων,
573 1921 695 1999 πρῶτον
721 1915 820 1974 έκεῖνο
851 1913 1040 2000 παρείληφεν
1072 1903 1194 1998 ἀξίωμα
1219 1910 1390 1975 κάλλιστον
1414 1910 1485 1999 περί
1508 1909 1610 1984 πάσης
1642 1908 1803 1982 πολιτείας
1831 1909 1858 1970 ἐκ

325 2009 509 2106 διαιρέσεως,
533 2024 573 2093 ὡς
598 2018 658 2108 ἄρα
683 2023 853 2110 ἀναγκαῖον
878 2017 897 2088 ή
923 2017 1049 2082 πάντων
1075 2013 1151 2083 εἶναι
1174 2020 1334 2082 κοινωνίαν
1360 2029 1423 2093 τοῖς
1438 2013 1464 2101 ³)
1487 2027 1559 2106 μιᾶς
1583 2018 1746 2091 πολιτείας
1771 2037 1857 2103 μετει-

284 2155 296 2191 ε
323 2127 467 2215 ληχόσιν,
492 2125 510 2197 ἢ
538 2119 681 2213 μηδενός,
706 2125 725 2198 ἢ
745 2136 807 2190 τῶν
826 2127 880 2215 μὲν
899 2137 960 2190 τῶν
980 2119 1006 2188 δ’
1025 2129 1058 2190 οὑ
1076 2138 1232 2191 κοινωνεῖν
1251 2129 1411 2201 ἀλλήλοις·
1430 2127 1483 2190 καί
1501 2128 1537 2189 το
1556 2125 1610 2214 μέν
1637 2117 1771 2212 μηδενός
1796 2117 1858 2186 εἶναι

323 2237 483 2298 κοινωνίαν
509 2247 573 2309 τοῖς
597 2235 656 2307 τήν
682 2234 782 2305 αὀτήν
808 2239 940 2298 οἰκοῦσιν
960 2227 1113 2299 ἀδύνατον
1131 2231 1216 2299 εἶναι.
1235 2243 1324 2299 Πᾶσα
1341 2235 1400 2325 γάρ
1421 2237 1510 2309 πόλις
1535 2233 1765 2297 κοινωνούντων
1789 2229 1857 2293 ἐστίν

326 2344 475 2418 ἀλλήλοις
501 2341 679 2432 ἀνθρώπων,
705 2344 758 2407 καὶ
782 2336 1041 2432 συμόαλλόντων.
1068 2347 1111 2408 Το
1137 2337 1170 2408 δέ
1193 2343 1338 2421 πάντων,
1363 2345 1474 2431 ὁμοίως
1501 2343 1684 2431 ἀμήχανον·
1711 2351 1774 2415 τοῖς
1796 2349 1855 2426 γοῦν

325 2449 464 2538 σώμασιν
492 2443 576 2526 ἰδίοις
602 2452 723 2540 ἀνάγκη
751 2451 898 2540 χρῆσθαι,
923 2452 977 2514 καί
995 2464 1063 2528 ταῖς
1075 2451 1101 2536 ⁴)
1119 2451 1298 2524 αἰσθήσεσιν
1317 2444 1542 2542 διαφερούσαις,
1567 2451 1620 2514 καί
1643 2461 1710 2524 τοῖς
1735 2456 1855 2538 φυσικοῖς

325 2559 424 2646 ἔργοις
450 2557 573 2622 άπασιν·
592 2553 633 2622 ὧν
650 2558 876 2646 ὑφαιρεθέντων
891 2557 915 2639 ⁵)
932 2561 1077 2625 λείπεται
1095 2571 1157 2624 τῶν
1175 2561 1229 2647 μέν
1247 2555 1323 2624 εἶναι
1348 2563 1507 2624 κοινωνίαν
1526 2565 1556 2624 έν
1574 2571 1643 2635 ταῖς
1668 2559 1788 2636 πόλεσι,
1807 2565 1855 2617 τῶν

272 2686 296 2724 ιο
327 2653 359 2729 δέ
384 2665 426 2753 μή
454 2659 530 2729 εἶναι
554 2677 617 2740 τοῖς
643 2665 824 2754 ἀνθρώποις·
849 2677 943 2730 τοῦτο
969 2665 1024 2756 μὲν
1040 2668 1063 2750 6)
1089 2661 1140 2730 οὖν
1158 2667 1194 2730 τό
1217 2659 1338 2755 ἀξίωμα
1355 2659 1529 2757 προόλαόεν
1556 2667 1658 2740 αὐτός.
1685 2667 1813 2753 Εἴρηται
1833 2651 1858 2722 δέ

327 2770 379 2833 καί
403 2773 462 2835 ὑπό
488 2771 665 2854 Πλάτωνος,
680 2774 729 2836 ὅτι
753 2771 879 2836 πάντων
906 2772 961 2861 μέν
985 2767 1062 2837 εἶναι
1087 2776 1246 2838 κοινωνίαν
1272 2775 1327 2837 οὐκ
1347 2765 1518 2862 ἐνδέχεται,
1537 2775 1574 2838 τό
1598 2763 1632 2837 δέ
1656 2779 1697 2846 ιὐς
1721 2771 1857 2836 πλείστην

326 2874 403 2942 εἶναι
421 2878 515 2962 rw)
533 2883 694 2944 κοινωνίαν
713 2879 836 2971 αἱρετόν
854 2885 884 2944 ἑν
904 2892 972 2956 ταῖς
992 2883 1229 2971 εὐνομουμέναις
1246 2883 1384 2945 πόλεσιν·
1403 2882 1456 2946 καί
1473 2872 1650 2952 δεδήλωκεν
1668 2883 1708 2944 τό
1726 2877 1779 2966 μέν
1794 2873 1857 2952 πρό-

325 3011 415 3074 τερον
440 2993 470 3052 ἐν
495 2983 537 3062 οἷς
556 2979 723 3076 διορίζεται
741 2990 794 3052 καί
810 2989 1004 3080 προστάττει
1020 3001 1134 3079 ιχρῆναι
1150 2991 1282 3054 ἕκαστον
1301 2993 1331 3054 ἔν
1349 3015 1381 3053 τι
1397 2981 1593 3062 ἐπιτηδεύειν
1611 2989 1686 3077 πρός
1708 2988 1856 3073 ἀπέρυκεν

325 3095 379 3158 καί
403 3094 446 3182 μή
474 3089 663 3183 ὑφαρπάζειν
681 3094 752 3159 τινά
770 3097 807 3160 τό
824 3087 923 3184 μηδὲν
942 3099 1025 3178 αὐτῷ
1044 3107 1200 3185 προσῆκον
1218 3087 1414 3186 ἐπιτήδευμα
1435 3097 1489 3160 καί
1512 3099 1610 3188 ἔργον.
1638 3102 1673 3160 Εἰ
1697 3095 1756 3186 γάρ
1779 3101 1857 3156 τοῦτο

272 3225 296 3260 1⁵
327 3202 459 3284 ἀληθές,
484 3205 517 3266 οό
542 3203 658 3279 πάντες
682 3203 810 3268 πάντων
835 3205 1074 3277 κοινωνήσουσιν
1105 3197 1385 3292 ἐπιτηδευμάτων,
1410 3205 1479 3268 ἀλλ’
1506 3211 1534 3268 οἰ
1558 3210 1703 3294 ὁμοφυεῖς
1727 3201 1768 3268 τά
1792 3195 1857 3262 αντᾶ

326 3303 583 3382 ὲπιτηδεόσουσιν
608 3311 710 3400 μόνον.
736 3319 762 3376 Τ
765 3313 780 3377 ό
805 3305 838 3376 δέ
862 3303 1016 3402 δεύτερον,
1042 3318 1072 3377 έν
1102 3309 1143 3385 οἷς
1169 3335 1261 3401 φησιν
1285 3323 1399 3400 χρῆναι
1424 3311 1636 3401 συντετάχθαι
1657 3313 1734 3402 πρός
1758 3305 1857 3374 ἑαυτήν

326 3420 408 3481 οὕτω
425 3417 483 3488 τήν
508 3419 599 3482 πόλιν
624 3424 663 3492 ὡς
687 3420 752 3493 ἑνός
771 3419 847 3508 μέρη
868 3419 1023 3507 σώματος.
1042 3420 1102 3484 Καὶ
1119 3419 1178 3508 γάρ
1196 3430 1299 3483 ταῦτα
1317 3411 1453 3509 διαφέρει
1471 3419 1526 3510 μὲν
1552 3422 1701 3494 ἀλλήλων
1726 3418 1777 3482 καί
1793 3415 1857 3478 ἀλλο

327 3525 424 3588 ἄλλον
450 3526 550 3616 ἔργον,
575 3531 614 3600 ὡς
638 3527 676 3590 τό
702 3526 757 3613 μέν
782 3531 865 3615 ὁρᾶν,
891 3528 928 3590 τό
947 3518 979 3592 δέ
996 3527 1128 3606 ἀκούειν,
1146 3529 1183 3590 τό
1209 3519 1242 3592 δέ
1266 3537 1359 3590 κινεῖν
1376 3529 1411 3610 ὃ),
1436 3529 1473 3590 τό
1499 3517 1532 3591 δέ
1555 3527 1687 3616 τρέφειν·
1712 3547 1813 3590 παντα
1833 3511 1858 3580 δὲ

328 3635 478 3709 ἀλλήλοις
504 3632 663 3720 συμπαθεῖ
685 3635 740 3697 καί
764 3636 838 3722 μίαν
863 3629 946 3712 ζωήν
971 3627 1021 3718 ζῇ,
1047 3635 1100 3698 καὶ
1124 3639 1164 3709 εἰς
1179 3635 1203 3715 9)
1229 3637 1302 3722 μίαν
1328 3635 1506 3724 ἀνήρτηται
1530 3632 1644 3724 ψυχήν·
1668 3635 1723 3698 καί
1747 3623 1857 3696 διδόντα
1921 3675 1922 3684 1

272 3760 298 3797 ν’]
327 3742 459 3805 ἕκαστον
477 3747 517 3815 εἰς
533 3740 640 3805 πάντα
656 3744 693 3805 τό
712 3747 822 3807 οἰκεῖον
840 3743 928 3832 ἔργον
946 3736 1100 3832 λαμίίάνει
1117 3743 1200 3832 παρά.
1219 3751 1281 3806 τῶν
1300 3743 1403 3805 ἀλλων
1421 3743 1458 3806 τό
1475 3744 1549 3830 πρὸς
1566 3743 1625 3814 τήν
1644 3746 1739 3806 αὑτοῦ
1756 3739 1857 3828 χρείῑν,

327 3849 380 3912 καί
404 3840 455 3912 διά
480 3860 574 3914 τοῦτο
598 3851 662 3925 ἑνός
687 3855 858 3942 ἀλγοῦντος
876 3850 895 3923 ή
915 3845 1131 3940 ὑγιαζομένου,
1149 3852 1278 3940 λέγεται
1296 3854 1405 3941 ἀλγεῖν
1423 3855 1438 3913 ό
1457 3849 1613 3940 ἀνθρωπος
1638 3849 1656 3920 ή
1683 3843 1857 3940 ὑγιάζεσθαι

328 3950 375 4022 διό
401 3982 431 4020 τι
456 3959 508 4020 καί
532 3959 568 4020 τό
594 3969 648 4021 τοῦ
676 3959 785 4047 μέρους
811 3957 926 4050 ἀγαθόν
952 3957 970 4029 ή
996 3960 1094 4021 κακόν
1110 3955 1148 4034 ¹⁰)
1174 3969 1228 4022 τοῦ
1253 3961 1326 4022 όλου
1352 3959 1435 4022 ἐστίν
1462 3957 1578 4047 ἀγαθον
1604 3959 1622 4029 ἢ
1648 3959 1754 4022 κακόν.

372 4067 521 4156 Δεότερον
547 4057 580 4129 δὲ
605 4065 687 4152 μετά
704 4077 799 4130 τοῦτο
815 4071 852 4131 τὸ
871 4061 993 4156 ἀξίωμα
1010 4068 1119 4130 λοιπόν
1137 4073 1178 4142 εἰς
1194 4067 1253 4133 τήν
1271 4061 1411 4144 ἐξέτασιν
1429 4065 1534 4140 καθείς
1555 4069 1674 4152 ἀπορεῖ,
1691 4073 1755 4136 πῶς
1778 4067 1855 4122 τοῦτο

328 4165 459 4240 δυνατόν
484 4177 521 4238 τό
547 4176 619 4263 μίαν
644 4169 721 4238 εἶναι
745 4173 804 4244 τήν
821 4177 923 4255 πόλιν,
948 4181 987 4250 ὡς
1005 4186 1099 4239 τοῦτο
1117 4175 1242 4263 ἄριστον
1260 4177 1303 4238 όν·
1320 4168 1492 4261 λαμήάνειν
1511 4173 1565 4262 μέν
1589 4172 1649 4263 γάρ
1673 4171 1792 4239 ταύτην
1813 4165 1855 4226 τίν

271 4311 299 4349 ιι
329 4284 502 4373 Σωκράτην
527 4283 585 4354 τήν
611 4281 769 4364 ὑπόθεσιν,
791 4277 869 4346 εἷναι
894 4275 927 4348 δὲ
949 4295 1044 4348 τοῦτο
1070 4288 1233 4358 παντελῶς
1259 4283 1387 4348 ἄτοπον·
1413 4285 1485 4371 μίαν
1510 4281 1570 4372 γάρ
1598 4279 1784 4370 γιγνομένην
1807 4271 1852 4337 τήν

327 4393 418 4455 πόλιν
434 4391 485 4454 ἐπί
503 4394 624 4477 μᾶλλον
642 4390 827 4471 ἀπολλύναι,
845 4393 899 4455 καί
915 4398 1002 4456 τοῦτ’
1022 4393 1110 4473 αιἰτό,
1127 4392 1163 4455 τὸ
1180 4389 1218 4474 ¹¹)
1237 4386 1314 4455 εἶναι
1330 4393 1433 4455 πόλιν·
1451 4393 1571 4478 μᾶλλον
1589 4388 1649 4479 γάρ
1668 4392 1740 4476 μίαν
1757 4383 1851 4448 οἰκείαν

327 4501 446 4574 πόλεως
471 4497 571 4586 φαμέν
597 4491 683 4579 εἶναι,
709 4498 761 4560 καί
785 4499 837 4562 ἕνα
863 4503 984 4587 μᾶλλον
1009 4511 1066 4574 τῆς
1092 4501 1204 4574 οἰκείας
1229 4499 1370 4562 ἕκαστον·
1389 4501 1415 4560 εἰ
1438 4491 1489 4560 οὖν
1514 4495 1567 4558 καί
1592 4486 1725 4558 δυνατόν
1747 4489 1782 4563 ἦν
1803 4492 1854 4550 ἐπι-

328 4609 442 4672 τείνειν
465 4603 524 4678 τήν
549 4607 655 4670 ἕνωσιν
679 4617 738 4680 τῆς
762 4607 892 4690 πόλεως,
916 4612 955 4681 ῶς
972 4608 1079 4680 ἔοικεν,
1098 4612 1153 4669 οὐκ
1170 4602 1207 4678 ήν
1226 4605 1326 4694 όρθόν·
1344 4623 1372 4675 -;;
1399 4607 1545 4692 ἀνῃρεῖτο
1569 4599 1628 4692 γάρ
1652 4607 1671 4672 ή
1699 4601 1792 4670 πόλις,
1813 4585 1853 4654 καὶ

366 4837 388 4910 ¹)
408 4836 540 4892 Ood.f01.
561 4837 613 4892 196
625 4855 661 4910 v.,
675 4835 826 4892 Holstenii
845 4853 946 4906 apogr.
965 4853 993 4907 p.
1015 4835 1075 4892 136.
1130 4839 1212 4896 vocis
1232 4838 1394 4912 supposita,
1415 4838 1483 4894 fort.
1504 4835 1674 4910 suspicatus
1694 4827 1851 4906 ὑφιιριοέντυν

327 4958 364 4970 -
382 4927 461 4998 Maii,
482 4929 670 5001 Scriptorum
683 4932 814 4984 veterum
831 4944 907 4982 ιιουα
921 4929 984 4982 coll.
1004 4933 1024 4980 t.
1044 4943 1076 4996 11,
1178 4929 1201 5000 ἰ)
1221 4929 1258 4982 H.
1277 4928 1328 4983 fol.
1349 4928 1400 4982 136
1419 4945 1446 4982 v.

328 5035 356 5090 p.
376 5019 500 5073 672-675.
1178 5017 1200 5088 ⁷)
1219 5016 1256 5070 H.
1277 5034 1332 5071 om.
1352 5017 1395 5072 τήν
1415 5020 1446 5069 et
1465 5014 1568 5084 αἰριτόν.

364 5107 386 5179 ²)
406 5107 445 5162 M.
466 5109 541 5178 αὐτῷ.
1181 5107 1203 5178 ⁸)
1222 5105 1290 5162 Cod.
1310 5105 1361 5160 fol.
1382 5104 1442 5159 197.

365 5195 388 5268 ³)
407 5197 444 5250 H·
465 5201 515 5259 τῆς·
1179 5197 1202 5268 ⁹)
1220 5195 1257 5250 Η.
1276 5195 1315 5250 M.
1336 5197 1367 5253 ἐι·

365 5285 390 5356 ⁴)
408 5285 446 5340 Η.
466 5285 505 5340 M.
526 5292 585 5349 τοῖς.
1167 5281 1201 5356 1⁰)
1220 5283 1257 5337 Η.
1276 5282 1326 5337 fol.
1348 5281 1408 5336 137.

366 5374 388 5450 ἰ)
408 5373 477 5431 God.
492 5377 660 5446 ὑπιριοὲντον.
678 5373 786 5432 Haesit
798 5373 863 5430 libr.
872 5373 981 5430 lineola
990 5373 1075 5432 initio
1170 5374 1205 5448 ¹¹)
1224 5373 1262 5429 M.
1283 5389 1339 5428 om.
1360 5373 1395 5426 τό.
