3944 6074
252 473 307 532 204
803 465 885 540 Oea.
906 463 1035 540 Medic.
1055 465 1246 539 varietates.

298 631 343 706 ML
355 641 378 705 f.
394 642 434 705 12
450 663 477 705 ν.
494 677 533 686 -
546 641 568 705 l.
585 641 624 705 15
642 637 806 720 τελέουσα)
825 639 999 702 τελείουσα.
1053 647 1122 707 tam
1147 643 1243 723 eaput
1266 638 1438 704 secundnm
1462 641 1495 704 et
1516 642 1621 703 totum
1643 637 1710 704 fere
1733 643 1795 704 ter-

252 748 330 813 -l.
349 751 386 813 18
401 745 653 832 reanimarem)
666 743 939 831 συμπτύσσουσαν.
957 781 999 793 -
1053 750 1133 813 tium
1155 796 1181 824 ,.
1211 745 1331 810 Eadem
1359 768 1454 810 manu
1484 746 1516 810 in
1543 745 1628 810 edito
1653 745 1792 830 legitur:

255 855 277 919 l.
296 857 339 920 24
355 853 408 915 καί
432 843 486 938 δὴ)
503 851 556 914 καί
574 842 630 916 δεῖ.
648 889 692 900 -
707 854 730 918 l.
748 855 790 918 26
814 851 867 915 καί
891 855 906 914 ὁ
932 858 999 916 Σω-
1055 859 1068 888 ⁸
1090 856 1152 921 Hic
1175 858 1207 920 in
1232 879 1306 920 mss.
1323 853 1464 920 Mediceo
1480 853 1702 920 desiderantur
1717 877 1795 938 qua-

254 960 387 1050 κράτης)
411 984 473 1028 orn.
498 965 560 1026 καὶ.
1052 965 1212 1030 terniones
1240 969 1273 1029 B.
1297 965 1331 1029 Γ.
1356 968 1391 1028 Δ.
1416 965 1450 1029 E.
1469 1011 1492 1042 ,.
1517 961 1603 1028 Nam
1633 963 1674 1027 ab
1706 963 1795 1028 initio

298 1071 336 1136 In
353 1073 497 1156 margine
513 1071 581 1136 eod.
606 1071 716 1136 infimo
740 1070 782 1136 H.
806 1072 884 1137 haec
907 1075 998 1136 nota·
1052 1073 1076 1138 f.
1096 1075 1135 1138 13
1152 1073 1184 1138 in
1201 1073 1320 1158 angulo
1336 1071 1488 1137 exteriori
1504 1071 1627 1156 legitur
1642 1082 1688 1144 ÷
1705 1093 1728 1144 ι·
1743 1084 1793 1153 ÷,

254 1177 302 1244 vit
325 1201 421 1244 manu
446 1201 516 1244 sua:
1052 1181 1100 1245 nti
1116 1180 1255 1245 solemne
1267 1180 1300 1242 in
1312 1179 1371 1245 hoc
1385 1179 1455 1244 loco
1467 1182 1500 1243 et
1513 1177 1677 1262 singulare
1691 1183 1740 1244 est
1752 1179 1796 1243 hi·

301 1289 317 1319 “
331 1287 395 1353 Hic
417 1288 638 1353 desiderantur
657 1292 795 1372 quatuor
812 1287 996 1372 quaternio·
1051 1311 1102 1354 sce
1118 1289 1240 1354 duobus
1254 1288 1412 1354 codicibus
1426 1287 1569 1382 Mediceo
1582 1291 1614 1352 et
1627 1285 1793 1353 Vaticano.

255 1415 315 1475 res,
333 1393 394 1458 hoe
409 1396 457 1458 est
473 1415 547 1477 pars
562 1414 683 1480 magna
695 1395 809 1478 capitis
826 1393 931 1477 primi,
949 1398 997 1458 to·

299 1721 403 1804 Caput
425 1719 469 1788 Π.
492 1717 566 1808 Περὶ
589 1726 652 1782 τῶν
675 1717 749 1806 πρὸς
774 1718 828 1782 τδν
853 1718 922 1806 ὅρον
946 1724 1003 1790 τῆς
1028 1705 1224 1789 δικαιοσύνης
1249 1713 1302 1778 τόν
1327 1723 1381 1779 τοῦ
1409 1715 1616 1806 Πολεμάρχου
1642 1713 1795 1805 ῥηθίντων
1906 1747 1907 1794 ρ

254 1829 313 1893 ὑπὸ
337 1837 393 1892 τοῦ
418 1827 603 1917 Σωκράτους
628 1830 857 1915 συλλογισμῶν.

298 1938 352 2004 De
378 1939 574 2022 sylloyr'smis
600 1960 621 2003 a
648 1935 778 2003 Socrate
805 1935 955 2002 adductis
982 1936 1138 2000 adversas
1158 1935 1312 2017 justitiae
1340 1935 1558 2016 definitionem
1587 1933 1678 2016 apud
1705 1932 1797 1999 Pole-

254 2047 429 2112 merebam.

299 2207 403 2292 Caput
426 2205 485 2271 Ill.
510 2205 585 2292 Περὶ
607 2213 668 2268 τῶν
694 2204 767 2294 ὑπὲρ
801 2193 995 2278 δικαιοσύνης
1031 2202 1189 2292 τεττάρων
1220 2203 1323 2295 λόγων
1348 2206 1378 2268 ἐν
1403 2204 1551 2286 Πολιτείᾳ
1573 2203 1647 2292 πρὸς
1679 2199 1723 2266 τά
1745 2209 1797 2266 τοῦ

254 2311 468 2404 Θρασυμάχου
491 2310 631 2401 τέτταρα
656 2303 804 2400 δόγματα
827 2311 896 2400 περὶ
921 2313 1029 2386 αὐτῆς,

300 2426 353 2490 De
369 2429 507 2505 quatuor
524 2423 724 2506 ornamentis
740 2420 950 2502 Reipretlieae
972 2423 1108 2488 insertis
1132 2423 1170 2488 de
1182 2423 1328 2504 justitio,
1352 2421 1507 2487 adversus
1531 2428 1670 2504 quatuor
1699 2421 1798 2486 lbra·

256 2532 401 2618 synraeti
424 2531 574 2614 doymata
598 2530 637 2594 de
660 2528 780 2594 eadem.

304 2693 472 2760 Caeterum
488 2691 577 2756 bared
586 2711 697 2772 patrea
714 2711 753 2754 en
768 2691 862 2755 tertio
879 2691 1019 2772 capitato
1035 2698 1220 2772 supersunt,
1237 2692 1352 2774 anctus
1369 2693 1533 2758 edocemur
1548 2693 1680 2759 tertiam
1700 2693 1799 2758 Thra·

256 2802 402 2886 symachi
418 2800 532 2884 domim
548 2801 583 2864 in
601 2819 635 2864 eo
645 2799 853 2879 potissimum
869 2801 1004 2878 stetisse,
1017 2800 1102 2880 qaod
1114 2801 1265 2882 eajnsqae
1277 2799 1418 2866 bomim's
1428 2802 1595 2882 justitiam
1608 2799 1647 2865 ot
1660 2800 1798 2882 ejusdem

249 2910 395 2994 pendere
412 2908 642 2990 passionitns;
665 2913 778 2972 contra
795 2909 936 2988 ponitur
958 2909 1074 2972 tertius
1091 2909 1244 2990 justitiae
1268 2929 1382 2988 canon,
1406 2909 1526 2974 seilicet
1549 2910 1585 2973 in
1608 2927 1799 2992 quocumque

255 3020 321 3084 oiri
344 3039 413 3084 earn
427 3017 641 3098 passionibus
666 3018 849 3095 certamine,
874 3017 1017 3097 alr'qrmm
1041 3037 1214 3094 oeearrere,
1231 3037 1328 3098 saepe
1349 3037 1511 3101 mannam,
1528 3017 1623 3081 immo
1648 3015 1797 3097 saniorem

250 3128 403 3210 justitiae
424 3127 583 3203 virtatem,
609 3126 658 3189 ita
675 3126 821 3205 prienam
846 3127 1002 3189 sentiente
1024 3124 1161 3189 Amelio.
1189 3125 1312 3206 Quarto
1336 3131 1442 3190 antem
1469 3123 1705 3206 Thrasymaeti
1728 3122 1799 3203 doy-

257 3239 340 3300 mate
356 3235 462 3300 asseri
477 3234 604 3297 videtur
620 3233 776 3314 injustam
794 3232 952 3302 borninem
962 3233 1051 3314 jaste
1075 3253 1143 3297 esse
1156 3232 1342 3313 feliciorem,
1354 3233 1444 3314 jaste
1460 3252 1532 3296 vero
1547 3231 1633 3296 nibil
1645 3231 1799 3312 prodesse

250 3342 428 3425 justitiam,
444 3342 514 3406 nisi
535 3341 679 3422 injustas
695 3340 854 3418 videatur,
879 3340 974 3421 idque
998 3346 1080 3405 certo
1105 3343 1224 3406 certius
1247 3361 1315 3406 esse
1337 3343 1459 3423 quoties
1483 3341 1593 3423 aaitar
1613 3339 1652 3404 de
1667 3339 1799 3420 justitio

252 3450 399 3531 politica,
424 3469 520 3532 qaam
542 3448 688 3529 sophista
703 3448 789 3513 nibil
811 3467 879 3512 esse
900 3448 968 3512 vult
990 3449 1058 3512 nisi
1077 3449 1162 3530 qaod
1177 3451 1281 3532 inanis
1297 3449 1422 3514 civitati
1432 3447 1597 3529 proficiat.
1615 3445 1675 3512 Sat
1685 3445 1800 3528 paneis

259 3557 392 3622 Proelm
415 3556 454 3622 eie
476 3555 533 3621 boe
556 3561 744 3640 oraummrto
769 3555 926 3636 disputat.

302 3873 346 3941 M.
363 3875 386 3941 f.
405 3877 457 3940 13.
475 3912 516 3922 -
532 3874 591 3940 Ed.
608 3898 639 3959 p.
655 3875 766 3954 353,1.
782 3873 1000 3957 scalatum)
1057 3877 1078 3941 l.
1098 3877 1138 3941 51
1157 3880 1213 3940 οὐκ
1231 3875 1368 3951 ἐνούσης.
1385 3892 1424 3944 -::-
1441 3877 1507 3944 Sub
1523 3878 1616 3962 signo
1632 3878 1728 3943 simili
1744 3877 1799 3942 lec·

258 3973 391 4047 ἀδικίαν.
405 4019 449 4029 -
462 3983 484 4048 l.
498 3985 540 4048 34
553 3981 626 4069 πρός
640 3981 748 4064 ἑαυτό)
764 3981 833 4071 περί
847 3985 943 4064 αύτῷ.
959 4019 1005 4030 -
1057 3987 1109 4047 tor
1132 3987 1310 4050 remittitur
1326 3985 1365 4050 ad
1384 3985 1540 4068 prolixam
1565 3985 1799 4050 adnotationem

256 4092 279 4156 l.
304 4093 345 4156 36
370 4081 519 4178 διχονίας)
545 4079 711 4177 διχονοίας.
735 4127 780 4136 --
803 4091 824 4156 l.
850 4094 892 4156 37
925 4087 1005 4154 θαυ-
1058 4112 1139 4173 quae
1162 4092 1302 4156 excurrit
1325 4091 1356 4154 in
1377 4091 1436 4155 hoc
1452 4089 1509 4155 fol.
1526 4096 1558 4155 et
1574 4091 1721 4175 sequenti
1743 4111 1797 4173 per

258 4194 483 4283 μαστώτατον)
501 4193 775 4282 θαυμαστότατον,
790 4239 828 4250 -
841 4198 885 4260 ἑνὶ
899 4197 1006 4286 μόνον)
1060 4197 1199 4280 quinque
1222 4197 1392 4282 margines.
1409 4197 1486 4263 Post
1500 4197 1540 4263 cl.
1558 4196 1696 4278 Schoell,
1713 4199 1797 4281 cujus

257 4303 301 4366 ἑνί
318 4304 413 4392 μόνῳ.
429 4341 474 4352 -
489 4307 512 4371 l.
530 4307 572 4370 39
589 4309 615 4368 εἰ
633 4305 755 4393 μέλλει)
772 4310 799 4369 εἰ
816 4306 937 4392 μέλλοι.
1060 4305 1262 4387 nuperrimos
1274 4304 1365 4383 liber,
1376 4305 1408 4368 in
1421 4304 1481 4370 hoc
1491 4303 1646 4388 temporis
1655 4303 1796 4380 articulo,

301 4411 346 4476 M.
364 4412 387 4477 l.
407 4414 448 4476 13
465 4433 495 4477 ν.
513 4449 554 4458 -
570 4410 592 4476 l.
610 4413 654 4478 44
677 4421 771 4475 τοῦτο
797 4401 821 4472 δ’
847 4403 912 4488 οὖν)
937 4420 1010 4474 τοῦ·
1062 4413 1101 4478 ad
1125 4435 1175 4478 me
1198 4413 1352 4496 pervenit,
1376 4416 1482 4478 totum
1505 4412 1679 4478 rescribere
1702 4413 1798 4478 denuo

258 4539 296 4580 το
320 4508 347 4580 δ’
372 4512 422 4590 ἧν,
448 4559 487 4570 -
510 4519 533 4584 l.
557 4519 600 4584 46
623 4518 661 4581 τὸ
686 4517 753 4604 μὲν)
785 4517 841 4581 τὸν
872 4519 942 4606 μέν,
969 4557 1012 4566 -
1064 4520 1205 4586 scholion
1222 4525 1254 4585 et
1270 4543 1430 4586 recensere
1446 4520 1485 4585 ad
1505 4519 1595 4584 fidem
1612 4520 1727 4585 codicis
1742 4539 1799 4584 non

259 4626 280 4690 l.
299 4625 340 4691 50
358 4621 438 4696 αὑτά
458 4614 668 4709 δικαιοσύνης)
684 4628 782 4700 αὐτῆς
809 4615 946 4692 δικαιοσ.
968 4664 1013 4675 -
1065 4627 1166 4712 piget.

303 4838 432 4909 Minore
449 4829 496 4903 δεῖ
510 4838 613 4929 λέγειν
631 4840 679 4902 ὅτι
696 4841 747 4904 ἐπὶ
763 4850 820 4916 τῆς
836 4839 986 4917 τοιαύτης
1004 4834 1095 4918 ἕξεως
1113 4839 1257 4924 ἀνόμοιός
1271 4841 1318 4916 τίς
1333 4843 1417 4906 ἐστιν
1434 4837 1585 4930 ὁμοιότης
1602 4839 1675 4928 πρὸς
1689 4829 1800 4903 δικαιο·

259 4939 364 5023 σύνην,
388 4944 462 5032 ὅπερ
487 4943 590 5010 εἴωθεν
615 4946 665 5010 ἐπὶ
689 4958 746 5023 τῆς
771 4949 847 5022 ὕλης
871 4945 1020 5037 λέγεσθαι
1044 4945 1170 5009 καὶτοῦ
1195 4945 1332 5034 πρώτου·
1356 4945 1489 5010 καθόσον
1515 4949 1549 5010 ού
1569 4940 1740 5034 βιαζόμενα
1762 4939 1798 5005 τά

257 5051 423 5138 κρείττονα
448 5051 541 5142 μόρια
557 5063 615 5128 τῆς
632 5049 734 5142 ψυχῆς
753 5056 862 5119 ἕπεται
879 5065 943 5127 τοῖς
961 5053 1094 5142 χείροσιν
1113 5053 1202 5140 (ὅπερ
1220 5057 1305 5115 ἐστιν
1323 5059 1342 5126 ἡ
1362 5063 1416 5116 τοῦ
1441 5042 1617 5116 ἀδικεῖσθαι
1639 5051 1698 5115 ὑπό
1722 5071 1795 5121 τινος

257 5157 368 5233 ἔννοια,
393 5159 430 5222 τ“ο
456 5159 509 5242 βίᾳ
531 5169 594 5223 τῶν
618 5160 840 5248 προσηκόντων
865 5158 1102 5247 ἀποστερεῖσθαι
1125 5164 1176 5223 ὑπ’
1202 5161 1348 5242 ἐκείνου),
1374 5163 1445 5223 ἀλλ’
1468 5160 1612 5234 ἑκουσίως
1636 5163 1793 5223 ὑποκατα-

257 5265 398 5329 κλίνεται
423 5266 509 5356 [σοό.
534 5264 855 5352 ὑποκατακλίνεσθαι]
874 5276 938 5339 τοῖς
956 5267 1099 5355 χείροσιν,
1117 5259 1413 5350 lauretianam,
1430 5268 1483 5331 καί
1507 5259 1558 5332 διά
1582 5276 1677 5331 τοῦτο
1701 5254 1790 5356 μηδι
