3944 6074
503 531 559 605 De
577 554 717 605 numero
736 533 857 604 mundi
870 533 1022 624 perfecto
1039 556 1106 606 κοη
1124 534 1343 625 reperiundo.
1647 547 1702 603 155

155 700 283 778 παντός·
307 703 383 792 μέρη
410 702 469 794 γάρ
493 708 522 768 οἱ
545 703 645 787 ἀλλοι,
669 702 724 767 καί
746 707 773 768 εί
796 705 909 769 τέλειοι
927 699 985 769 εἷεν
1001 715 1056 770 τοῦ
1073 716 1223 794 κοσμικοῦ
1239 706 1363 796 χρόνου,
1379 711 1419 783 ὡς
1436 707 1489 771 καί
1512 706 1595 773 αὑτά
1605 705 1631 796 ¹)
1656 733 1703 773 κι-

155 808 289 898 νοὺμενα
304 811 380 899 μέρη
399 821 455 876 τοὺ
472 811 591 902 κόσμου
608 811 724 894 πάντα,
741 811 795 876 καί
811 817 843 877 αἱ
860 807 938 892 ζωαί
956 816 1069 891 αὑτῶν,
1082 823 1141 891 τῆς
1157 824 1311 905 κοσμικῆς
1328 808 1420 892 ζωῆς·
1437 815 1492 882 καί
1509 820 1541 880 αί
1556 806 1703 907 περίοδοι,

155 927 219 984 τῶν
241 908 401 1007 περιόδων·
426 921 561 1010 γενητὸν
579 917 634 1008 μὲν
651 913 703 984 οὑν
721 919 776 984 καί
791 921 829 984 τό
844 930 907 986 πᾶν
924 931 1025 1009 σῶμα,
1041 922 1095 987 καί
1111 922 1244 988 ἕκαστον
1268 931 1369 1012 σῶμα,
1389 922 1446 988 κάν
1471 915 1570 989 ἀίδιον
1594 919 1626 1013 ᾗ,
1650 924 1706 988 καί

157 1025 218 1091 ἀπὺ
234 1024 347 1116 χρόνου
362 1031 523 1102 παντελῶς
540 1026 706 1118 ἀγένητον,
723 1032 763 1104 ὡς
777 1031 830 1093 ἀπ’
845 1028 945 1106 ἄλλης
962 1031 1065 1107 αἰτίας
1082 1029 1175 1119 μόνον
1192 1028 1384 1121 γεννώμενον
1398 1032 1455 1117 ἀεὶ,
1472 1043 1528 1097 τοῦ
1544 1042 1707 1108 ποιοῦντος

122 1169 135 1207 5
157 1135 242 1216 αὑτῷ
266 1133 316 1196 ἀεὶ
338 1141 384 1215 τῷ
411 1127 487 1198 εἶναι
502 1143 673 1209 ποιοῦντος·
690 1132 810 1224 γενητά
828 1125 861 1200 δὲ
878 1138 986 1225 κυρίως
1002 1136 1045 1201 τά
1061 1138 1123 1201 άπδ
1139 1138 1251 1228 χρόνου
1275 1139 1442 1229 γεγονότα,
1463 1133 1504 1204 ὧν
1527 1140 1568 1205 τθ
1591 1137 1708 1228 ἀνθρόι·

155 1262 241 1304 πειον
266 1243 297 1304 ἐν
320 1251 386 1316 τοῖς
407 1242 666 1332 συνεγνωσμένοις
682 1251 815 1331 πρῶτον.
833 1241 911 1309 ’Ὀτι
927 1243 988 1335 γάρ
1005 1245 1059 1309 καί
1075 1245 1160 1309 ἀλλα
1176 1247 1260 1310 ἐστίν
1278 1245 1380 1319 θνητά
1395 1249 1454 1337 πρὸ
1477 1252 1579 1336 ήμῶν,
1597 1238 1705 1322 δῆλον·

157 1349 191 1412 οὑ
215 1345 276 1440 γάρ
300 1349 363 1414 ὰπὺ
386 1359 448 1412 τῶν
474 1340 579 1414 ἀϊδίων
604 1351 658 1413 καὶ
680 1353 817 1440 λογικῶν
843 1355 885 1426 είς
909 1354 947 1416 τό
968 1351 1092 1430 ἀσθενές
1107 1365 1203 1420 τοῦτο
1219 1349 1298 1432 ζῶον
1315 1354 1369 1419 καί
1388 1347 1558 1445 βραχὺὑιον
1582 1355 1705 1445 ἀμέσως

159 1461 176 1529 ή
203 1447 393 1547 δημιουργία
414 1457 582 1547 προῆλθεν·
606 1457 677 1522 ἀλλ’
701 1459 769 1524 έστι
793 1459 847 1522 καί
862 1457 947 1522 ἄλλα
962 1457 1036 1549 γένη
1053 1457 1078 1542 ²)
1104 1462 1276 1549 μακραίων,
1293 1459 1314 1524 ἀ
1330 1460 1436 1552 ἐγίγὺς
1452 1461 1522 1547 (fol.
1545 1463 1603 1546 37)
1627 1459 1705 1526 θεῶν

157 1563 234 1628 ὄντα
252 1568 293 1640 εἰς
310 1567 486 1636 ἐκείνην...
502 1567 540 1631 τό
557 1563 718 1654 μεθάποτε
733 1565 856 1656 γένοιτο
873 1557 899 1629 δ’
913 1565 949 1631 ἀν
959 1616 966 1630 .
976 1615 1002 1632 ..
1020 1569 1141 1633 ἐκείνων
1155 1572 1196 1644 είς
1209 1568 1247 1632 τό
1263 1568 1351 1658 γένος
1366 1574 1458 1657 ήμῶν
1474 1561 1648 1657 μετάὺασις
1658 1621 1666 1638 .
1677 1622 1704 1639 ..

104 1705 130 1743 10
158 1669 282 1749 ἀληθῶς
306 1675 370 1738 ἐκεῖ
392 1674 607 1764 τεταγμένων,
632 1671 716 1738 ἀλλά
730 1728 738 1743 .
753 1729 782 1744 ..
807 1673 927 1765 ἐσχάτη
954 1678 1019 1742 ἐκεῖ
1038 1677 1254 1768 γιγνομένων]

905 2001 964 2066 ΙΣ’.

207 2212 281 2297 [Τόν
302 2204 424 2279 τοιόνδε
448 2211 578 2303 ἀριθμόν
602 2216 637 2276 οὑ
662 2212 755 2303 μόνον
779 2212 840 2303 χρή
866 2224 946 2278 νοεῖν
967 2213 1019 2279 ἐπί
1042 2206 1125 2281 δακτ
1139 2268 1147 2283 .
1161 2268 1169 2281 .
1185 2269 1191 2284 .
1205 2214 1315 2292 θέντας
1329 2269 1380 2284 ...
1404 2214 1577 2307 ἀριθμητὸν
1603 2221 1705 2306 μ...]

158 2317 179 2408 ᾗ
203 2319 331 2411 ἀριθμός
359 2319 423 2405 [καί
445 2319 658 2408 τιλειοὺμενος
682 2311 848 2407 οὑδέπο]τε
862 2321 981 2397 τέλειος
998 2321 1047 2386 ἀεί
1062 2321 1258 2412 γιγνόμενος,
1275 2321 1359 2388 ἀλλά
1376 2321 1436 2395 τήν
1454 2325 1557 2391 αἰτίαν
1580 2325 1707 2414 τοὺτου,

158 2426 266 2519 νοεράν
291 2427 346 2516 μέν
370 2421 474 2504 οὖσαν,
498 2427 707 2521 περιάγουσαν
725 2419 759 2493 δέ
774 2430 829 2493 τόν
845 2429 1078 2520 πεπερασμένον
1092 2429 1118 2514 ³)
1142 2430 1212 2518 ὅρον
1227 2441 1286 2506 τῆς
1303 2439 1358 2495 τοῦ
1383 2431 1501 2520 κόσμου
1524 2429 1629 2509 πάσης
1652 2456 1710 2498 πε-

161 2526 274 2625 ριόδου,
291 2541 330 2612 ῶς
354 2530 406 2600 οὑν
423 2541 439 2599 ὁ
457 2535 519 2626 μήν
536 2537 587 2601 ἐπὶ
602 2537 738 2610 σελήνην
756 2535 823 2614 θεὸς
840 2535 892 2613 ὢν,
910 2540 1059 2626 ὑρίστησι
1075 2538 1130 2603 τόν
1147 2536 1371 2627 ἀριθμούμενον
1389 2549 1474 2628 μῆνα
1491 2549 1549 2616 τῆς
1563 2532 1707 2629 περιόδου

105 2668 131 2706 ιε
159 2654 218 2718 τῆς
242 2645 395 2721 σελήνης,
421 2644 474 2708 καί
498 2649 538 2720 ῶς
563 2650 594 2708 αί
618 2638 695 2734 ὧραι
717 2642 760 2709 τά
784 2647 884 2734 μέτρα
907 2642 948 2708 τά
972 2648 1095 2734 ἐμφανῆ
1121 2655 1251 2737 γεννῶσι
1274 2655 1337 2710 τῶν
1361 2651 1465 2736 ὡρῶν,
1490 2647 1572 2713 οὑτω
1598 2651 1708 2732 πολλῷ

159 2753 309 2843 πρότερον
334 2757 350 2816 ὁ
373 2753 491 2828 τέλειος
514 2751 641 2842 ἀριθμός
658 2756 742 2818 Ιεστιν
758 2757 775 2816 ό
791 2751 887 2827 ἑστὼς
904 2753 963 2840 πρὸ
978 2762 1034 2817 τοῦ
1059 2753 1249 2841 κινουμένου,
1268 2753 1323 2818 καί
1338 2753 1533 2821 καθέκαστον
1558 2765 1621 2821 τῶν
1645 2760 1709 2823 ἀει-

159 2859 334 2943 κινήτωνέ)
360 2861 443 2924 ἐστίν
468 2886 516 2938 τις
540 2869 619 2942 νοῦς,
644 2865 676 2937 ὑς
700 2861 754 2926 καὶ
777 2860 837 2932 τήν
861 2853 944 2938 ζωήν
967 2859 1027 2933 τήν
1051 2863 1082 2926 έν
1111 2864 1196 2945 αὑτῷ
1220 2864 1437 2952 συμπεραίνει,
1466 2863 1520 2927 καί
1542 2861 1602 2934 τήν
1627 2867 1711 2930 ἀπο-

160 2968 356 3034 κατάστασιν
380 2966 440 3039 τήν
465 2970 660 3056 σωματικήν.
684 2975 750 3034 Οὑκ
773 2970 833 3058 ἄρα
857 2959 906 3052 δεῖ
934 2962 1040 3047 ζητεῖν
1065 2971 1111 3046 τίς
1135 2974 1151 3034 ὑ
1179 2971 1297 3046 τέλειος
1328 2969 1456 3059 ἀριθμὸς
1487 2973 1528 3046 είς
1560 2961 1711 3061 μυριάδας

161 3069 399 3151 ἀποόλέποντας
423 3075 518 3152 τόσας
543 3075 596 3140 καί
618 3077 731 3152 τόσας·
756 3067 827 3142 οὑδὲ
850 3074 909 3166 γάρ
934 3071 1067 3142 δυνατόν
1092 3077 1142 3142 ἐπὶ
1165 3081 1220 3142 τοῦ
1245 3080 1363 3157 παντός
1388 3083 1484 3168 εὑρεῖν
1508 3089 1633 3161 τοῦτον,
1658 3080 1709 3144 ότι

105 3220 133 3258 20
161 3175 244 3271 μηδὲ
265 3181 392 3248 πάντων
424 3191 487 3247 τῶν
512 3184 699 3272 κινουμένων
724 3177 856 3248 δυνατόν
880 3181 937 3259 τάς
960 3175 1118 3275 περιόδους
1142 3188 1254 3274 εὑρεῖν·
1280 3178 1433 3276 οὐδὲγάρ
1457 3187 1563 3252 πάντα
1586 3185 1628 3252 τά
1652 3211 1710 3254 πε-

163 3292 292 3384 ριϊόντα,
315 3291 420 3374 κὺκλῳ
443 3292 691 3374 πολλαπλασίων
714 3289 833 3373 όντων,
858 3301 920 3354 τῶν
947 3290 989 3380 μή
1021 3291 1264 3383 καθεωραμένων
1289 3291 1378 3358 θείων
1403 3293 1456 3358 καί
1480 3285 1648 3382 δαιμονίων
1671 3311 1711 3366 -ζζ-

161 3399 335 3488 σωμάτων,
359 3399 413 3462 καὶ
436 3392 478 3462 ὧν
503 3389 537 3464 δέ
560 3403 680 3489 ὁρῶμεν
704 3405 744 3475 ὡς
767 3408 830 3462 τῶν
855 3401 1022 3482 ἀπλανῶν,
1045 3397 1167 3463 τοὺτων
1190 3398 1325 3464 ἑκάστου
1356 3398 1417 3470 τήν
1447 3390 1589 3485 περίοδον
1612 3404 1709 3489 εὑρεῖν

161 3498 318 3573 ἀδυνάτου
341 3516 434 3571 πᾶσιν
458 3505 559 3580 ὄντος.
584 3509 726 3570 Κινεῖται
750 3503 805 3592 μέν
828 3504 888 3597 γάρ
912 3505 1043 3580 ἕκαστος
1065 3505 1136 3595 περί
1158 3506 1196 3570 τό
1220 3509 1332 3570 ἑαυτοῦ
1361 3507 1505 3596 κέντρον·
1530 3506 1709 3596 κινούμενος

162 3605 205 3692 δὲ,
229 3617 295 3704 ἔχει
318 3612 389 3678 τινά
412 3613 522 3703 χρόνον
545 3623 604 3690 τῆς
627 3604 784 3702 περιόδου,
800 3609 870 3678 καθ’
885 3611 923 3685 ήν
941 3617 983 3688 εἰς
1000 3613 1037 3677 τό
1053 3613 1131 3677 αὑτό
1153 3622 1264 3701 σχῆμα
1286 3614 1434 3696 τελευτᾷ·
1458 3612 1573 3678 τοὺτου
1598 3603 1632 3679 δέ
1654 3615 1709 3679 τὸν

106 3754 134 3792 ει
162 3721 291 3813 ἀριθμόν
317 3714 462 3812 δαίμονες
478 3721 533 3810 μέν
555 3711 689 3806 [εἴδειαη
706 3723 776 3806 (fol.
793 3724 835 3788 37
854 3725 898 3804 v.)
915 3719 1085 3809 ἀνθρώποις
1103 3710 1138 3785 δέ
1153 3719 1319 3809 ἀμήχανον
1336 3725 1387 3788 ὲσ.
1398 3773 1423 3788 ..
1441 3731 1503 3784 τῶν
1521 3711 1555 3786 δὲ
1571 3721 1710 3811 ηὑρηντο

162 3837 191 3897 οί
206 3831 312 3922 χρόνοι
328 3840 391 3895 τῶν
409 3855 537 3911 ...των,
550 3841 636 3905 ποῖος
653 3839 720 3905 νοῦς
736 3827 863 3893 πάντων
876 3839 939 3893 τῶν
954 3820 1119 3918 δαιμονίων
1136 3827 1319 3918 κινημάτων
1336 3828 1355 3900 ή
1373 3837 1436 3893 τῶν
1450 3829 1556 3893 ἄλλων
1570 3822 1655 3919 εὑρεν
1674 3827 1710 3893 ἀν

162 3938 234 4014 τοὺς
251 3928 443 4030 περιοδικοὺς
460 3936 616 4026 ἀριθμούς·
634 3934 717 4001 ἀλλά
734 3937 790 4025 μέν
803 3938 858 4001 τὀν
873 3937 1174 4015 άποκαταστατικὺν
1188 3946 1243 4000 τοῦ
1259 3937 1377 4012 παντὸς
1394 3935 1523 4029 ἀριθμόν
1539 3941 1575 4002 ὲκ
1590 3935 1711 4000 τοὺτων

163 4046 285 4140 ἀνάγκη
312 4045 495 4136 μετρεῖσθαι
516 4045 655 4129 πάντων,
679 4047 787 4128 πολλῷ
812 4037 872 4134 ἀρα
897 4049 1017 4132 μᾶλλον
1042 4047 1171 4132 ἐκεῖνον]
1196 4035 1352 4111 ἀδυνατὸν
1370 4050 1476 4134 εὑρεῖν·
1501 4046 1568 4111 όσοι
1592 4034 1626 4110 δὲ
1648 4052 1711 4109 τῶν

164 4157 210 4242 [ἐκ
233 4164 297 4220 τῶν
321 4153 414 4240 ἑπτά]
442 4153 703 4244 κοσμοκρατόρων
728 4157 826 4243 εὑρεῖν
850 4151 1060 4242 ἐπειράθησαν
1084 4152 1137 4217 ἕνα
1161 4151 1214 4216 καί
1237 4153 1358 4217 τέλειον
1383 4150 1531 4243 ἀριθμόν,
1557 4157 1599 4229 είς
1624 4151 1713 4242 μέρος

107 4304 136 4342 ,0
163 4273 218 4327 τοῦ
241 4263 359 4338 παντὸς
384 4253 503 4338 ίδόντες
527 4260 676 4344 ᾠήθησαν
700 4262 783 4350 ἔχειν
808 4261 846 4326 τό
868 4270 941 4329 πᾶν.
960 4264 1041 4328 Οὑτε
1058 4254 1109 4326 οὑν
1126 4261 1181 4326 τὸν
1197 4271 1339 4327 τοιοῦτον
1357 4260 1486 4352 ἀριθμόν
1511 4250 1712 4336 ἀποδεκτέον,

163 4369 286 4445 τοὺτοις
310 4361 464 4434 ἀδὺνατον
488 4368 567 4434 ὄντα
583 4369 657 4457 πρὸς
674 4369 800 4459 εὕρεσιν,
824 4367 878 4432 καί
894 4369 930 4433 οὑ
943 4391 1023 4434 ποτε
1038 4367 1169 4448 τέλειον,
1187 4359 1257 4433 οὑδὲ
1272 4369 1460 4458 περιέχοντα
1474 4365 1534 4439 τήν
1559 4357 1710 4456 περίοδον,

164 4477 248 4541 ἀλλά
271 4477 610 4566 συμπαρατεινόμενον·
635 4479 707 4542 οὑτε
731 4478 804 4566 ὅπερ
821 4469 905 4542 εἷπον
923 4474 1025 4556 ἄλλοι,
1042 4475 1097 4539 τὸν
1115 4479 1212 4538 αἰῶνα
1230 4475 1336 4558 αὑτὸν,
1353 4475 1384 4550 ός
1408 4476 1494 4540 ἑστιν
1518 4481 1574 4538 τοῦ
1598 4496 1620 4561 χ
1624 4471 1710 4561 ρόνου

163 4585 280 4674 πατήρ·
304 4585 441 4674 περιέχει
465 4584 520 4673 μέν
545 4584 605 4675 γάρ
630 4584 683 4648 καί
706 4587 830 4666 ἐκεῖνος,
848 4586 920 4648 ἀλλ’
938 4586 973 4648 οὑ
988 4582 1049 4655 τήν
1066 4593 1121 4648 τοῦ
1138 4580 1222 4646 θείου
1238 4592 1372 4672 γενητοῦ
1388 4574 1541 4673 περίοδον,
1564 4578 1647 4662 ἀλλ’,
1673 4581 1712 4654 ὥς

165 4715 258 4782 φησιν
283 4695 518 4782 Ἀριστοτελης,
543 4693 638 4758 αὑτὸν
662 4693 717 4758 τὺν
741 4692 867 4782 ἄπειρον
884 4692 1005 4782 χρόνον·
1022 4689 1076 4756 καί
1091 4691 1137 4756 ἐ’τι
1158 4682 1229 4756 οὑδέ
1245 4689 1373 4780 ἀριθμός
1397 4693 1413 4753 ό
1437 4688 1523 4772 αἰὼν,
1547 4685 1631 4752 ἀλλά
1653 4687 1713 4777 πρὸ

108 4835 137 4873 σε
164 4799 295 4890 ἀριθμοῦ
318 4802 445 4878 παντὸς,
470 4803 501 4866 ὲν
525 4801 570 4866 ἑνί
593 4801 703 4890 μένων,
719 4806 760 4876 ὡς
776 4800 869 4891 φησίν
885 4805 901 4863 ό
919 4801 1059 4890 Τίμαιος·
1075 4803 1091 4864 ὁ
1107 4796 1168 4889 γάρ
1186 4795 1314 4886 ἀριθμός
1338 4800 1410 4873 ἐκεῖ,
1425 4794 1499 4863 όπου
1522 4795 1713 4886 ἑτιρότης,ὁ

165 4900 200 4976 δέ
211 4908 287 4976 αίὺν
303 4909 362 5000 πρδ
374 4909 562 5000 ἑτερότητος
579 4907 632 4974 καί
643 4909 702 5000 πρό
714 4920 770 4976 τοῦ
783 4902 863 4993 ζῴου
875 4917 931 4974 τοῦ
943 4910 1125 4982 παντελοῦς·
1139 4908 1210 4971 ἀλλ’
1224 4902 1291 4972 ἐπεὶ
1306 4901 1377 4969 κατ’
1396 4901 1525 4993 ἀριθμὸν
1535 4899 1561 4987 ⁸)
1574 4905 1590 4966 ὁ
1603 4899 1712 4992 χρόνος

202 5173 225 5248 ¹)
243 5173 281 5229 Η.
300 5170 348 5230 bis
365 5175 458 5242 πάντα,
476 5171 557 5244 quod
574 5171 622 5228 hio
641 5171 782 5230 abundat.
1000 5171 1025 5246 ⁴)
1043 5169 1080 5226 Η.
1101 5175 1139 5224 ἀεῖ
1158 5171 1311 5242 κινουμένων.

200 5264 224 5422 ἔγ
241 5261 383 5405 gdfhaoao
394 5267 467 5319 ιιοίιι
478 5259 637 5334 marginis:
652 5263 717 5333 Σήμ.
732 5269 787 5335 πιρι
800 5265 910 5336 νυμφῶν.
1001 5264 1023 5335 ⁵)
1041 5262 1080 5318 Η.
1099 5261 1120 5318 f.
1139 5262 1183 5319 14.

273 5389 279 5404 .
313 5388 320 5404 .
339 5350 355 5404 1
