3940 6072
317 482 374 540 690
952 473 998 544 οιί
1026 465 1233 566 Asclepium.

317 639 493 734 Γλὺβον
463 670 515 710 ουν
540 653 650 710 τοῦτον
668 650 699 711 ἑν
716 644 792 731 λίθῳ
817 637 1027 736 καρχηὸονίῳ,
1051 647 1104 712 καί
1127 646 1247 723 ὑποθεὶς
1273 645 1447 766 βοτάνην
1432 645 1584 738 ανεμύνην
1600 645 1635 734 1),
1660 673 1724 714 κατ
1725 651 1777 714 ακλ
1776 661 1847 716 ῖεσον

317 760 348 821 ἑν
373 749 397 838 ᾧ
423 755 539 839 βούλει,
564 755 616 820 καί
641 755 713 846 φὺρε
716 783 736 840 ι,
761 757 804 821 ἀπ
785 757 954 845 σχόμενος
980 757 1138 845 μυραίνης.

362 863 552 953 ’ςΓριακοστὸ
570 854 706 941 ὸέκανος.
725 859 858 942 οὑτς”ο
842 889 940 954 ονομα
957 863 1046 954 ἔχει
1052 871 1206 954 Επιχναῦς
1215 865 1252 952 ),
1269 867 1349 954 ἔχων
1366 865 1529 955 πρόσωπον
1547 864 1630 930 κατά
1648 865 1709 938 τὴν
1721 867 1848 956 ἅφιν,καί

316 977 347 1038 έν
373 971 427 1059 μέν
453 982 492 1056 τῇ
520 963 607 1055 δεξιᾷ
623 974 703 1062 χειρὶ
719 974 863 1063 κατέχων
881 963 1038 1064 ὑὸρίσκην,
1056 977 1086 1038 ἑν
1106 965 1139 1040 ὸὲ
1155 985 1195 1058 τῇ
1216 974 1360 1061 εύωνύμῳ
1379 963 1483 1050 ἀκίὸα,
1506 969 1679 1064 ὲζωσμένος
1704 975 1754 1040 ὤν·
1778 971 1847 1050 οὑτος

318 1079 448 1170 κυριεύει
466 1089 526 1144 τῶν
544 1083 828 1172 προγεγραμμένων
846 1086 877 1146 ἐν
891 1091 947 1165 τῷ
966 1085 993 1166 β’
1019 1073 1149 1166 ὸεκάνῳ.
1164 1079 1282 1170 Γλὺβον
1300 1077 1351 1146 οὑν
1368 1093 1479 1147 τοῦτον
1497 1085 1527 1147 ἐν
1544 1082 1620 1166 λίθῳ
1642 1087 1793 1174 άναγκίτρ
1809 1087 1849 1147 καὶ

318 1188 440 1266 ὑποθεὶς
466 1188 603 1273 βοτάνην
620 1191 848 1280 χαμαιλέοντα,
867 1195 1075 1255 κατακλεῖσον
1092 1194 1123 1256 ἑν
1140 1184 1164 1254 ὦ
1183 1191 1298 1275 βούλει,
1316 1189 1370 1254 καὶ
1386 1189 1480 1280 φόρει,
1499 1191 1693 1280 ἀπεχόμενος
1713 1195 1848 1281 καρκίνον.

363 1305 487 1387 Ιίρῶτος
512 1298 565 1361 καὶ
581 1300 766 1387 τριακοστὸς
784 1291 920 1383 ὸέκανος,
937 1291 1088 1389 ὑδροχόον
1105 1310 1236 1389 πρῶτος.
1253 1294 1351 1374 Οὑτος
1369 1298 1469 1388 ὄνομα
1486 1299 1552 1388 ἔχει
1569 1297 1640 1376 ¹166,
1658 1300 1719 1364 ὑπὸ
1735 1291 1767 1364 δὲ
1781 1302 1849 1364 ἐνίων

319 1410 390 1494 Θρῶ
404 1404 439 1488 3)·
465 1407 532 1470 ἔστι
557 1397 590 1470 ὸὲ
614 1405 770 1492 ἅνθρωπος
795 1408 1041 1501 κυνοπρόσωπος,
1066 1402 1305 1497 περιεζωσμένος
1331 1408 1392 1472 άπὸ
1409 1417 1470 1472 τῶν
1489 1417 1616 1498 μαστῶν
1635 1407 1711 1496 ἄχρι
1727 1417 1784 1471 τῶν
1807 1412 1846 1471 ἀο-

318 1513 496 1604 τραγάλων.
515 1513 651 1602 Κυριεύει
669 1505 701 1578 ὸὲ
717 1517 846 1586 άντικνη
853 1517 956 1604 μείων,
970 1517 1022 1580 καὶ
1035 1517 1200 1604 ἐπιπέμπει
1218 1517 1339 1592 τούτοις
1357 1517 1415 1579 ὅσα
1432 1515 1649 1606 άποτρώματα
1665 1515 1703 1600 ⁴),
1721 1515 1773 1578 καὶ
1786 1517 1846 1584 ἔλατ.
1910 1553 1911 1588 3

317 1625 440 1712 γίνεται
462 1623 534 1712 περὶ
557 1621 649 1689 αὑτά.
673 1619 793 1710 Γλὺβον
817 1617 869 1686 οὑν
901 1634 1043 1688 τοιοῦτον
1067 1627 1097 1688 ὲν
1122 1623 1198 1707 λίθῳ
1223 1626 1356 1710 κνικίτῃ,
1386 1623 1439 1686 καί
1467 1623 1587 1698 ὑποθεὶς
1613 1623 1752 1706 βοτάνην
1778 1623 1848 1710 άσαρ,

319 1734 527 1796 κατακλεῖσον
556 1733 586 1795 ἐν
611 1724 635 1794 ὧ
661 1729 774 1816 βούλει,
799 1729 853 1794 καὶ
876 1733 972 1822 φόρει.
998 1733 1050 1818 [V.
1074 1733 1258 1821 παρατάρου
1284 1723 1317 1798 ὸὲ
1340 1730 1382 1822 μὴ
1409 1743 1519 1823 φαγεῖν
1550 1734 1609 1796 ὑπὸ
1642 1743 1730 1822 μυῶν
1755 1725 1849 1822 βεύρω-
1910 1765 1911 1770 .

320 1840 418 1928 μένων
444 1838 536 1927 άρτον
561 1837 774 1927 κάγγραινον.)

333 1947 337 1956 ’
363 1946 507 2037 Δεύτερος
531 1947 585 2010 καὶ
601 1949 786 2036 τριακοστὸς
803 1939 940 2023 ὸέκανος.
958 1943 1056 2024 Οὗτος
1073 1949 1171 2036 ὄνομα
1189 1950 1255 2037 ἔχει
1272 1955 1430 2037 Σοσομνῶ,
1450 1947 1570 2038 μορφὴν
1587 1950 1670 2038 ἔχων
1697 1947 1847 2038 ἀνθρώπου,

317 2049 557 2145 περιεζωσμένος
582 2056 643 2120 άπὸ
667 2065 730 2119 τῶν
755 2065 883 2144 μαστῶν
910 2055 1001 2144 μέχρι
1017 2064 1079 2118 τῶν
1098 2055 1316 2146 ἀρτραγάλων,
1334 2065 1457 2145 κρατῶν
1478 2058 1509 2120 ἐν
1533 2065 1602 2131 ταῖς
1627 2056 1719 2146 χερσὶ
1743 2057 1847 2144 άγχίαν,

317 2165 368 2229 ἐπὶ
382 2154 415 2228 ὸέ
430 2173 489 2240 τῆς
506 2168 645 2254 κεφαλῆς
662 2165 741 2254 ἔχων
761 2165 925 2246 βασίλειον.
946 2158 1044 2238 Οὑτος
1062 2163 1193 2252 κυριεύει
1204 2171 1266 2227 τῶν
1283 2163 1425 2253 γονάτων
1443 2163 1576 2228 καὶτῶν
1594 2163 1847 2254 γαστροκνημίαν.

316 2270 437 2360 Γλὺψον
462 2266 513 2337 οὑν
537 2283 678 2336 τοιοῦτον
703 2276 734 2336 ἑν
758 2271 836 2355 λίθῳ
861 2273 1022 2364 μαγνάτῃ,
1044 2272 1098 2335 καὶ
1114 2270 1237 2348 ὑποθεὶς
1255 2271 1392 2355 βοτάνην
1410 2263 1634 2362 άναγάλλιὸον,
1659 2275 1847 2336 κατακλεῖοον

317 2386 348 2446 ἐν
373 2387 397 2445 ὼ
424 2380 538 2465 βούλει,
563 2380 616 2444 καὶ
639 2381 735 2470 φέρει.
763 2382 816 2465 [V.
838 2381 1021 2470 παρατήρου
1047 2380 1089 2469 μὶ,
1117 2391 1228 2470 φαγεῖν
1252 2381 1357 2469 χοίρου
1383 2381 1529 2468 κνήμην.)

361 2491 471 2580 Τρίτος
495 2489 549 2554 καί
572 2491 756 2580 τριακοστὸς
781 2481 918 2564 ὸέκανος.
943 2484 1041 2564 Οὑτος
1066 2489 1165 2577 ὄνομα
1195 2488 1263 2578 ἔχει
1293 2493 1447 2576 Χονοὺμος
1463 2489 1498 2571 ⁵),
1523 2488 1688 2553 καὶέστιν
1713 2485 1846 2575 ἄνθρωπος

316 2593 558 2689 περιεζωσμένος
583 2599 644 2663 άπὸ
669 2608 732 2663 τῶν
750 2607 878 2687 μαστῶν
896 2597 950 2672 ἕως
967 2607 1029 2660 τῶν
1049 2597 1268 2686 ἀστραγάλων,
1285 2597 1335 2662 ἐπὶ
1351 2605 1409 2672 τῆς
1429 2599 1568 2685 κεφαλῆς
1593 2597 1675 2685 ἔχων
1702 2597 1846 2679 βασιλειον,
1910 2591 1911 2600 ’

317 2707 370 2770 καὶ
394 2709 425 2770 ἑν
450 2706 505 2795 μὲν
530 2716 570 2790 τῇ
597 2697 683 2788 ὸεξιᾷ
706 2705 787 2794 χειρὶ
810 2705 955 2793 κατέχων
979 2695 1138 2792 ὑάρίσκην,
1163 2708 1193 2768 έν
1211 2695 1244 2769 ὸέ
1260 2715 1301 2790 τῇ
1322 2705 1449 2794 έωνύμῳ
1474 2715 1644 2793 σκῆπτρον.
1672 2701 1804 2792 Κυριεὺει
1823 2692 1846 2763 ὸὲ
1910 2791 1911 2798 ρ

251 2897 255 2904 Ι
317 2811 405 2890 οὗτος
429 2824 492 2879 τῶν
515 2805 829 2908 προὸηλωθέντωνθ),
853 2809 973 2900 Γλύψον
991 2807 1042 2876 ούν
1060 2823 1171 2877 τοῦτον
1189 2816 1219 2876 ἑν
1244 2811 1321 2895 λίθῳ
1345 2805 1479 2903 μηὸικῷ,
1505 2813 1559 2876 καὶ
1582 2811 1706 2887 ὑποθεὶς
1731 2809 1846 2894 βοτάνην

318 2923 452 3014 θυραίου,
477 2925 685 2986 κατακλεῖσον
711 2925 741 2986 έν
765 2915 790 3004 ᾧ
816 2921 930 3005 βούλει,
957 2923 1010 2985 καὶ
1034 2921 1129 3011 φάρει.
1158 2923 1208 3005 [V.
1225 2922 1408 3012 παρατήρου
1426 2913 1459 2987 ὸὲ
1477 2921 1519 3010 μὴ
1546 2932 1657 3011 φαγεῖν
1684 2916 1844 3006 ὸνειακρέο.)

363 3031 522 3120 Τέταρτος
546 3030 599 3094 καί
622 3031 807 3120 τριακοστὸς
832 3021 968 3106 ὸέκανος,
996 3029 1108 3119 ίχθύων
1132 3027 1265 3120 πρώτος.
1289 3024 1388 3105 Οὑτος
1411 3030 1510 3118 ὄνομα
1527 3031 1592 3117 ἔχει
1616 3024 1788 3116 Ἰἐτιμο”ι7),
1808 3021 1848 3086 καὶ

317 3145 402 3205 ἐστιν
428 3138 586 3229 ἄνθρωπος
610 3139 828 3226 ἑστολισμένος
853 3139 923 3213 ὅλος
950 3137 1073 3226 ἱμάτιον
1097 3149 1254 3220 κυανεῶον,
1279 3139 1345 3228 ἔχει
1370 3129 1403 3202 ὸὲ
1427 3138 1481 3202 καὶ
1502 3139 1609 3225 χοίρου
1634 3127 1747 3226 ὸωράν,
1769 3155 1848 3220 περιε-

316 3241 469 3336 ζωσμένος
494 3248 556 3312 άπὸ
580 3256 642 3310 τῶν
669 3256 797 3336 μαστῶν
821 3246 875 3320 ἕως
900 3255 962 3310 τῶν
988 3247 1208 3337 ἀστραγάλων,
1225 3248 1307 3336 έχων
1325 3239 1359 3311 ἀὲ
1375 3251 1406 3312 ἐν
1430 3256 1470 3330 τῇ
1497 3235 1583 3328 ὸεξιᾷ
1604 3245 1687 3334 χειρὶ
1710 3234 1846 3334 ὑὸρίσκοη

314 3353 374 3424 τὴν
399 3344 432 3418 δὲ
456 3351 610 3440 εύώνυμον
635 3353 715 3440 ἔχων
740 3352 980 3441 κεχαλασμένην
1005 3351 1090 3443 παρά
1113 3354 1167 3416 τὸν
1194 3352 1303 3443 μηρὸν.
1320 3353 1459 3442 Κυριεύει
1476 3343 1509 3418 ὸὲ
1524 3363 1588 3418 τῶν
1611 3345 1730 3428 ποδῶν,
1747 3347 1785 3425 οἷς
1805 3345 1846 3412 καί

314 3464 467 3554 έμπίμπει
493 3461 717 3548 ἀποστήματα.
743 3457 863 3545 Γλὺψον
888 3455 940 3525 οὑν
964 3471 1076 3526 τοῦτον
1100 3464 1131 3527 ἐν
1155 3461 1232 3544 λίθῳ
1258 3462 1417 3551 βηρύλλῳ,
1434 3462 1487 3526 καὶ
1510 3459 1631 3538 ὑποθεὶς
1651 3460 1785 3546 βοτάνην
1805 3479 1846 3520 πε-

318 3580 511 3662 ριστερεῶνα,
537 3573 747 3634 κατακλεῖσον
771 3573 802 3634 ἑν
827 3575 851 3654 ῳ
878 3569 994 3655 βούλει,
1018 3571 1071 3634 καὶ
1099 3570 1193 3660 φόρει.
1220 3571 1272 3656 [V.
1296 3571 1480 3660 παρατηρου
1504 3561 1537 3635 ὸὲ
1565 3569 1608 3659 μὴ
1635 3579 1744 3660 φαγεῖν
1767 3565 1846 3652 σάρκα

316 3681 466 3766 λεαίνης.)

361 3787 506 3876 Πέμπτος
530 3786 584 3851 καὶ
608 3787 793 3877 τριακοστὸς
818 3780 954 3864 ὸέκανος.
973 3783 1070 3862 Οὗτος
1094 3787 1192 3875 ὄνομα
1215 3789 1282 3876 ἔχει
1301 3783 1473 3875 266666⁸),
1492 3785 1611 3912 μορφάν
1636 3776 1671 3852 ὸὲ
1695 3780 1843 3948 άνθρῳπον·

316 3897 385 3962 ἔστι
410 3886 442 3960 ὸὲ
466 3895 592 3987 γυμνὸς,
616 3919 672 3985 περ
676 3888 878 3962 ιὺολαιονέ
841 3897 947 3984 μντοι
963 3921 1099 3986 ερωνω
1117 3899 1160 3960 6.-
1150 3897 1296 3960 ὸτῶν
1275 3919 1398 3984 ωυιων
1385 3920 1446 3971 6,
1431 3892 1532 3960 τάὸπ
1514 3919 1601 3979 ισω,
1618 3919 1673 3959 και
1697 3898 1726 3960 ἐν
1751 3892 1841 3981 μέτιί

316 3995 431 4088 δεξιά·
407 4003 602 4132 χειρὶέχων
627 3921 818 4093 ὑὸρρίοκηνᾘ
810 4029 841 4068 εν
867 3996 900 4070 6.
916 4015 956 4090 τῆ
978 4027 1158 4095 αρν-τερα
1138 4004 1271 4095 προσρέ
1274 4029 1315 4068 ων
1331 4027 1387 4068 τον
1410 4003 1540 4093 λιχανὸν
1559 3994 1728 4084 ὸάκτυλον,
1751 4007 1785 4074 ὡς
1804 3993 1842 4060 6⁶6

312 4113 350 4177 τὸ
375 4135 414 4176 στ
402 4113 489 4201 .ὸμα,
515 4113 568 4176 και
584 4111 708 4186 ειιτῆ
726 4113 895 4201 κφαλῆ,
881 4135 986 4201 εμων
980 4115 1146 4180 βασιλειον
1165 4105 1332 4200 Γλυβον
1302 4136 1353 4178 ουν
1371 4120 1483 4176 τουτον
1503 4135 1533 4175 εν
1550 4108 1626 4173 λιθ
1602 4097 1841 4232 ῳπερικυχιῳ),

312 4220 366 4284 καί
388 4219 509 4296 ὑποθεὶς
535 4219 673 4304 βοτάνην
697 4209 900 4296 λιθανωτίὸα,
925 4223 1165 4285 κατακλεῖσον’
1157 4245 1188 4286 εν
1213 4215 1237 4283 ὦ
1263 4219 1379 4304 βούλει,
1404 4220 1457 4284 καὶ
1486 4219 1542 4309 φύρ
1528 4241 1577 4309 ρει
1608 4219 1661 4302 [V.
1684 4212 1842 4306 παρατάρον

315 4320 349 4394 ὸὲ
372 4327 415 4417 με)
442 4338 550 4420 φαγεῖν
575 4324 660 4418 ἧπαρ
683 4321 868 4419 προβάτου.)

361 4438 468 4513 Εκτὸς
483 4460 535 4500 και
551 4459 735 4526 τριακοστο,
753 4429 887 4513 ὸεκανο
902 4431 1032 4513 Οὑτς”ο
1017 4461 1114 4502 ονομα
1131 4439 1201 4525 6766
1215 4441 1256 4500 Συ
1261 4461 1357 4526 ω,
1326 4459 1393 4500 εστι
1407 4433 1526 4525 αφανέ
1541 4432 1730 4522 καλούμενος
1742 4418 1840 4518 ὸρακίν)

315 4536 515 4634 σπειροειὸιὸς,
540 4546 670 4636 πύγωνα
694 4547 918 4636 ἕχων,ἐπε
825 4539 961 4610 -ίὸὲ
941 4556 998 4620 της
1023 4549 1162 4634 κεφαλ·ς
1129 4547 1354 4628 666666606.
1380 4537 1552 4632 Γλύβον
1521 4567 1572 4608 ουι
1597 4552 1709 4606 τοῦτον
1732 4543 1760 4603 ἐν
1781 4529 1840 4609 λίθῳ

313 4649 456 4734 ὑακίνθῳ,
481 4653 534 4716 καί
557 4651 678 4729 ὑποθεὶς
704 4654 842 4738 βοτάνην
867 4651 1027 4741 άνθεαίαν,
1051 4657 1258 4718 κατακλεῖσον
1283 4656 1313 4718 έν
1338 4645 1362 4716 ὦ
1388 4651 1503 4737 βούλει,
1527 4651 1580 4714 καί
1603 4649 1699 4740 φόρει.
1727 4645 1839 4731 Νῶϊ·

316 4759 451 4849 ρατήρου
476 4751 558 4849 μηὸὲ
582 4760 685 4850 χάμαι
709 4761 855 4848 καθίσαι.)

351 4951 373 5025 1)
393 4952 427 5008 V.
448 4954 580 5024 ἂνιμύνιον.
1145 4955 1168 5028 ⁶)
1188 4953 1226 5011 M.
1245 4953 1313 5012 fort.
1334 4955 1594 5029 προαναγνωοθίντων.

350 5040 375 5114 ²)
394 5042 428 5095 V.
449 5047 582 5114 λ’νονμοὺς,
602 5045 632 5100 in
650 5061 743 5116 marg.
764 5040 872 5099 6666666.
1145 5045 1169 5119 Ί)
1188 5043 1221 5100 V.
1242 5051 1261 5097 T
1265 5051 1375 5116 ιστιμὸν,
1395 5043 1426 5101 in
1444 5062 1538 5118 marg.
1559 5041 1634 5096 6666.

350 5133 373 5202 ὅ)
392 5129 427 5185 V·
446 5131 529 5202 '1666
1146 5137 1169 5209 8)
1193 5137 1224 5191 V.
1246 5142 1362 5208 Σομφιῗν.

348 5219 372 5292 ⁴)
391 5219 430 5276 M.
451 5224 610 5293 ἀσεβήματα.
630 5222 664 5280 V.
685 5226 862 5296 ἀποτμήματα.
1145 5227 1169 5304 9)
1189 5225 1223 5283 V.
1243 5229 1412 5299 πιριλενκιτῷ.

348 5311 370 5389 ⁵)
390 5311 424 5368 V.
445 5317 576 5389 Χνουμοὺς,
595 5313 626 5371 611
645 5331 738 5388 marg.
760 5313 867 5370 πτιὺίον.
