4006 6074
936 495 1072 570 Audes

485 667 719 756 Albentemque
742 674 849 736 cutem
872 669 1004 737 maculis
1027 669 1181 738 feralibus
1204 670 1328 757 implet.

484 778 531 845 Ut
554 778 629 864 quia
651 800 710 863 per
733 778 863 846 Domini
886 801 950 846 non
973 802 1148 866 numquam
1171 784 1334 848 exaestuat
1355 779 1448 860 iram,

434 881 462 922 ²⁰
484 886 556 954 Hoc
577 887 755 954 medicante
778 887 890 975 fugam
913 888 1029 973 capiat,
1052 911 1230 974 corpusque
1253 888 1424 974 relinquat.

488 995 624 1062 Orontes
648 1017 707 1081 pro
730 1018 814 1063 noxa
836 997 907 1078 viri,
930 1018 1110 1082 munusque
1133 996 1285 1079 ferentes,

487 1104 665 1188 Paupertas
688 1106 773 1191 quod
796 1109 940 1190 praestat
962 1127 1070 1186 ovans,
1093 1127 1176 1190 quae
1198 1127 1329 1172 munere
1352 1105 1456 1184 dives;

488 1212 590 1298 Saepe
613 1213 694 1280 solet
717 1213 883 1296 Dominus,
909 1217 1021 1280 votum
1041 1236 1123 1299 quae
1145 1213 1299 1298 simplicis
1321 1213 1440 1294 haunt,

487 1321 557 1390 Nec
580 1322 711 1409 grandis
732 1323 877 1408 impensa
900 1327 1008 1390 tamen
1031 1323 1223 1407 praestanda
1245 1320 1403 1388 medendi.

436 1425 466 1471 ²⁵
489 1429 575 1497 Nem
597 1430 704 1516 pullos
728 1432 841 1498 offerre
864 1430 942 1497 duos
966 1452 1129 1516 agnosque
1152 1428 1317 1516 gemellos,

490 1537 536 1605 Ut
558 1537 661 1605 vitulo
684 1539 859 1626 coniungat
882 1560 973 1605 ovem
996 1538 1046 1604 his
1068 1539 1236 1624 praecipit,
1260 1559 1353 1604 omne

489 1642 618 1713 Polline
640 1670 713 1716 eum
736 1649 834 1728 tenui,
859 1670 959 1734 quum
981 1647 1100 1733 sparsit
1122 1646 1210 1713 rivus
1233 1644 1308 1714 olivi
1323 1643 1359 1729 ¹).

491 1751 581 1823 Haec
604 1755 690 1824 dives
713 1757 827 1824 offerre
849 1761 967 1842 potest,
990 1757 1046 1823 sed
1069 1777 1201 1822 munera
1223 1777 1338 1841 parum

490 1860 596 1930 Parva
617 1869 765 1932 manent:
790 1862 962 1954 nam[que]
986 1867 1043 1932 aut
1064 1863 1204 1931 vitulum
1226 1862 1380 1930 mactabit
1402 1861 1443 1929 ad
1465 1883 1564 1944 aram,

440 1963 468 2004 ³⁰
491 1969 553 2048 Qui
575 1973 666 2060 viget
688 1973 839 2060 explicito
862 1975 911 2042 bis
934 1974 1018 2040 senis
1041 1973 1203 2040 mensibus
1225 1993 1328 2051 ann0;

490 2078 558 2146 Aut
581 2081 730 2167 quiddam
753 2083 792 2150 de
814 2082 901 2150 farre
923 2103 983 2169 pro
1006 2104 1070 2167 quo
1092 2082 1206 2150 miscet
1228 2080 1313 2147 cliro

491 2188 640 2256 Turturis
664 2195 721 2257 aut
744 2192 889 2276 geminos
912 2189 1031 2258 similes
1054 2194 1111 2257 aut
1134 2189 1219 2256 forte
1241 2188 1416 2257 columbas.

534 2296 619 2375 Quin
643 2296 780 2384 etiam²)
802 2321 928 2368 somnos
950 2297 1127 2381 hominum,
1152 2320 1234 2384 quae
1256 2319 1350 2383 saepe
1372 2295 1520 2380 voluptas

491 2407 554 2475 Per
575 2412 702 2476 noctem
725 2409 856 2493 deludit,
880 2413 991 2476 tenero
1014 2410 1042 2476 si
1060 2407 1146 2475 forte
1168 2411 1294 2475 veretro

443 2509 470 2550 ³⁸
494 2514 623 2582 Semina
645 2513 814 2596 distillant,
837 2517 875 2583 lit
898 2520 1133 2601 corpusturpe
1156 2516 1326 2594 iacentum,

493 2624 759 2710 Immundumque
782 2629 900 2708 manet,
923 2624 1023 2692 donec
1045 2624 1110 2692 iam
1133 2646 1245 2709 vesper
1266 2623 1301 2688 in
1324 2622 1437 2688 aethra

495 2732 691 2819 Conspicuus
712 2733 798 2800 laeto
820 2733 990 2820 praecedat
1011 2732 1132 2801 lumine
1153 2736 1291 2800 noctem.

492 2841 564 2909 Nec
586 2841 691 2910 solum
713 2842 808 2910 foedo
831 2843 1024 2928 deturpante
1047 2863 1181 2928 corpora
1203 2863 1314 2922 noero,

494 2949 557 3017 Sed
579 2949 733 3036 quidquid
755 2950 917 3037 contingit
940 2971 1049 3035 agens,
1073 2971 1168 3035 quem
1191 2947 1314 3015 somnia
1336 2946 1474 3028 fuscant,

444 3053 472 3093 ⁴⁰
495 3059 533 3127 Id
556 3063 688 3145 propter
710 3059 808 3126 dumo
831 3058 880 3126 las
903 3064 953 3126 est
974 3058 1166 3145 perfundere
1189 3057 1343 3138 membra,

495 3167 619 3234 Redeat
641 3171 678 3256 ut
701 3168 826 3253 puritas
848 3189 994 3253 propere,
1018 3171 1162 3234 cessante
1185 3171 1287 3233 reatu.

496 3274 611 3342 Testes
633 3274 711 3359 quin
734 3275 831 3340 etiam
854 3275 904 3340 ius
926 3279 976 3341 est
998 3275 1198 3360 perfringere
1220 3295 1306 3355 rasa,

496 3381 652 3449 Contactu
676 3380 837 3447 maculata
858 3381 929 3464 viri,
952 3403 990 3448 ac
1012 3381 1099 3449 facta
1122 3380 1245 3448 metalli

496 3489 638 3572 Diluere,
663 3511 701 3556 ao
723 3489 827 3555 vitreo
850 3488 958 3556 sordes
981 3489 1134 3556 deducere
1157 3489 1236 3555 riso.

445 3593 474 3640 ⁴⁵
496 3599 568 3666 Hac
590 3599 686 3665 etiam
708 3597 791 3664 liciti
813 3597 915 3664 coitus
937 3597 998 3664 sub
1020 3596 1094 3684 lege
1117 3597 1265 3683 piantur:

497 3707 590 3774 Ilicet
612 3705 717 3772 exutis
739 3706 958 3773 membrorum
980 3705 1053 3772 labe
1076 3703 1211 3772 molesta

499 3814 643 3882 Antiates
665 3815 842 3902 praestabit
865 3837 967 3901 opem,
991 3837 1091 3900 quum
1114 3813 1180 3882 sole
1203 3833 1342 3896 reverso,

501 3921 645 4008 Septima
666 3923 809 4010 puniceis
831 3945 947 3990 aurora
971 3923 1109 3991 eluxerit
1130 3922 1235 4004 astris,

501 4031 639 4098 Turture
663 4032 690 4098 si
714 4032 843 4119 gemino
866 4032 974 4099 veniat
997 4031 1151 4098 subnixus
1174 4031 1214 4098 ad
1238 4051 1336 4112 mam,

450 4134 477 4178 ⁶⁰
499 4136 627 4208 Peccati
653 4140 781 4226 votique
804 4161 878 4206 rens
901 4139 1095 4225 paribusque
1118 4138 1285 4206 columbis.

543 4246 675 4314 Femina
697 4247 830 4314 decurso
853 4269 934 4332 quae
957 4247 995 4313 tit
1017 4247 1082 4314 iarn
1105 4251 1268 4313 menstrua
1291 4267 1397 4312 mense

500 4353 640 4420 Fedatnr
662 4355 760 4436 sanie,
784 4354 910 4420 madida
932 4376 1014 4439 quae
1036 4354 1196 4439 promitur
1219 4352 1302 4436 alvo,

499 4461 543 4528 Et
565 4461 719 4548 quidquid
741 4462 848 4548 tangit
874 4456 1022 4550 [mensis]
1048 4460 1124 4527 dum
1146 4461 1301 4545 septimus
1324 4459 1401 4541 exit,

500 4569 650 4637 Lucifero
672 4570 833 4652 redeunte,
857 4569 933 4651 dies,
956 4569 1006 4635 sin
1029 4570 1153 4636 auctius
1177 4573 1285 4654 urget,

448 4675 478 4720 ⁶⁵
500 4679 594 4746 Unda
617 4701 733 4746 nocens
756 4679 897 4764 certique
919 4677 1061 4744 abscedit
1083 4677 1236 4764 temporis
1260 4676 1348 4759 ordo,

503 4787 679 4855 Indiscrete
701 4785 778 4853 mali
801 4785 908 4868 facies,
930 4784 1079 4870 idemque
1102 4785 1183 4851 reati

502 4895 590 4962 Finis
614 4896 685 4980 erit,
710 4899 852 4963 sanctem
875 4894 901 4960 si
924 4894 1043 4980 promit
1066 4915 1181 4960 munus
1204 4894 1244 4960 ed
1267 4915 1367 4960 aram

503 5005 550 5072 Er
573 5004 623 5071 his
646 5025 726 5089 quos
748 5003 885 5070 Domino
909 5006 1034 5070 constat
1056 5001 1213 5087 placuisse
1235 4999 1381 5068 volucres
1394 4996 1433 5082 ³).

287 5253 309 5328 ¹)
328 5250 416 5310 Codd
436 5253 524 5310 ollas
1087 5249 1110 5322 ³)
1129 5249 1290 5324 Sequentia
1307 5249 1339 5308 in
1356 5250 1457 5324 Sptcr'l.
1477 5247 1519 5306 lib
1546 5252 1575 5308 v.
1594 5247 1638 5304 B'l.

284 5343 310 5418 ²)
329 5339 425 5400 Lavit.
444 5358 506 5415 cap.
525 5356 573 5400 xv.
