<?xml version="1.0" encoding="UTF-8"?>
<!DOCTYPE html PUBLIC "-//W3C//DTD XHTML 1.0 Transitional//EN"
    "http://www.w3.org/TR/xhtml1/DTD/xhtml1-transitional.dtd">
<html xmlns="http://www.w3.org/1999/xhtml" xml:lang="en" lang="en">
 <head>
  <title>
</title>
<meta http-equiv="Content-Type" content="text/html;charset=utf-8" />
  <meta name='ocr-system' content='tesseract 3.04.00' />
  <meta name='ocr-capabilities' content='ocr_page ocr_carea ocr_par ocr_line ocrx_word'/>
</head>
<body>
  <div class='ocr_page' id='page_1' title='image "./analectasacrasp02pitrgoog_0470.png"; bbox 0 0 3944 6074; ppageno 0'>
   <div class='ocr_carea' id='block_1_1' title="bbox 315 0 1132 2">
    <p class='ocr_par' dir='ltr' id='par_1_1' title="bbox 315 0 1132 2">
     <span class='ocr_line' id='line_1_1' title="bbox 315 0 1132 2; baseline 0 0"><span class='ocrx_word' id='word_1_1' title='bbox 315 0 1132 2; x_wconf 95' lang='lat' dir='ltr'><em> </em></span> 
     </span>
    </p>
   </div>
   <div class='ocr_carea' id='block_1_2' title="bbox 839 492 1698 565">
    <p class='ocr_par' dir='ltr' id='par_1_2' title="bbox 839 492 1698 565">
     <span class='ocr_line' id='line_1_2' title="bbox 839 492 1698 565; baseline -0.002 -1"><span class='ocrx_word' id='word_1_2' title='bbox 839 492 932 565; x_wconf 89' lang='lat' dir='ltr'><em>Pars</em></span> <span class='ocrx_word' id='word_1_3' title='bbox 954 493 1009 565; x_wconf 89' lang='lat' dir='ltr'><em>Il.</em></span> <span class='ocrx_word' id='word_1_4' title='bbox 1644 505 1698 562; x_wconf 82' lang='lat'>211</span> 
     </span>
    </p>
   </div>
   <div class='ocr_carea' id='block_1_3' title="bbox 149 657 1701 2916">
    <p class='ocr_par' dir='ltr' id='par_1_3' title="bbox 150 657 1700 971">
     <span class='ocr_line' id='line_1_3' title="bbox 150 657 1699 756; baseline 0.002 -26"><span class='ocrx_word' id='word_1_5' title='bbox 150 657 288 750; x_wconf 73' lang='grc' dir='ltr'>θλίτειν)</span> <span class='ocrx_word' id='word_1_6' title='bbox 313 669 354 741; x_wconf 85' lang='grc' dir='ltr'><em>είς</em></span> <span class='ocrx_word' id='word_1_7' title='bbox 379 657 432 730; x_wconf 81' lang='grc' dir='ltr'>δύο</span> <span class='ocrx_word' id='word_1_8' title='bbox 456 675 559 730; x_wconf 82' lang='grc' dir='ltr'>ταῦτα</span> <span class='ocrx_word' id='word_1_9' title='bbox 589 665 727 751; x_wconf 82' lang='grc' dir='ltr'><strong>βλέπειν.</strong></span> <span class='ocrx_word' id='word_1_10' title='bbox 752 705 796 716; x_wconf 92' lang='grc'><strong>-</strong></span> <span class='ocrx_word' id='word_1_11' title='bbox 820 667 897 756; x_wconf 74' lang='grc' dir='ltr'>Πρὸς</span> <span class='ocrx_word' id='word_1_12' title='bbox 997 664 1041 730; x_wconf 88' lang='lat' dir='ltr'><em>M.</em></span> <span class='ocrx_word' id='word_1_13' title='bbox 1059 665 1171 732; x_wconf 80' lang='lat'>10139</span> <span class='ocrx_word' id='word_1_14' title='bbox 1190 664 1699 756; x_wconf 83' lang='grc' dir='ltr'>ν.-1.6ὼρέλημα)ὠρέλιμα.</span> 
     </span>
     <span class='ocr_line' id='line_1_4' title="bbox 150 761 1699 862; baseline 0.001 -27"><span class='ocrx_word' id='word_1_15' title='bbox 150 773 188 838; x_wconf 68' lang='lat' dir='ltr'><em>ro*</em></span> <span class='ocrx_word' id='word_1_16' title='bbox 206 761 249 840; x_wconf 76' lang='lat' dir='ltr'><em>Z‘.</em></span> <span class='ocrx_word' id='word_1_17' title='bbox 266 771 392 838; x_wconf 79' lang='grc' dir='ltr'>Τούτων</span> <span class='ocrx_word' id='word_1_18' title='bbox 410 767 461 837; x_wconf 82' lang='grc' dir='ltr'>οὖν</span> <span class='ocrx_word' id='word_1_19' title='bbox 477 779 564 861; x_wconf 78' lang='grc' dir='ltr'>ἡμῖν.</span> <span class='ocrx_word' id='word_1_20' title='bbox 582 777 662 841; x_wconf 75' lang='grc'><em>-1,</em></span> <span class='ocrx_word' id='word_1_21' title='bbox 688 777 727 842; x_wconf 89' lang='grc'><em>19</em></span> <span class='ocrx_word' id='word_1_22' title='bbox 752 775 897 860; x_wconf 81' lang='grc' dir='ltr'>ποιητὰς,</span> <span class='ocrx_word' id='word_1_23' title='bbox 950 787 997 820; x_wconf 88' lang='grc'><em>’-</em></span> <span class='ocrx_word' id='word_1_24' title='bbox 1011 774 1033 838; x_wconf 85' lang='grc'><em>1.</em></span> <span class='ocrx_word' id='word_1_25' title='bbox 1052 777 1072 840; x_wconf 92' lang='lat'>8</span> <span class='ocrx_word' id='word_1_26' title='bbox 1090 775 1357 862; x_wconf 81' lang='grc' dir='ltr'>ἀρηγηματικῶν)</span> <span class='ocrx_word' id='word_1_27' title='bbox 1381 773 1639 862; x_wconf 83' lang='grc' dir='ltr'>ἀρηγηματικόν.</span> <span class='ocrx_word' id='word_1_28' title='bbox 1655 813 1699 824; x_wconf 90' lang='grc'>-</span> 
     </span>
     <span class='ocr_line' id='line_1_5' title="bbox 150 870 1700 971; baseline -0.001 -26"><span class='ocrx_word' id='word_1_29' title='bbox 150 884 182 946; x_wconf 80' lang='grc' dir='ltr'><em>ὲν</em></span> <span class='ocrx_word' id='word_1_30' title='bbox 207 880 276 970; x_wconf 81' lang='grc' dir='ltr'>μὲν)</span> <span class='ocrx_word' id='word_1_31' title='bbox 299 880 435 957; x_wconf 76' lang='grc' dir='ltr'>ποιητὰς</span> <span class='ocrx_word' id='word_1_32' title='bbox 457 886 659 971; x_wconf 79' lang='grc' dir='ltr'>πλεμμελεῖν,</span> <span class='ocrx_word' id='word_1_33' title='bbox 684 887 714 948; x_wconf 85' lang='grc' dir='ltr'><em>ἐν</em></span> <span class='ocrx_word' id='word_1_34' title='bbox 740 885 806 970; x_wconf 83' lang='grc' dir='ltr'>μίν.</span> <span class='ocrx_word' id='word_1_35' title='bbox 952 881 975 944; x_wconf 91' lang='grc'><em>1.</em></span> <span class='ocrx_word' id='word_1_36' title='bbox 1001 881 1043 945; x_wconf 92' lang='grc'><em>14</em></span> <span class='ocrx_word' id='word_1_37' title='bbox 1067 870 1188 962; x_wconf 78' lang='grc' dir='ltr'>δείλην)</span> <span class='ocrx_word' id='word_1_38' title='bbox 1212 870 1325 952; x_wconf 74' lang='grc' dir='ltr'>δήλην,</span> <span class='ocrx_word' id='word_1_39' title='bbox 1343 882 1423 947; x_wconf 90' lang='lat'>-1.</span> <span class='ocrx_word' id='word_1_40' title='bbox 1451 883 1490 947; x_wconf 88' lang='grc'><em>15</em></span> <span class='ocrx_word' id='word_1_41' title='bbox 1515 871 1700 971; x_wconf 80' lang='grc' dir='ltr'>θυοχαιραί-</span> 
     </span>
    </p>

    <p class='ocr_par' dir='ltr' id='par_1_4' title="bbox 151 978 1701 1188">
     <span class='ocr_line' id='line_1_6' title="bbox 194 978 1699 1081; baseline 0 -25"><span class='ocrx_word' id='word_1_42' title='bbox 194 991 238 1058; x_wconf 94' lang='grc' dir='ltr'><em>Μ.</em></span> <span class='ocrx_word' id='word_1_43' title='bbox 256 992 314 1057; x_wconf 88' lang='lat' dir='ltr'><em>fol.</em></span> <span class='ocrx_word' id='word_1_44' title='bbox 331 993 385 1057; x_wconf 87' lang='lat'><em>38.</em></span> <span class='ocrx_word' id='word_1_45' title='bbox 401 1032 440 1044; x_wconf 86' lang='lat'><em>-·</em></span> <span class='ocrx_word' id='word_1_46' title='bbox 456 993 477 1058; x_wconf 95' lang='lat' dir='ltr'><em>l.</em></span> <span class='ocrx_word' id='word_1_47' title='bbox 495 993 536 1057; x_wconf 88' lang='lat'><em>31</em></span> <span class='ocrx_word' id='word_1_48' title='bbox 555 981 714 1081; x_wconf 81' lang='grc' dir='ltr'>θιώρισθαι</span> <span class='ocrx_word' id='word_1_49' title='bbox 731 992 784 1056; x_wconf 84' lang='grc' dir='ltr'><em>καί</em></span> <span class='ocrx_word' id='word_1_50' title='bbox 800 992 897 1076; x_wconf 87' lang='grc' dir='ltr'>ἄλλα)</span> <span class='ocrx_word' id='word_1_51' title='bbox 952 990 1079 1074; x_wconf 84' lang='grc' dir='ltr'>νουοαν)</span> <span class='ocrx_word' id='word_1_52' title='bbox 1103 978 1376 1080; x_wconf 69' lang='grc' dir='ltr'>δυσχεραίνουσαν.</span> <span class='ocrx_word' id='word_1_53' title='bbox 1394 1027 1438 1040; x_wconf 91' lang='lat'><em>-··</em></span> <span class='ocrx_word' id='word_1_54' title='bbox 1453 991 1475 1057; x_wconf 95' lang='lat'>1.</span> <span class='ocrx_word' id='word_1_55' title='bbox 1496 993 1536 1057; x_wconf 89' lang='grc'><em>16</em></span> <span class='ocrx_word' id='word_1_56' title='bbox 1556 993 1699 1068; x_wconf 85' lang='grc' dir='ltr'>πλείονος</span> 
     </span>
     <span class='ocr_line' id='line_1_7' title="bbox 151 1089 1701 1188; baseline 0.001 -26"><span class='ocrx_word' id='word_1_57' title='bbox 151 1089 326 1188; x_wconf 81' lang='grc' dir='ltr'>διῃρεῖσθαι</span> <span class='ocrx_word' id='word_1_58' title='bbox 350 1097 403 1162; x_wconf 83' lang='grc' dir='ltr'><em>καί</em></span> <span class='ocrx_word' id='word_1_59' title='bbox 426 1097 540 1170; x_wconf 85' lang='grc' dir='ltr'>ἄλλην.</span> <span class='ocrx_word' id='word_1_60' title='bbox 952 1097 1005 1180; x_wconf 89' lang='grc' dir='ltr'><em>ὡς)</em></span> <span class='ocrx_word' id='word_1_61' title='bbox 1029 1095 1124 1160; x_wconf 86' lang='grc' dir='ltr'>πλέον</span> <span class='ocrx_word' id='word_1_62' title='bbox 1148 1101 1199 1172; x_wconf 86' lang='grc' dir='ltr'><em>ὡς.</em></span> <span class='ocrx_word' id='word_1_63' title='bbox 1225 1136 1265 1146; x_wconf 90' lang='lat'><em>-</em></span> <span class='ocrx_word' id='word_1_64' title='bbox 1291 1097 1312 1162; x_wconf 95' lang='lat' dir='ltr'><em>l.</em></span> <span class='ocrx_word' id='word_1_65' title='bbox 1340 1098 1379 1162; x_wconf 89' lang='grc'><em>17</em></span> <span class='ocrx_word' id='word_1_66' title='bbox 1405 1096 1598 1186; x_wconf 82' lang='grc' dir='ltr'>σθμρρωνος)</span> <span class='ocrx_word' id='word_1_67' title='bbox 1622 1098 1701 1187; x_wconf 82' lang='grc' dir='ltr'>σύμ-</span> 
     </span>
    </p>

    <p class='ocr_par' dir='ltr' id='par_1_5' title="bbox 149 1197 1701 2378">
     <span class='ocr_line' id='line_1_8' title="bbox 195 1197 1699 1298; baseline 0.001 -26"><span class='ocrx_word' id='word_1_68' title='bbox 195 1208 239 1272; x_wconf 91' lang='grc' dir='ltr'><em>Μ.</em></span> <span class='ocrx_word' id='word_1_69' title='bbox 263 1206 321 1272; x_wconf 88' lang='lat' dir='ltr'><em>fol.</em></span> <span class='ocrx_word' id='word_1_70' title='bbox 346 1208 389 1272; x_wconf 88' lang='lat'><em>38</em></span> <span class='ocrx_word' id='word_1_71' title='bbox 413 1230 444 1271; x_wconf 89' lang='lat' dir='ltr'><em>v.</em></span> <span class='ocrx_word' id='word_1_72' title='bbox 469 1247 507 1260; x_wconf 86' lang='lat'><em>-</em></span> <span class='ocrx_word' id='word_1_73' title='bbox 530 1207 553 1273; x_wconf 88' lang='lat' dir='ltr'><em>l.</em></span> <span class='ocrx_word' id='word_1_74' title='bbox 577 1209 619 1273; x_wconf 86' lang='lat'><em>37</em></span> <span class='ocrx_word' id='word_1_75' title='bbox 643 1206 718 1297; x_wconf 77' lang='grc' dir='ltr'>πρὸς</span> <span class='ocrx_word' id='word_1_76' title='bbox 752 1206 897 1298; x_wconf 78' lang='grc' dir='ltr'>ῥυθμοὺς)</span> <span class='ocrx_word' id='word_1_77' title='bbox 952 1203 1151 1290; x_wconf 82' lang='grc' dir='ltr'>ρωνος.·-1.</span> <span class='ocrx_word' id='word_1_78' title='bbox 1168 1206 1208 1271; x_wconf 90' lang='grc'><em>19</em></span> <span class='ocrx_word' id='word_1_79' title='bbox 1225 1203 1303 1293; x_wconf 81' lang='grc' dir='ltr'>Πρὸς</span> <span class='ocrx_word' id='word_1_80' title='bbox 1319 1204 1418 1270; x_wconf 81' lang='grc' dir='ltr'>τὸΘ’.</span> <span class='ocrx_word' id='word_1_81' title='bbox 1436 1198 1524 1282; x_wconf 76' lang='grc' dir='ltr'>Ἑξῆς</span> <span class='ocrx_word' id='word_1_82' title='bbox 1539 1197 1699 1290; x_wconf 81' lang='grc' dir='ltr'>θὲτοῦτῳ.</span> 
     </span>
     <span class='ocr_line' id='line_1_9' title="bbox 150 1304 1698 1406; baseline 0.003 -30"><span class='ocrx_word' id='word_1_83' title='bbox 150 1313 221 1389; x_wconf 87' lang='grc' dir='ltr'>τοὺς</span> <span class='ocrx_word' id='word_1_84' title='bbox 247 1312 389 1404; x_wconf 79' lang='grc' dir='ltr'>ῥυθμούς.</span> <span class='ocrx_word' id='word_1_85' title='bbox 414 1353 452 1370; x_wconf 82' lang='lat'>-</span> <span class='ocrx_word' id='word_1_86' title='bbox 475 1323 533 1390; x_wconf 79' lang='grc' dir='ltr'><em>τῆς</em></span> <span class='ocrx_word' id='word_1_87' title='bbox 566 1314 659 1404; x_wconf 80' lang='grc' dir='ltr'>ὅροις)</span> <span class='ocrx_word' id='word_1_88' title='bbox 687 1327 752 1390; x_wconf 85' lang='grc' dir='ltr'>τοῖς</span> <span class='ocrx_word' id='word_1_89' title='bbox 784 1317 829 1406; x_wconf 83' lang='grc' dir='ltr'><em>ὄρ.</em></span> <span class='ocrx_word' id='word_1_90' title='bbox 853 1355 897 1366; x_wconf 92' lang='lat'><em>-</em></span> <span class='ocrx_word' id='word_1_91' title='bbox 997 1313 1040 1379; x_wconf 89' lang='lat' dir='ltr'><em>M.</em></span> <span class='ocrx_word' id='word_1_92' title='bbox 1065 1313 1122 1379; x_wconf 88' lang='lat' dir='ltr'><em>fol.</em></span> <span class='ocrx_word' id='word_1_93' title='bbox 1149 1314 1202 1380; x_wconf 84' lang='lat'>40.</span> <span class='ocrx_word' id='word_1_94' title='bbox 1228 1355 1267 1366; x_wconf 88' lang='lat'>-</span> <span class='ocrx_word' id='word_1_95' title='bbox 1290 1315 1312 1380; x_wconf 92' lang='lat' dir='ltr'><em>l.</em></span> <span class='ocrx_word' id='word_1_96' title='bbox 1337 1317 1379 1380; x_wconf 83' lang='lat'><em>23</em></span> <span class='ocrx_word' id='word_1_97' title='bbox 1402 1323 1462 1389; x_wconf 78' lang='grc' dir='ltr'><em>πᾶς</em></span> <span class='ocrx_word' id='word_1_98' title='bbox 1487 1304 1520 1380; x_wconf 78' lang='grc' dir='ltr'><em>δὲ</em></span> <span class='ocrx_word' id='word_1_99' title='bbox 1545 1315 1698 1405; x_wconf 79' lang='grc' dir='ltr'>μιμητὴς)</span> 
     </span>
     <span class='ocr_line' id='line_1_10' title="bbox 149 1415 1698 1512; baseline -0.001 -24"><span class='ocrx_word' id='word_1_100' title='bbox 149 1423 171 1488; x_wconf 91' lang='lat' dir='ltr'><em>l.</em></span> <span class='ocrx_word' id='word_1_101' title='bbox 190 1424 232 1488; x_wconf 92' lang='lat'>40</span> <span class='ocrx_word' id='word_1_102' title='bbox 248 1419 319 1508; x_wconf 86' lang='grc' dir='ltr'>περί</span> <span class='ocrx_word' id='word_1_103' title='bbox 335 1421 389 1488; x_wconf 78' lang='grc' dir='ltr'><em>τὸν</em></span> <span class='ocrx_word' id='word_1_104' title='bbox 408 1422 561 1504; x_wconf 78' lang='grc' dir='ltr'>Σόλωνος)</span> <span class='ocrx_word' id='word_1_105' title='bbox 585 1423 655 1512; x_wconf 85' lang='grc' dir='ltr'>περί</span> <span class='ocrx_word' id='word_1_106' title='bbox 675 1433 737 1486; x_wconf 88' lang='grc' dir='ltr'><em>τῶν</em></span> <span class='ocrx_word' id='word_1_107' title='bbox 755 1425 829 1491; x_wconf 85' lang='grc' dir='ltr'>Σόλ.</span> <span class='ocrx_word' id='word_1_108' title='bbox 855 1463 895 1473; x_wconf 95' lang='grc'><strong>-</strong></span> <span class='ocrx_word' id='word_1_109' title='bbox 951 1428 1010 1494; x_wconf 84' lang='grc' dir='ltr'><em>πᾶς</em></span> <span class='ocrx_word' id='word_1_110' title='bbox 1036 1419 1188 1508; x_wconf 84' lang='grc' dir='ltr'>μιμητής.</span> <span class='ocrx_word' id='word_1_111' title='bbox 1213 1463 1251 1472; x_wconf 98' lang='grc'><strong>-</strong></span> <span class='ocrx_word' id='word_1_112' title='bbox 1274 1415 1554 1511; x_wconf 71' lang='grc' dir='ltr'><em>13111ρὸςτὸί.</em></span> <span class='ocrx_word' id='word_1_113' title='bbox 1578 1422 1698 1487; x_wconf 82' lang='grc' dir='ltr'>Τούτου</span> 
     </span>
     <span class='ocr_line' id='line_1_11' title="bbox 151 1517 1096 1620; baseline 0.002 -28"><span class='ocrx_word' id='word_1_114' title='bbox 151 1533 192 1604; x_wconf 80' lang='grc' dir='ltr'><em>εἰς</em></span> <span class='ocrx_word' id='word_1_115' title='bbox 210 1529 370 1617; x_wconf 85' lang='grc' dir='ltr'>Κριτείαν)</span> <span class='ocrx_word' id='word_1_116' title='bbox 390 1534 432 1604; x_wconf 85' lang='grc' dir='ltr'><em>εἰς</em></span> <span class='ocrx_word' id='word_1_117' title='bbox 450 1531 589 1620; x_wconf 85' lang='grc' dir='ltr'>Κριτίαν.</span> <span class='ocrx_word' id='word_1_118' title='bbox 614 1569 655 1578; x_wconf 90' lang='grc'>-</span> <span class='ocrx_word' id='word_1_119' title='bbox 679 1533 702 1596; x_wconf 94' lang='lat' dir='ltr'><em>l.</em></span> <span class='ocrx_word' id='word_1_120' title='bbox 727 1535 767 1598; x_wconf 90' lang='lat'><em>41</em></span> <span class='ocrx_word' id='word_1_121' title='bbox 794 1522 898 1597; x_wconf 74' lang='grc' dir='ltr'>αἰθιώ-</span> <span class='ocrx_word' id='word_1_122' title='bbox 952 1517 986 1590; x_wconf 70' lang='grc' dir='ltr'><em>δὲ</em></span> <span class='ocrx_word' id='word_1_123' title='bbox 1008 1531 1096 1616; x_wconf 81' lang='grc' dir='ltr'>θμῖν.</span> 
     </span>
     <span class='ocr_line' id='line_1_12' title="bbox 149 1633 1701 1728; baseline 0.002 -29"><span class='ocrx_word' id='word_1_124' title='bbox 149 1637 240 1725; x_wconf 87' lang='grc' dir='ltr'>τερα)</span> <span class='ocrx_word' id='word_1_125' title='bbox 264 1633 441 1727; x_wconf 81' lang='grc' dir='ltr'>αίτιώτερα.</span> <span class='ocrx_word' id='word_1_126' title='bbox 466 1676 507 1686; x_wconf 94' lang='grc'><strong>-</strong></span> <span class='ocrx_word' id='word_1_127' title='bbox 532 1636 776 1728; x_wconf 80' lang='grc' dir='ltr'>ὲοτοχάοασθαι)</span> <span class='ocrx_word' id='word_1_128' title='bbox 801 1639 896 1704; x_wconf 80' lang='lat' dir='ltr'><em>iori-</em></span> <span class='ocrx_word' id='word_1_129' title='bbox 996 1635 1041 1700; x_wconf 94' lang='grc' dir='ltr'><em>Μ.</em></span> <span class='ocrx_word' id='word_1_130' title='bbox 1066 1637 1123 1703; x_wconf 84' lang='lat' dir='ltr'><em>fol.</em></span> <span class='ocrx_word' id='word_1_131' title='bbox 1140 1638 1182 1704; x_wconf 91' lang='lat'>40</span> <span class='ocrx_word' id='word_1_132' title='bbox 1199 1661 1230 1702; x_wconf 89' lang='lat' dir='ltr'><em>v.</em></span> <span class='ocrx_word' id='word_1_133' title='bbox 1247 1679 1286 1690; x_wconf 94' lang='lat'>-</span> <span class='ocrx_word' id='word_1_134' title='bbox 1301 1639 1323 1705; x_wconf 92' lang='lat' dir='ltr'><em>l.</em></span> <span class='ocrx_word' id='word_1_135' title='bbox 1341 1640 1384 1704; x_wconf 80' lang='lat'><em>36</em></span> <span class='ocrx_word' id='word_1_136' title='bbox 1401 1635 1535 1724; x_wconf 80' lang='grc' dir='ltr'>σώματα</span> <span class='ocrx_word' id='word_1_137' title='bbox 1551 1637 1617 1720; x_wconf 83' lang='grc' dir='ltr'>καὶ)</span> <span class='ocrx_word' id='word_1_138' title='bbox 1642 1634 1701 1702; x_wconf 83' lang='grc' dir='ltr'><em>σώ-</em></span> 
     </span>
     <span class='ocr_line' id='line_1_13' title="bbox 149 1742 1698 1834; baseline 0.003 -28"><span class='ocrx_word' id='word_1_139' title='bbox 149 1742 275 1832; x_wconf 80' lang='grc' dir='ltr'>χαοθαι.</span> <span class='ocrx_word' id='word_1_140' title='bbox 299 1781 343 1792; x_wconf 86' lang='grc'><em>--</em></span> <span class='ocrx_word' id='word_1_141' title='bbox 369 1745 392 1812; x_wconf 91' lang='lat' dir='ltr'><em>l.</em></span> <span class='ocrx_word' id='word_1_142' title='bbox 424 1749 465 1812; x_wconf 88' lang='grc'><em>42</em></span> <span class='ocrx_word' id='word_1_143' title='bbox 498 1744 772 1834; x_wconf 84' lang='grc' dir='ltr'>ἐλευθεριώτατον)</span> <span class='ocrx_word' id='word_1_144' title='bbox 803 1750 897 1812; x_wconf 87' lang='grc' dir='ltr'><em>Ιελευ-</em></span> <span class='ocrx_word' id='word_1_145' title='bbox 952 1767 1039 1832; x_wconf 83' lang='grc' dir='ltr'>ματα</span> <span class='ocrx_word' id='word_1_146' title='bbox 1062 1742 1169 1809; x_wconf 84' lang='grc' dir='ltr'>πάντα</span> <span class='ocrx_word' id='word_1_147' title='bbox 1190 1746 1350 1812; x_wconf 75' lang='grc' dir='ltr'>καί-1.</span> <span class='ocrx_word' id='word_1_148' title='bbox 1376 1749 1416 1813; x_wconf 88' lang='grc'><em>37</em></span> <span class='ocrx_word' id='word_1_149' title='bbox 1442 1749 1458 1808; x_wconf 85' lang='grc' dir='ltr'>ὁ</span> <span class='ocrx_word' id='word_1_150' title='bbox 1482 1745 1698 1833; x_wconf 79' lang='grc' dir='ltr'>πολεμικὸς)θ</span> 
     </span>
     <span class='ocr_line' id='line_1_14' title="bbox 150 1849 1700 1944; baseline 0.002 -28"><span class='ocrx_word' id='word_1_151' title='bbox 150 1849 337 1941; x_wconf 84' lang='grc' dir='ltr'>θερώτατον.</span> <span class='ocrx_word' id='word_1_152' title='bbox 361 1890 406 1902; x_wconf 92' lang='grc'>-</span> <span class='ocrx_word' id='word_1_153' title='bbox 429 1856 451 1920; x_wconf 88' lang='lat' dir='ltr'><em>l.</em></span> <span class='ocrx_word' id='word_1_154' title='bbox 476 1856 519 1921; x_wconf 88' lang='lat'><em>44</em></span> <span class='ocrx_word' id='word_1_155' title='bbox 542 1852 612 1929; x_wconf 87' lang='grc' dir='ltr'>τοὺς</span> <span class='ocrx_word' id='word_1_156' title='bbox 643 1856 801 1944; x_wconf 84' lang='grc' dir='ltr'>οτοίχους)</span> <span class='ocrx_word' id='word_1_157' title='bbox 825 1854 896 1931; x_wconf 84' lang='grc' dir='ltr'>τοὺς</span> <span class='ocrx_word' id='word_1_158' title='bbox 950 1852 1123 1927; x_wconf 85' lang='grc' dir='ltr'>πολιτικός.</span> <span class='ocrx_word' id='word_1_159' title='bbox 1140 1895 1179 1907; x_wconf 90' lang='lat'>-</span> <span class='ocrx_word' id='word_1_160' title='bbox 1194 1854 1216 1919; x_wconf 92' lang='lat' dir='ltr'><em>l.</em></span> <span class='ocrx_word' id='word_1_161' title='bbox 1233 1856 1274 1920; x_wconf 91' lang='lat'><em>41</em></span> <span class='ocrx_word' id='word_1_162' title='bbox 1293 1862 1355 1916; x_wconf 89' lang='grc' dir='ltr'><em>τῶν</em></span> <span class='ocrx_word' id='word_1_163' title='bbox 1372 1851 1522 1936; x_wconf 81' lang='grc' dir='ltr'>ποιητὴν)</span> <span class='ocrx_word' id='word_1_164' title='bbox 1539 1855 1593 1918; x_wconf 76' lang='grc' dir='ltr'>τὀν</span> <span class='ocrx_word' id='word_1_165' title='bbox 1611 1878 1700 1929; x_wconf 86' lang='grc' dir='ltr'>ποιη-</span> 
     </span>
     <span class='ocr_line' id='line_1_15' title="bbox 149 1953 1698 2053; baseline 0 -29"><span class='ocrx_word' id='word_1_166' title='bbox 149 1958 262 2048; x_wconf 82' lang='grc' dir='ltr'>τύχους</span> <span class='ocrx_word' id='word_1_167' title='bbox 291 1961 336 2026; x_wconf 89' lang='lat' dir='ltr'><em>sic</em></span> <span class='ocrx_word' id='word_1_168' title='bbox 366 1963 461 2028; x_wconf 87' lang='lat' dir='ltr'><em>male.</em></span> <span class='ocrx_word' id='word_1_169' title='bbox 486 2000 528 2010; x_wconf 89' lang='lat'><em>-</em></span> <span class='ocrx_word' id='word_1_170' title='bbox 552 1965 574 2028; x_wconf 93' lang='lat' dir='ltr'><em>l.</em></span> <span class='ocrx_word' id='word_1_171' title='bbox 598 1963 640 2029; x_wconf 90' lang='lat'><em>45</em></span> <span class='ocrx_word' id='word_1_172' title='bbox 673 1962 895 2053; x_wconf 81' lang='grc' dir='ltr'>ἀνηνεγμένον)</span> <span class='ocrx_word' id='word_1_173' title='bbox 951 1959 1021 2032; x_wconf 84' lang='grc' dir='ltr'>τήν.</span> <span class='ocrx_word' id='word_1_174' title='bbox 1045 1999 1089 2010; x_wconf 90' lang='grc'>-</span> <span class='ocrx_word' id='word_1_175' title='bbox 1112 1962 1135 2027; x_wconf 88' lang='lat'>1.</span> <span class='ocrx_word' id='word_1_176' title='bbox 1159 1963 1200 2027; x_wconf 86' lang='grc'><em>47</em></span> <span class='ocrx_word' id='word_1_177' title='bbox 1222 1953 1410 2051; x_wconf 75' lang='grc' dir='ltr'>δημιουργός</span> <span class='ocrx_word' id='word_1_178' title='bbox 1434 1963 1518 2025; x_wconf 79' lang='grc' dir='ltr'>ἐστιν</span> <span class='ocrx_word' id='word_1_179' title='bbox 1543 1963 1559 2023; x_wconf 90' lang='grc' dir='ltr'>ὁ</span> <span class='ocrx_word' id='word_1_180' title='bbox 1583 1962 1698 2051; x_wconf 83' lang='grc' dir='ltr'>Ἐρμῆς</span> 
     </span>
     <span class='ocr_line' id='line_1_16' title="bbox 149 2059 1698 2161; baseline 0.002 -28"><span class='ocrx_word' id='word_1_181' title='bbox 149 2067 336 2158; x_wconf 78' lang='grc' dir='ltr'>ἀνηγμένον.</span> <span class='ocrx_word' id='word_1_182' title='bbox 359 2104 404 2116; x_wconf 91' lang='grc'><em>--</em></span> <span class='ocrx_word' id='word_1_183' title='bbox 425 2069 448 2134; x_wconf 92' lang='lat'>1.</span> <span class='ocrx_word' id='word_1_184' title='bbox 473 2072 516 2136; x_wconf 89' lang='grc'><em>46</em></span> <span class='ocrx_word' id='word_1_185' title='bbox 545 2071 624 2159; x_wconf 76' lang='grc' dir='ltr'>Πρὸς</span> <span class='ocrx_word' id='word_1_186' title='bbox 656 2069 694 2134; x_wconf 76' lang='grc' dir='ltr'><em>τὸ</em></span> <span class='ocrx_word' id='word_1_187' title='bbox 727 2063 773 2136; x_wconf 88' lang='lat'>11&#39;.</span> <span class='ocrx_word' id='word_1_188' title='bbox 796 2068 897 2134; x_wconf 71' lang='lat' dir='ltr'><em>&#39;Atti</em></span> <span class='ocrx_word' id='word_1_189' title='bbox 951 2059 991 2133; x_wconf 80' lang='grc' dir='ltr'><em>δι’</em></span> <span class='ocrx_word' id='word_1_190' title='bbox 1010 2061 1293 2160; x_wconf 80' lang='grc' dir='ltr'>θνθημιγοροῦοιν)</span> <span class='ocrx_word' id='word_1_191' title='bbox 1312 2062 1499 2161; x_wconf 76' lang='grc' dir='ltr'>δημιουργὸς</span> <span class='ocrx_word' id='word_1_192' title='bbox 1524 2073 1579 2134; x_wconf 81' lang='grc' dir='ltr'>οὐκ</span> <span class='ocrx_word' id='word_1_193' title='bbox 1603 2071 1698 2147; x_wconf 85' lang='grc' dir='ltr'>ἄλλος</span> 
     </span>
     <span class='ocr_line' id='line_1_17' title="bbox 150 2169 1697 2270; baseline -0.001 -27"><span class='ocrx_word' id='word_1_194' title='bbox 150 2179 341 2246; x_wconf 71' lang='grc' dir='ltr'>τούτων-</span> <span class='ocrx_word' id='word_1_195' title='bbox 365 2181 387 2244; x_wconf 95' lang='lat' dir='ltr'><em>l.</em></span> <span class='ocrx_word' id='word_1_196' title='bbox 413 2180 454 2245; x_wconf 87' lang='grc'><em>47</em></span> <span class='ocrx_word' id='word_1_197' title='bbox 479 2179 550 2242; x_wconf 82' lang='grc' dir='ltr'>τίνοι</span> <span class='ocrx_word' id='word_1_198' title='bbox 574 2169 609 2243; x_wconf 81' lang='grc' dir='ltr'><em>δε</em></span> <span class='ocrx_word' id='word_1_199' title='bbox 633 2176 745 2261; x_wconf 72' lang='grc' dir='ltr'>λεκτὰ)</span> <span class='ocrx_word' id='word_1_200' title='bbox 768 2181 839 2242; x_wconf 90' lang='grc' dir='ltr'>τίνα</span> <span class='ocrx_word' id='word_1_201' title='bbox 863 2170 896 2245; x_wconf 75' lang='grc' dir='ltr'><em>δὲ</em></span> <span class='ocrx_word' id='word_1_202' title='bbox 950 2177 969 2248; x_wconf 81' lang='grc' dir='ltr'><strong>ἢ</strong></span> <span class='ocrx_word' id='word_1_203' title='bbox 1003 2178 1157 2267; x_wconf 77' lang='grc' dir='ltr'>ὁἙρμῆς</span> <span class='ocrx_word' id='word_1_204' title='bbox 1183 2169 1223 2242; x_wconf 77' lang='grc' dir='ltr'><em>δι’</em></span> <span class='ocrx_word' id='word_1_205' title='bbox 1249 2179 1282 2244; x_wconf 87' lang='grc' dir='ltr'><em>θν</em></span> <span class='ocrx_word' id='word_1_206' title='bbox 1314 2179 1367 2243; x_wconf 86' lang='grc' dir='ltr'><em>καί</em></span> <span class='ocrx_word' id='word_1_207' title='bbox 1389 2169 1631 2270; x_wconf 75' lang='grc' dir='ltr'>δημηγοροῦσιν.</span> <span class='ocrx_word' id='word_1_208' title='bbox 1657 2217 1697 2228; x_wconf 92' lang='grc'>-</span> 
     </span>
     <span class='ocr_line' id='line_1_18' title="bbox 149 2285 1514 2378; baseline 0.001 -26"><span class='ocrx_word' id='word_1_209' title='bbox 149 2285 293 2355; x_wconf 78' lang='grc' dir='ltr'>λεκτικοί.</span> <span class='ocrx_word' id='word_1_210' title='bbox 317 2325 358 2336; x_wconf 93' lang='grc'><strong>-</strong></span> <span class='ocrx_word' id='word_1_211' title='bbox 383 2289 405 2354; x_wconf 90' lang='lat' dir='ltr'><em>l.</em></span> <span class='ocrx_word' id='word_1_212' title='bbox 431 2289 472 2353; x_wconf 89' lang='grc'><em>49</em></span> <span class='ocrx_word' id='word_1_213' title='bbox 496 2287 613 2377; x_wconf 85' lang='grc' dir='ltr'>λέγειν)</span> <span class='ocrx_word' id='word_1_214' title='bbox 637 2287 735 2378; x_wconf 70' lang='grc' dir='ltr'>λέγοι.</span> <span class='ocrx_word' id='word_1_215' title='bbox 950 2288 973 2353; x_wconf 87' lang='lat' dir='ltr'><em>l.</em></span> <span class='ocrx_word' id='word_1_216' title='bbox 997 2289 1040 2353; x_wconf 89' lang='grc'><em>48</em></span> <span class='ocrx_word' id='word_1_217' title='bbox 1063 2287 1285 2377; x_wconf 70' lang='grc' dir='ltr'>προχειρίσας)</span> <span class='ocrx_word' id='word_1_218' title='bbox 1307 2289 1514 2377; x_wconf 82' lang='grc' dir='ltr'>προχειρίσας.</span> 
     </span>
    </p>

    <p class='ocr_par' dir='ltr' id='par_1_6' title="bbox 149 2393 1701 2916">
     <span class='ocr_line' id='line_1_19' title="bbox 194 2393 1701 2486; baseline -0.005 -22"><span class='ocrx_word' id='word_1_219' title='bbox 194 2399 238 2464; x_wconf 89' lang='grc' dir='ltr'><em>Μ.</em></span> <span class='ocrx_word' id='word_1_220' title='bbox 255 2398 313 2466; x_wconf 87' lang='lat' dir='ltr'><em>fol.</em></span> <span class='ocrx_word' id='word_1_221' title='bbox 334 2401 387 2465; x_wconf 83' lang='lat'><em>39.</em></span> <span class='ocrx_word' id='word_1_222' title='bbox 405 2399 481 2465; x_wconf 85' lang='lat'><em>-1.</em></span> <span class='ocrx_word' id='word_1_223' title='bbox 500 2399 542 2464; x_wconf 85' lang='lat'><em>52</em></span> <span class='ocrx_word' id='word_1_224' title='bbox 568 2397 689 2486; x_wconf 80' lang='grc' dir='ltr'>μέλλει)</span> <span class='ocrx_word' id='word_1_225' title='bbox 716 2399 835 2486; x_wconf 82' lang='grc' dir='ltr'>μέλλοι.</span> <span class='ocrx_word' id='word_1_226' title='bbox 852 2435 895 2446; x_wconf 84' lang='grc'>-</span> <span class='ocrx_word' id='word_1_227' title='bbox 995 2394 1036 2461; x_wconf 88' lang='lat' dir='ltr'><em>M.</em></span> <span class='ocrx_word' id='word_1_228' title='bbox 1055 2395 1112 2461; x_wconf 87' lang='lat' dir='ltr'><em>fol.</em></span> <span class='ocrx_word' id='word_1_229' title='bbox 1131 2396 1184 2460; x_wconf 91' lang='lat'>41.</span> <span class='ocrx_word' id='word_1_230' title='bbox 1201 2396 1277 2461; x_wconf 81' lang='grc'><em>-1,</em></span> <span class='ocrx_word' id='word_1_231' title='bbox 1295 2395 1338 2462; x_wconf 88' lang='grc'><em>50</em></span> <span class='ocrx_word' id='word_1_232' title='bbox 1357 2404 1443 2458; x_wconf 79' lang='grc' dir='ltr'>νοσεῖ</span> <span class='ocrx_word' id='word_1_233' title='bbox 1456 2393 1493 2458; x_wconf 78' lang='grc' dir='ltr'><em>τὸ</em></span> <span class='ocrx_word' id='word_1_234' title='bbox 1516 2395 1592 2478; x_wconf 85' lang='grc' dir='ltr'>πᾶν)</span> <span class='ocrx_word' id='word_1_235' title='bbox 1616 2403 1701 2458; x_wconf 79' lang='grc' dir='ltr'>νοσεῖ</span> 
     </span>
     <span class='ocr_line' id='line_1_20' title="bbox 149 2494 1696 2596; baseline -0.004 -24"><span class='ocrx_word' id='word_1_236' title='bbox 149 2507 171 2572; x_wconf 90' lang='lat' dir='ltr'><em>l.</em></span> <span class='ocrx_word' id='word_1_237' title='bbox 196 2507 238 2571; x_wconf 88' lang='lat'><em>53</em></span> <span class='ocrx_word' id='word_1_238' title='bbox 261 2503 374 2595; x_wconf 81' lang='grc' dir='ltr'>λόγους</span> <span class='ocrx_word' id='word_1_239' title='bbox 398 2505 574 2590; x_wconf 82' lang='grc' dir='ltr'>ἀνομοίους)</span> <span class='ocrx_word' id='word_1_240' title='bbox 598 2503 669 2596; x_wconf 79' lang='grc' dir='ltr'>λόγ.</span> <span class='ocrx_word' id='word_1_241' title='bbox 694 2505 828 2592; x_wconf 81' lang='grc' dir='ltr'>ὁμοίους.</span> <span class='ocrx_word' id='word_1_242' title='bbox 852 2541 896 2554; x_wconf 90' lang='lat'><em>—-</em></span> <span class='ocrx_word' id='word_1_243' title='bbox 949 2510 1022 2570; x_wconf 85' lang='grc' dir='ltr'>πᾶν.</span> <span class='ocrx_word' id='word_1_244' title='bbox 1048 2545 1086 2556; x_wconf 87' lang='grc'>-</span> <span class='ocrx_word' id='word_1_245' title='bbox 1108 2494 1231 2588; x_wconf 73' lang='grc' dir='ltr'>λαθεῖν)</span> <span class='ocrx_word' id='word_1_246' title='bbox 1254 2506 1374 2568; x_wconf 83' lang='grc' dir='ltr'>λαλεῖν.</span> <span class='ocrx_word' id='word_1_247' title='bbox 1394 2540 1433 2551; x_wconf 94' lang='grc'>-</span> <span class='ocrx_word' id='word_1_248' title='bbox 1453 2503 1485 2577; x_wconf 87' lang='grc' dir='ltr'><em>ὅς</em></span> <span class='ocrx_word' id='word_1_249' title='bbox 1509 2503 1587 2585; x_wconf 84' lang='grc' dir='ltr'>ἐστι)</span> <span class='ocrx_word' id='word_1_250' title='bbox 1612 2502 1696 2578; x_wconf 81' lang='grc' dir='ltr'>ὅστις</span> 
     </span>
     <span class='ocr_line' id='line_1_21' title="bbox 149 2598 1697 2704; baseline -0.005 -26"><span class='ocrx_word' id='word_1_251' title='bbox 149 2623 214 2688; x_wconf 82' lang='grc' dir='ltr'>τοῖς</span> <span class='ocrx_word' id='word_1_252' title='bbox 237 2613 409 2702; x_wconf 79' lang='grc' dir='ltr'>ἑπομένοις)</span> <span class='ocrx_word' id='word_1_253' title='bbox 433 2622 498 2688; x_wconf 80' lang='grc' dir='ltr'>τοῖς</span> <span class='ocrx_word' id='word_1_254' title='bbox 528 2614 752 2704; x_wconf 79' lang='grc' dir='ltr'>ὑποκειμένοις.</span> <span class='ocrx_word' id='word_1_255' title='bbox 775 2651 820 2662; x_wconf 96' lang='grc'>-</span> <span class='ocrx_word' id='word_1_256' title='bbox 843 2603 894 2677; x_wconf 74' lang='grc' dir='ltr'><em>διὰ</em></span> <span class='ocrx_word' id='word_1_257' title='bbox 950 2612 1044 2677; x_wconf 79' lang='grc' dir='ltr'>ἐστιν.</span> <span class='ocrx_word' id='word_1_258' title='bbox 1064 2647 1108 2659; x_wconf 87' lang='grc'>-</span> <span class='ocrx_word' id='word_1_259' title='bbox 1130 2612 1152 2677; x_wconf 92' lang='lat' dir='ltr'><em>l.</em></span> <span class='ocrx_word' id='word_1_260' title='bbox 1178 2613 1219 2677; x_wconf 88' lang='lat'><em>51</em></span> <span class='ocrx_word' id='word_1_261' title='bbox 1244 2620 1322 2674; x_wconf 79' lang='grc' dir='ltr'>κινεῖ</span> <span class='ocrx_word' id='word_1_262' title='bbox 1344 2611 1397 2694; x_wconf 88' lang='grc' dir='ltr'><em>ὡς)</em></span> <span class='ocrx_word' id='word_1_263' title='bbox 1420 2598 1555 2672; x_wconf 70' lang='lat' dir='ltr'><em>arretii</em></span> <span class='ocrx_word' id='word_1_264' title='bbox 1578 2613 1629 2683; x_wconf 86' lang='grc' dir='ltr'><em>ὡς.</em></span> <span class='ocrx_word' id='word_1_265' title='bbox 1655 2647 1697 2657; x_wconf 97' lang='grc'>-</span> 
     </span>
     <span class='ocr_line' id='line_1_22' title="bbox 149 2707 1698 2808; baseline -0.002 -25"><span class='ocrx_word' id='word_1_266' title='bbox 149 2730 212 2784; x_wconf 87' lang='grc' dir='ltr'><em>τῶν</em></span> <span class='ocrx_word' id='word_1_267' title='bbox 237 2720 364 2808; x_wconf 86' lang='grc' dir='ltr'>ὁμοίων)</span> <span class='ocrx_word' id='word_1_268' title='bbox 389 2707 440 2781; x_wconf 75' lang='grc' dir='ltr'><em>διὰ</em></span> <span class='ocrx_word' id='word_1_269' title='bbox 464 2728 527 2782; x_wconf 85' lang='grc' dir='ltr'><em>τῶν</em></span> <span class='ocrx_word' id='word_1_270' title='bbox 552 2720 715 2806; x_wconf 86' lang='grc' dir='ltr'>ἀνομοίων.</span> <span class='ocrx_word' id='word_1_271' title='bbox 740 2757 780 2768; x_wconf 94' lang='grc'><strong>-</strong></span> <span class='ocrx_word' id='word_1_272' title='bbox 805 2721 827 2786; x_wconf 91' lang='lat'>1.</span> <span class='ocrx_word' id='word_1_273' title='bbox 852 2722 895 2786; x_wconf 91' lang='lat'>54</span> <span class='ocrx_word' id='word_1_274' title='bbox 948 2718 971 2783; x_wconf 91' lang='lat' dir='ltr'><em>l.</em></span> <span class='ocrx_word' id='word_1_275' title='bbox 996 2719 1038 2784; x_wconf 84' lang='lat'><em>52</em></span> <span class='ocrx_word' id='word_1_276' title='bbox 1063 2716 1218 2806; x_wconf 77' lang='grc' dir='ltr'>εὐρυθμῶς</span> <span class='ocrx_word' id='word_1_277' title='bbox 1241 2715 1395 2801; x_wconf 60' lang='lat' dir='ltr'><em>ulcerato)</em></span> <span class='ocrx_word' id='word_1_278' title='bbox 1420 2713 1584 2806; x_wconf 80' lang='grc' dir='ltr'>εὐρύθμους</span> <span class='ocrx_word' id='word_1_279' title='bbox 1608 2716 1698 2790; x_wconf 81' lang='grc' dir='ltr'>κινή-</span> 
     </span>
     <span class='ocr_line' id='line_1_23' title="bbox 149 2817 1697 2916; baseline -0.003 -25"><span class='ocrx_word' id='word_1_280' title='bbox 149 2819 305 2916; x_wconf 73' lang='grc' dir='ltr'>λαμθάνει</span> <span class='ocrx_word' id='word_1_281' title='bbox 322 2817 367 2910; x_wconf 75' lang='grc' dir='ltr'><em>δὲ)</em></span> <span class='ocrx_word' id='word_1_282' title='bbox 383 2819 555 2915; x_wconf 75' lang='grc' dir='ltr'>λαμθάνειν</span> <span class='ocrx_word' id='word_1_283' title='bbox 574 2818 750 2894; x_wconf 79' lang='grc' dir='ltr'>δέ.-Εθ.</span> <span class='ocrx_word' id='word_1_284' title='bbox 767 2851 800 2913; x_wconf 92' lang='lat' dir='ltr'><em>p.</em></span> <span class='ocrx_word' id='word_1_285' title='bbox 818 2829 893 2908; x_wconf 85' lang='lat'><em>367,</em></span> <span class='ocrx_word' id='word_1_286' title='bbox 949 2847 1010 2899; x_wconf 84' lang='grc' dir='ltr'>οεις</span> <span class='ocrx_word' id='word_1_287' title='bbox 1042 2832 1117 2911; x_wconf 84' lang='lat' dir='ltr'><em>post</em></span> <span class='ocrx_word' id='word_1_288' title='bbox 1148 2848 1229 2892; x_wconf 87' lang='lat' dir='ltr'><em>corr.</em></span> <span class='ocrx_word' id='word_1_289' title='bbox 1256 2863 1296 2874; x_wconf 91' lang='lat'><em>-</em></span> <span class='ocrx_word' id='word_1_290' title='bbox 1319 2825 1342 2892; x_wconf 91' lang='lat' dir='ltr'><em>l.</em></span> <span class='ocrx_word' id='word_1_291' title='bbox 1374 2827 1417 2892; x_wconf 93' lang='lat'><em>53</em></span> <span class='ocrx_word' id='word_1_292' title='bbox 1447 2827 1488 2898; x_wconf 82' lang='grc' dir='ltr'><em>εἰς</em></span> <span class='ocrx_word' id='word_1_293' title='bbox 1519 2825 1627 2906; x_wconf 83' lang='grc' dir='ltr'>τοῦτο)</span> <span class='ocrx_word' id='word_1_294' title='bbox 1656 2827 1697 2897; x_wconf 83' lang='grc' dir='ltr'><em>είς</em></span> 
     </span>
    </p>
   </div>
   <div class='ocr_carea' id='block_1_4' title="bbox 149 2931 1072 3022">
    <p class='ocr_par' dir='ltr' id='par_1_7' title="bbox 149 2931 1072 3022">
     <span class='ocr_line' id='line_1_24' title="bbox 149 2931 1072 3022; baseline -0.005 -19"><span class='ocrx_word' id='word_1_295' title='bbox 149 2938 171 3003; x_wconf 92' lang='lat' dir='ltr'><em>l.</em></span> <span class='ocrx_word' id='word_1_296' title='bbox 198 2937 214 3001; x_wconf 90' lang='lat' dir='ltr'><em>l</em></span> <span class='ocrx_word' id='word_1_297' title='bbox 239 2944 343 2999; x_wconf 82' lang='grc' dir='ltr'>ταῦτα</span> <span class='ocrx_word' id='word_1_298' title='bbox 367 2931 403 2998; x_wconf 81' lang='grc' dir='ltr'><em>ἂν</em></span> <span class='ocrx_word' id='word_1_299' title='bbox 427 2935 488 3016; x_wconf 81' lang='grc' dir='ltr'>εἴη)</span> <span class='ocrx_word' id='word_1_300' title='bbox 513 2943 616 2998; x_wconf 84' lang='grc' dir='ltr'>ταῦτα</span> <span class='ocrx_word' id='word_1_301' title='bbox 640 2932 700 3022; x_wconf 77' lang='grc' dir='ltr'><em>γὰρ</em></span> <span class='ocrx_word' id='word_1_302' title='bbox 724 2931 760 2998; x_wconf 84' lang='grc' dir='ltr'><em>ἂν</em></span> <span class='ocrx_word' id='word_1_303' title='bbox 784 2935 842 3006; x_wconf 84' lang='grc' dir='ltr'>εἴη.</span> <span class='ocrx_word' id='word_1_304' title='bbox 948 2943 1072 2998; x_wconf 84' lang='grc' dir='ltr'>τοῦτον.</span> 
     </span>
    </p>
   </div>
   <div class='ocr_carea' id='block_1_5' title="bbox 656 3165 1187 3203">
    <p class='ocr_par' dir='ltr' id='par_1_8' title="bbox 656 3165 1187 3203">
     <span class='ocr_line' id='line_1_25' title="bbox 656 3165 1187 3203; baseline -0.008 -12"><span class='ocrx_word' id='word_1_305' title='bbox 656 3165 1187 3203; x_wconf 46' lang='lat'><em>*4*—</em></span> 
     </span>
    </p>
   </div>
   <div class='ocr_carea' id='block_1_6' title="bbox 749 3472 1096 3540">
    <p class='ocr_par' dir='ltr' id='par_1_9' title="bbox 749 3472 1096 3540">
     <span class='ocr_line' id='line_1_26' title="bbox 749 3472 1096 3540; baseline 0 -1"><span class='ocrx_word' id='word_1_306' title='bbox 749 3472 860 3540; x_wconf 83' lang='lat' dir='ltr'><strong>PARS</strong></span> <span class='ocrx_word' id='word_1_307' title='bbox 884 3472 1096 3540; x_wconf 81' lang='lat' dir='ltr'><strong>SECUNDA.</strong></span> 
     </span>
    </p>
   </div>
   <div class='ocr_carea' id='block_1_7' title="bbox 909 3707 936 3773">
    <p class='ocr_par' dir='ltr' id='par_1_10' title="bbox 909 3707 936 3773">
     <span class='ocr_line' id='line_1_27' title="bbox 909 3707 936 3773; baseline 0.037 -1"><span class='ocrx_word' id='word_1_308' title='bbox 909 3707 936 3773; x_wconf 91' lang='grc' dir='ltr'><em>Ι.</em></span> 
     </span>
    </p>
   </div>
   <div class='ocr_carea' id='block_1_8' title="bbox 149 3877 1697 4312">
    <p class='ocr_par' dir='ltr' id='par_1_11' title="bbox 150 3877 1686 4101">
     <span class='ocr_line' id='line_1_28' title="bbox 195 3877 1686 3994; baseline -0.003 -26"><span class='ocrx_word' id='word_1_309' title='bbox 195 3895 239 3972; x_wconf 84' lang='grc' dir='ltr'><em>λ’.</em></span> <span class='ocrx_word' id='word_1_310' title='bbox 264 3904 405 3993; x_wconf 79' lang='grc' dir='ltr'>Πρόκλου</span> <span class='ocrx_word' id='word_1_311' title='bbox 430 3895 586 3994; x_wconf 80' lang='grc' dir='ltr'>Διαθὸχου</span> <span class='ocrx_word' id='word_1_312' title='bbox 608 3877 681 3993; x_wconf 78' lang='grc' dir='ltr'>περί</span> <span class='ocrx_word' id='word_1_313' title='bbox 704 3912 768 3968; x_wconf 86' lang='grc' dir='ltr'><em>τῶν</em></span> <span class='ocrx_word' id='word_1_314' title='bbox 792 3906 823 3967; x_wconf 84' lang='grc' dir='ltr'><em>ὲν</em></span> <span class='ocrx_word' id='word_1_315' title='bbox 847 3903 998 3988; x_wconf 80' lang='grc' dir='ltr'>Πολιτείᾳ</span> <span class='ocrx_word' id='word_1_316' title='bbox 1020 3901 1094 3991; x_wconf 78' lang='grc' dir='ltr'>πρὸς</span> <span class='ocrx_word' id='word_1_317' title='bbox 1114 3899 1257 3991; x_wconf 84' lang='grc' dir='ltr'>Ὅμηρον</span> <span class='ocrx_word' id='word_1_318' title='bbox 1281 3898 1335 3964; x_wconf 87' lang='grc' dir='ltr'><em>καί</em></span> <span class='ocrx_word' id='word_1_319' title='bbox 1357 3897 1527 3972; x_wconf 76' lang='grc' dir='ltr'>ποιητικὴν</span> <span class='ocrx_word' id='word_1_320' title='bbox 1553 3898 1686 3964; x_wconf 84' lang='grc' dir='ltr'>Πλάτων</span> 
     </span>
     <span class='ocr_line' id='line_1_29' title="bbox 150 4009 359 4101; baseline 0.019 -27"><span class='ocrx_word' id='word_1_321' title='bbox 150 4009 306 4101; x_wconf 79' lang='grc' dir='ltr'>ῥηθέντων</span> <span class='ocrx_word' id='word_1_322' title='bbox 325 4013 359 4097; x_wconf 87' lang='lat'><em>¹).</em></span> 
     </span>
    </p>

    <p class='ocr_par' dir='ltr' id='par_1_12' title="bbox 149 4120 1697 4312">
     <span class='ocr_line' id='line_1_30' title="bbox 194 4120 1697 4208; baseline 0 -22"><span class='ocrx_word' id='word_1_323' title='bbox 194 4121 392 4188; x_wconf 87' lang='lat' dir='ltr'><em>Lucubratio</em></span> <span class='ocrx_word' id='word_1_324' title='bbox 416 4121 527 4190; x_wconf 85' lang='lat' dir='ltr'><em>Procli</em></span> <span class='ocrx_word' id='word_1_325' title='bbox 550 4123 647 4208; x_wconf 67' lang='lat' dir='ltr'><em>lucii</em></span> <span class='ocrx_word' id='word_1_326' title='bbox 669 4121 835 4190; x_wconf 82' lang='lat' dir='ltr'><em>Diodoclei</em></span> <span class='ocrx_word' id='word_1_327' title='bbox 858 4120 897 4189; x_wconf 85' lang='lat' dir='ltr'><em>cle</em></span> <span class='ocrx_word' id='word_1_328' title='bbox 927 4122 1024 4188; x_wconf 84' lang='lat' dir='ltr'><em>dictis</em></span> <span class='ocrx_word' id='word_1_329' title='bbox 1054 4120 1210 4188; x_wconf 78' lang='lat' dir='ltr'><em>nicusus</em></span> <span class='ocrx_word' id='word_1_330' title='bbox 1233 4120 1409 4186; x_wconf 79' lang='lat' dir='ltr'><strong><em>Homerum</em></strong></span> <span class='ocrx_word' id='word_1_331' title='bbox 1434 4124 1463 4186; x_wconf 90' lang='lat' dir='ltr'><em>et</em></span> <span class='ocrx_word' id='word_1_332' title='bbox 1488 4121 1637 4202; x_wconf 78' lang='lat' dir='ltr'><em>poeticen</em></span> <span class='ocrx_word' id='word_1_333' title='bbox 1660 4123 1697 4208; x_wconf 84' lang='lat' dir='ltr'><em>iu</em></span> 
     </span>
     <span class='ocr_line' id='line_1_31' title="bbox 149 4227 512 4312; baseline -0.006 -16"><span class='ocrx_word' id='word_1_334' title='bbox 149 4227 328 4312; x_wconf 83' lang='lat' dir='ltr'><em>Republica</em></span> <span class='ocrx_word' id='word_1_335' title='bbox 350 4229 512 4297; x_wconf 79' lang='lat' dir='ltr'><em>Platonis.</em></span> 
     </span>
    </p>
   </div>
   <div class='ocr_carea' id='block_1_9' title="bbox 148 4442 1697 4742">
    <p class='ocr_par' dir='ltr' id='par_1_13' title="bbox 148 4442 1697 4742">
     <span class='ocr_line' id='line_1_32' title="bbox 195 4442 1697 4526; baseline 0.001 -19"><span class='ocrx_word' id='word_1_336' title='bbox 195 4442 298 4525; x_wconf 67' lang='lat' dir='ltr'><em>Qucum</em></span> <span class='ocrx_word' id='word_1_337' title='bbox 320 4464 423 4526; x_wconf 81' lang='lat' dir='ltr'><em>nuper</em></span> <span class='ocrx_word' id='word_1_338' title='bbox 444 4445 598 4512; x_wconf 85' lang='lat' dir='ltr'><em>natalitia</em></span> <span class='ocrx_word' id='word_1_339' title='bbox 613 4443 762 4511; x_wconf 82' lang='lat' dir='ltr'><em>Platonis</em></span> <span class='ocrx_word' id='word_1_340' title='bbox 778 4445 1015 4524; x_wconf 81' lang='lat' dir='ltr'><em>celebraremus,</em></span> <span class='ocrx_word' id='word_1_341' title='bbox 1034 4445 1069 4511; x_wconf 83' lang='lat' dir='ltr'><em>iu</em></span> <span class='ocrx_word' id='word_1_342' title='bbox 1084 4443 1219 4513; x_wconf 86' lang='lat' dir='ltr'><em>Homeri</em></span> <span class='ocrx_word' id='word_1_343' title='bbox 1241 4443 1430 4510; x_wconf 86' lang='lat' dir='ltr'><em>mentionem</em></span> <span class='ocrx_word' id='word_1_344' title='bbox 1450 4443 1633 4523; x_wconf 76' lang='lat' dir='ltr'><em>incidimus,</em></span> <span class='ocrx_word' id='word_1_345' title='bbox 1649 4442 1697 4508; x_wconf 90' lang='lat' dir='ltr'><em>sic</em></span> 
     </span>
     <span class='ocr_line' id='line_1_33' title="bbox 148 4551 1696 4637; baseline 0 -21"><span class='ocrx_word' id='word_1_346' title='bbox 148 4557 184 4616; x_wconf 90' lang='lat' dir='ltr'><em>ut</em></span> <span class='ocrx_word' id='word_1_347' title='bbox 207 4552 440 4633; x_wconf 83' lang='lat' dir='ltr'><em>disputandum</em></span> <span class='ocrx_word' id='word_1_348' title='bbox 450 4571 709 4632; x_wconf 76' lang='lat' dir='ltr'><em>proponeremus,</em></span> <span class='ocrx_word' id='word_1_349' title='bbox 727 4573 787 4634; x_wconf 81' lang='lat' dir='ltr'><em>quo</em></span> <span class='ocrx_word' id='word_1_350' title='bbox 803 4555 876 4636; x_wconf 74' lang='lat' dir='ltr'><em>poris</em></span> <span class='ocrx_word' id='word_1_351' title='bbox 891 4553 982 4620; x_wconf 80' lang='lat' dir='ltr'><em>modo</em></span> <span class='ocrx_word' id='word_1_352' title='bbox 998 4560 1079 4618; x_wconf 91' lang='lat' dir='ltr'><em>recte</em></span> <span class='ocrx_word' id='word_1_353' title='bbox 1089 4559 1215 4634; x_wconf 88' lang='lat' dir='ltr'><em>poetam</em></span> <span class='ocrx_word' id='word_1_354' title='bbox 1232 4553 1399 4637; x_wconf 80' lang='lat' dir='ltr'><em>defendere</em></span> <span class='ocrx_word' id='word_1_355' title='bbox 1409 4558 1518 4634; x_wconf 89' lang='lat' dir='ltr'><em>posset</em></span> <span class='ocrx_word' id='word_1_356' title='bbox 1541 4551 1696 4618; x_wconf 82' lang='lat' dir='ltr'><em>aduersus</em></span> 
     </span>
     <span class='ocr_line' id='line_1_34' title="bbox 149 4655 1695 4742; baseline -0.003 -18"><span class='ocrx_word' id='word_1_357' title='bbox 149 4655 310 4725; x_wconf 83' lang='lat' dir='ltr'><em>Socratem</em></span> <span class='ocrx_word' id='word_1_358' title='bbox 333 4663 369 4723; x_wconf 88' lang='lat' dir='ltr'><em>iu</em></span> <span class='ocrx_word' id='word_1_359' title='bbox 392 4657 583 4740; x_wconf 84' lang='lat' dir='ltr'><em>Republica,</em></span> <span class='ocrx_word' id='word_1_360' title='bbox 608 4665 637 4724; x_wconf 92' lang='lat' dir='ltr'><em>ct</em></span> <span class='ocrx_word' id='word_1_361' title='bbox 660 4659 878 4726; x_wconf 81' lang='lat' dir='ltr'><em>deuroustrcre</em></span> <span class='ocrx_word' id='word_1_362' title='bbox 908 4661 1015 4742; x_wconf 88' lang='lat' dir='ltr'><em>ipsum</em></span> <span class='ocrx_word' id='word_1_363' title='bbox 1046 4661 1083 4726; x_wconf 84' lang='lat' dir='ltr'><em>in</em></span> <span class='ocrx_word' id='word_1_364' title='bbox 1111 4660 1258 4726; x_wconf 83' lang='lat' dir='ltr'><em>doctriua</em></span> <span class='ocrx_word' id='word_1_365' title='bbox 1281 4681 1342 4725; x_wconf 91' lang='lat' dir='ltr'><em>sua</em></span> <span class='ocrx_word' id='word_1_366' title='bbox 1357 4655 1403 4726; x_wconf 69' lang='lat' dir='ltr'><em>&#39;de</em></span> <span class='ocrx_word' id='word_1_367' title='bbox 1426 4659 1549 4726; x_wconf 83' lang='lat' dir='ltr'><em>diuinis</em></span> <span class='ocrx_word' id='word_1_368' title='bbox 1567 4658 1695 4739; x_wconf 81' lang='lat' dir='ltr'><em>pariter</em></span> 
     </span>
    </p>
   </div>
   <div class='ocr_carea' id='block_1_10' title="bbox 146 4866 1696 5396">
    <p class='ocr_par' dir='ltr' id='par_1_14' title="bbox 146 4866 1696 5396">
     <span class='ocr_line' id='line_1_35' title="bbox 184 4866 1695 4944; baseline -0.001 -20"><span class='ocrx_word' id='word_1_369' title='bbox 184 4867 207 4942; x_wconf 76' lang='grc' dir='ltr'><em>ι)</em></span> <span class='ocrx_word' id='word_1_370' title='bbox 219 4868 315 4926; x_wconf 88' lang='lat' dir='ltr'><em>Holst</em></span> <span class='ocrx_word' id='word_1_371' title='bbox 328 4869 360 4926; x_wconf 90' lang='lat' dir='ltr'><em>in</em></span> <span class='ocrx_word' id='word_1_372' title='bbox 372 4869 448 4927; x_wconf 89' lang='lat' dir='ltr'><em>libro</em></span> <span class='ocrx_word' id='word_1_373' title='bbox 459 4869 635 4927; x_wconf 86' lang='lat' dir='ltr'><em>Barbarino:</em></span> <span class='ocrx_word' id='word_1_374' title='bbox 649 4871 727 4928; x_wconf 82' lang='lat' dir='ltr'><em>«Ma.</em></span> <span class='ocrx_word' id='word_1_375' title='bbox 741 4869 892 4930; x_wconf 83' lang='lat' dir='ltr'><em>Medioaus</em></span> <span class='ocrx_word' id='word_1_376' title='bbox 947 4871 1110 4944; x_wconf 88' lang='lat' dir='ltr'><em>quentium,</em></span> <span class='ocrx_word' id='word_1_377' title='bbox 1124 4871 1231 4928; x_wconf 86' lang='lat' dir='ltr'><em>merito</em></span> <span class='ocrx_word' id='word_1_378' title='bbox 1245 4869 1358 4927; x_wconf 86' lang='lat' dir='ltr'><em>dietum</em></span> <span class='ocrx_word' id='word_1_379' title='bbox 1369 4867 1516 4944; x_wconf 83' lang='lat' dir='ltr'><em>praefatio</em></span> <span class='ocrx_word' id='word_1_380' title='bbox 1528 4866 1609 4942; x_wconf 83' lang='lat' dir='ltr'><em>apud</em></span> <span class='ocrx_word' id='word_1_381' title='bbox 1621 4866 1695 4923; x_wconf 83' lang='lat' dir='ltr'><em>Ges·</em></span> 
     </span>
     <span class='ocr_line' id='line_1_36' title="bbox 146 4956 1695 5035; baseline -0.002 -20"><span class='ocrx_word' id='word_1_382' title='bbox 146 4975 224 5016; x_wconf 86' lang='lat' dir='ltr'><em>novo</em></span> <span class='ocrx_word' id='word_1_383' title='bbox 243 4959 375 5035; x_wconf 80' lang='lat' dir='ltr'><em>sapitum</em></span> <span class='ocrx_word' id='word_1_384' title='bbox 392 4977 516 5016; x_wconf 86' lang='lat' dir='ltr'><em>numero</em></span> <span class='ocrx_word' id='word_1_385' title='bbox 534 4977 645 5018; x_wconf 88' lang='lat' dir='ltr'><em>novum</em></span> <span class='ocrx_word' id='word_1_386' title='bbox 656 4961 704 5017; x_wconf 87' lang='lat' dir='ltr'><em>hic</em></span> <span class='ocrx_word' id='word_1_387' title='bbox 721 4961 832 5017; x_wconf 88' lang='lat' dir='ltr'><em>librum</em></span> <span class='ocrx_word' id='word_1_388' title='bbox 850 4963 894 5019; x_wconf 94' lang='lat' dir='ltr'><em>in·</em></span> <span class='ocrx_word' id='word_1_389' title='bbox 946 4979 1059 5033; x_wconf 87' lang='lat' dir='ltr'><em>uerum,</em></span> <span class='ocrx_word' id='word_1_390' title='bbox 1085 4961 1173 5034; x_wconf 84' lang='lat' dir='ltr'><em>cujus</em></span> <span class='ocrx_word' id='word_1_391' title='bbox 1191 4961 1313 5018; x_wconf 81' lang='lat' dir='ltr'><em>brevem</em></span> <span class='ocrx_word' id='word_1_392' title='bbox 1332 4959 1513 5032; x_wconf 77' lang='lat' dir='ltr'><em>elegantiam</em></span> <span class='ocrx_word' id='word_1_393' title='bbox 1531 4956 1695 5014; x_wconf 81' lang='lat' dir='ltr'><em>rescribere</em></span> 
     </span>
     <span class='ocr_line' id='line_1_37' title="bbox 148 5048 1696 5125; baseline 0 -21"><span class='ocrx_word' id='word_1_394' title='bbox 148 5049 255 5106; x_wconf 84' lang='lat' dir='ltr'><em>choare</em></span> <span class='ocrx_word' id='word_1_395' title='bbox 268 5048 422 5107; x_wconf 76' lang='lat' dir='ltr'><em>videtur».</em></span> <span class='ocrx_word' id='word_1_396' title='bbox 436 5049 560 5106; x_wconf 87' lang='lat' dir='ltr'><em>Procius</em></span> <span class='ocrx_word' id='word_1_397' title='bbox 574 5049 651 5106; x_wconf 90' lang='lat' dir='ltr'><em>enim</em></span> <span class='ocrx_word' id='word_1_398' title='bbox 664 5051 810 5108; x_wconf 86' lang='lat' dir='ltr'><em>hactenns</em></span> <span class='ocrx_word' id='word_1_399' title='bbox 829 5053 893 5124; x_wconf 78' lang='lat' dir='ltr'><em>egit</em></span> <span class='ocrx_word' id='word_1_400' title='bbox 946 5051 1066 5125; x_wconf 81' lang='lat' dir='ltr'><em>placuit.</em></span> <span class='ocrx_word' id='word_1_401' title='bbox 1085 5053 1120 5108; x_wconf 93' lang='lat' dir='ltr'><em>In</em></span> <span class='ocrx_word' id='word_1_402' title='bbox 1140 5050 1334 5124; x_wconf 83' lang='lat' dir='ltr'><em>sequentibus</em></span> <span class='ocrx_word' id='word_1_403' title='bbox 1353 5051 1428 5108; x_wconf 87' lang='lat' dir='ltr'><em>satis</em></span> <span class='ocrx_word' id='word_1_404' title='bbox 1451 5053 1515 5122; x_wconf 86' lang='lat' dir='ltr'><em>erit,</em></span> <span class='ocrx_word' id='word_1_405' title='bbox 1540 5048 1586 5105; x_wconf 88' lang='lat' dir='ltr'><em>uti</em></span> <span class='ocrx_word' id='word_1_406' title='bbox 1604 5066 1696 5121; x_wconf 85' lang='lat' dir='ltr'><em>supra</em></span> 
     </span>
     <span class='ocr_line' id='line_1_38' title="bbox 148 5137 1695 5215; baseline 0.001 -20"><span class='ocrx_word' id='word_1_407' title='bbox 148 5138 184 5195; x_wconf 88' lang='lat' dir='ltr'><em>de</em></span> <span class='ocrx_word' id='word_1_408' title='bbox 197 5137 314 5211; x_wconf 85' lang='lat' dir='ltr'><em>poetice</em></span> <span class='ocrx_word' id='word_1_409' title='bbox 328 5142 441 5209; x_wconf 74' lang='grc' dir='ltr'>καθόλου,</span> <span class='ocrx_word' id='word_1_410' title='bbox 454 5157 534 5196; x_wconf 83' lang='lat' dir='ltr'><em>nuno</em></span> <span class='ocrx_word' id='word_1_411' title='bbox 553 5157 624 5196; x_wconf 85' lang='lat' dir='ltr'><em>vero</em></span> <span class='ocrx_word' id='word_1_412' title='bbox 642 5140 752 5196; x_wconf 80' lang='lat' dir='ltr'><em>transit</em></span> <span class='ocrx_word' id='word_1_413' title='bbox 769 5141 807 5196; x_wconf 82' lang='lat' dir='ltr'><em>ad</em></span> <span class='ocrx_word' id='word_1_414' title='bbox 823 5159 894 5214; x_wconf 87' lang='lat' dir='ltr'><em>poe·</em></span> <span class='ocrx_word' id='word_1_415' title='bbox 946 5143 1080 5214; x_wconf 83' lang='lat' dir='ltr'><em>fecimus,</em></span> <span class='ocrx_word' id='word_1_416' title='bbox 1100 5143 1183 5200; x_wconf 85' lang='lat' dir='ltr'><em>brevi</em></span> <span class='ocrx_word' id='word_1_417' title='bbox 1205 5142 1376 5215; x_wconf 86' lang='lat' dir='ltr'><em>compendio</em></span> <span class='ocrx_word' id='word_1_418' title='bbox 1394 5141 1541 5215; x_wconf 83' lang='lat' dir='ltr'><em>prolixam</em></span> <span class='ocrx_word' id='word_1_419' title='bbox 1558 5139 1695 5196; x_wconf 80' lang='lat' dir='ltr'><em>cohibere</em></span> 
     </span>
     <span class='ocr_line' id='line_1_39' title="bbox 149 5227 1695 5304; baseline -0.001 -17"><span class='ocrx_word' id='word_1_420' title='bbox 149 5229 205 5287; x_wconf 86' lang='lat' dir='ltr'><em>sim</em></span> <span class='ocrx_word' id='word_1_421' title='bbox 217 5229 407 5286; x_wconf 83' lang='lat' dir='ltr'><em>Homerieam</em></span> <span class='ocrx_word' id='word_1_422' title='bbox 420 5248 438 5285; x_wconf 85' lang='lat' dir='ltr'><em>a</em></span> <span class='ocrx_word' id='word_1_423' title='bbox 450 5229 575 5287; x_wconf 87' lang='lat' dir='ltr'><em>Platone</em></span> <span class='ocrx_word' id='word_1_424' title='bbox 595 5229 782 5302; x_wconf 82' lang='lat' dir='ltr'><em>castigatam.</em></span> <span class='ocrx_word' id='word_1_425' title='bbox 796 5231 893 5303; x_wconf 86' lang='lat' dir='ltr'><em>Caput</em></span> <span class='ocrx_word' id='word_1_426' title='bbox 947 5232 1046 5289; x_wconf 86' lang='lat' dir='ltr'><em>Procli</em></span> <span class='ocrx_word' id='word_1_427' title='bbox 1064 5231 1281 5304; x_wconf 69' lang='lat' dir='ltr'><em>garrulitatem.</em></span> <span class='ocrx_word' id='word_1_428' title='bbox 1294 5230 1463 5304; x_wconf 71' lang='lat' dir='ltr'><em>Aliquando</em></span> <span class='ocrx_word' id='word_1_429' title='bbox 1476 5228 1602 5286; x_wconf 83' lang='lat' dir='ltr'><em>Proetus</em></span> <span class='ocrx_word' id='word_1_430' title='bbox 1614 5227 1695 5285; x_wconf 86' lang='lat' dir='ltr'><em>vide·</em></span> 
     </span>
     <span class='ocr_line' id='line_1_40' title="bbox 147 5317 1694 5396; baseline -0.002 -18"><span class='ocrx_word' id='word_1_431' title='bbox 147 5321 276 5396; x_wconf 86' lang='lat' dir='ltr'><em>primum</em></span> <span class='ocrx_word' id='word_1_432' title='bbox 294 5321 369 5378; x_wconf 85' lang='lat' dir='ltr'><em>nihil</em></span> <span class='ocrx_word' id='word_1_433' title='bbox 386 5321 467 5380; x_wconf 82' lang='lat' dir='ltr'><em>aliud</em></span> <span class='ocrx_word' id='word_1_434' title='bbox 485 5327 540 5392; x_wconf 86' lang='lat' dir='ltr'><em>est,</em></span> <span class='ocrx_word' id='word_1_435' title='bbox 554 5339 644 5395; x_wconf 85' lang='lat' dir='ltr'><em>quum</em></span> <span class='ocrx_word' id='word_1_436' title='bbox 655 5320 838 5395; x_wconf 83' lang='lat' dir='ltr'><em>prooemium</em></span> <span class='ocrx_word' id='word_1_437' title='bbox 851 5339 894 5379; x_wconf 86' lang='lat' dir='ltr'><em>se·</em></span> <span class='ocrx_word' id='word_1_438' title='bbox 947 5326 998 5379; x_wconf 90' lang='lat' dir='ltr'><em>tur</em></span> <span class='ocrx_word' id='word_1_439' title='bbox 1007 5338 1045 5379; x_wconf 84' lang='lat' dir='ltr'><em>ox</em></span> <span class='ocrx_word' id='word_1_440' title='bbox 1055 5321 1198 5380; x_wconf 83' lang='lat' dir='ltr'><em>cathedra</em></span> <span class='ocrx_word' id='word_1_441' title='bbox 1210 5322 1362 5380; x_wconf 70' lang='lat' dir='ltr'><em>auditores</em></span> <span class='ocrx_word' id='word_1_442' title='bbox 1373 5339 1444 5379; x_wconf 89' lang='lat' dir='ltr'><em>suos</em></span> <span class='ocrx_word' id='word_1_443' title='bbox 1453 5321 1562 5378; x_wconf 83' lang='lat' dir='ltr'><em>Athen.</em></span> <span class='ocrx_word' id='word_1_444' title='bbox 1573 5317 1694 5392; x_wconf 82' lang='lat' dir='ltr'><em>alloqui.</em></span> 
     </span>
    </p>
   </div>
   <div class='ocr_carea' id='block_1_11' title="bbox 0 0 1976 6069">
    <p class='ocr_par' dir='ltr' id='par_1_15' title="bbox 0 0 1976 6069">
     <span class='ocr_line' id='line_1_41' title="bbox 0 0 1976 6069; baseline 0 0"><span class='ocrx_word' id='word_1_445' title='bbox 0 0 1976 6069; x_wconf 95' lang='lat' dir='ltr'><em> </em></span> 
     </span>
    </p>
   </div>
  </div>
 </body>
</html>
