4022 6072
250 455 287 512 92

250 618 302 678 λοῖ
317 613 353 681 τό
370 613 521 679 πάντοθεν
539 616 801 706 ἐμπερικεχὺσθαι
817 630 858 703 τῇ
877 631 918 710 γῇ
938 619 997 689 τήν

250 733 305 786 τοῦ
330 713 443 798 ὕδατος
469 723 567 812 φύσιν·
591 724 675 796 πλήν
694 726 829 816 ἀνάγκη,
854 729 912 793 κάν
937 729 996 799 τήν

251 839 311 918 γῆν
338 827 407 893 καθ’
424 830 540 899 ἑαυτήν
553 825 635 895 εἶναι
651 822 764 920 δῶμεν,
789 833 846 898 κάν
871 836 922 899 ἐπὶ
941 847 997 900 τοῦ

251 928 365 1012 ὕδατος
394 940 598 1003 ἀποσαλεύειν
627 941 776 1028 εἴπωμεν,
803 942 845 1031 μὴ
873 946 998 1032 ἀναχω-

252 1056 311 1133 ρεῖν
341 1057 399 1122 τῆς
429 1041 570 1122 εὐσεόοῦς
601 1039 748 1133 διανοίας,
779 1049 861 1114 ἀλλά
890 1051 997 1115 πάντα

249 1157 325 1243 ὁμοῦ
350 1153 596 1246 συγκρωθεῖσθαι
612 1161 776 1247 ὁμολογεῖν
800 1169 840 1243 τῇ
867 1150 997 1247 δυνάμει

249 1273 303 1326 τοῦ
328 1265 503 1339 κτίσαντος.
530 1263 580 1327 Ἐν

251 1396 330 1460 ρατα
354 1383 412 1448 τῆς
437 1383 495 1465 γῆς
514 1371 547 1459 ¹).

628 1263 635 1286 t

598 1289 658 1355 γαρ
676 1290 756 1356 χειρι
773 1291 866 1331 αυτου
884 1291 926 1332 τοι
946 1267 999 1332 πέ-

867 447 1015 522 Sonctus
1034 448 1188 524 Basilius

1021 618 1024 624 ’
1052 627 1185 712 gnificat
1207 632 1327 696 terram
1350 631 1560 717 undequaque
1584 635 1795 701 circumfundi

1050 758 1150 820 aquae
1175 741 1299 804 natura.
1324 737 1385 804 Sed
1416 741 1512 806 etiam
1540 742 1567 806 si
1594 743 1703 808 demus
1727 747 1794 809 ter-

1050 865 1118 908 ram
1142 867 1199 928 per
1226 867 1260 911 se
1282 849 1378 926 stare,
1401 848 1526 912 etiamsi
1553 848 1694 916 dicamus
1725 872 1795 916 eam

1049 951 1241 1017 commoveri
1264 974 1359 1037 super
1382 977 1490 1039 aquas,
1515 977 1640 1022 necesse
1665 963 1793 1023 estnon

1049 1059 1197 1124 recedere
1231 1082 1250 1125 a
1278 1063 1332 1146 pio
1362 1063 1540 1145 intellectu,
1571 1065 1625 1131 sed
1648 1065 1818 1132 confiteri'

1050 1167 1156 1232 omnia
1179 1171 1368 1237 consolidari
1398 1175 1544 1258 potentia
1567 1175 1737 1255 creatoris3
1761 1176 1795 1240 in

1050 1302 1146 1344 manu
1162 1277 1246 1341 enim
1262 1299 1319 1344 sna
1335 1281 1431 1347 habet
1446 1304 1554 1348 omnes
1576 1284 1655 1349 fines
1678 1289 1794 1350 terrae.

862 1696 1059 1766 PSALMUS
1083 1697 1184 1764 XXV.

529 1937 558 1980 v.
578 1915 606 1979 l.
625 1913 730 2002 Κρίνον
750 1935 798 2002 με,
815 1911 916 2000 Κύριε,
934 1914 983 1976 ὅτι
999 1911 1060 2004 ἐγὼ
1077 1915 1108 1977 ἐν
1127 1914 1243 1997 ἀκακία
1260 1937 1319 2002 μου
1336 1911 1515 2001 ἐπορεύθην.

449 2019 570 2088 ιῙιιιίίοιι
593 2044 649 2101 νιος
677 2023 822 2104 Dareine,
847 2013 998 2106 quoninriz

293 2239 414 2309 Διπλῶς
433 2245 559 2322 νοοῦμεν
576 2234 635 2306 τήν
654 2236 833 2307 ἀκακίανή
854 2235 912 2327 γάρ
931 2237 989 2307 riv

249 2341 310 2402 ἀπὸ
342 2351 398 2415 τῆς
432 2345 585 2432 ἁμαρτίας
614 2346 820 2433 ἀλλοτρίωσιν
849 2349 992 2434 λογισμῷ

248 2449 510 2540 κατορθουμένην·
536 2453 588 2515 καὶ
611 2452 671 2542 γάρ
690 2445 740 2517 διά
762 2453 882 2542 μακράς
898 2479 993 2544 προσ-

248 2567 342 2646 ευχῆς
360 2559 413 2621 καί
430 2560 566 2645 μελέτης
584 2570 646 2623 τῶν
663 2559 799 2650 ἀγαθῶν,
818 2562 909 2626 οἱονεὶ
932 2561 991 2631 τήν

249 2659 335 2757 ῥίζαν
360 2675 417 2740 τῆς
442 2669 551 2742 κακίας
576 2668 789 2755 ἐκτέμνοντες,
814 2669 899 2734 κατά
923 2671 993 2734 στέ-

249 2798 336 2863 ρησιν
354 2777 450 2849 αὐτῆς
468 2778 610 2846 παντελῆ
628 2775 688 2848 τήν
706 2787 760 2841 τοῦ
787 2777 906 2841 ἀκάκου
923 2803 995 2866 προ-

248 2883 397 2972 σηγορίαν
412 2871 624 2970 δεχόμεθαἪ
639 2886 753 2948 ἀκακία
766 2886 882 2957 ἑστ“νή
899 2887 993 2974 μήπω

249 2999 305 3054 τοῦ
323 3001 420 3054 κακοῦ
437 2993 578 3080 ἐμπειρία
597 2981 647 3055 διά
667 2992 805 3064 νεότητα
828 2993 994 3078 πολλάκις,

247 3097 266 3169 i,
294 3100 362 3182 βίου
393 3099 475 3174 τινὸς
507 3091 722 3184 ἐπιτήδευσιν,
749 3102 878 3191 ἀπείρως
902 3113 993 3166 τινῶν

246 3208 319 3296 πρός
344 3232 430 3284 τινας
448 3210 559 3282 κακίας
576 3199 788 3298 διακειμένων,
805 3206 867 3274 οῖον
885 3215 900 3274 ὁ
921 3221 993 3287 παῖς

248 3317 303 3379 οὐκ
321 3305 385 3378 οἶδε
403 3305 493 3378 δόλον
511 3315 564 3378 καί
581 3307 788 3408 ῥᾳδιουργίαν.
814 3317 911 3381 Πάλιν
935 3319 994 3382 εἰσὶ

247 3423 325 3497 τινὲς
346 3432 410 3486 τῶν
427 3421 486 3494 τήν
505 3425 665 3513 ἀγροϊκίαν
682 3423 859 3509 οίκοόντων,
876 3431 932 3491 οὐκ
956 3434 996 3492 εί-

248 3522 334 3605 δότες
351 3529 408 3605 τάς
433 3531 602 3620 ἑμπορικάς
627 3515 825 3624 κακουργίας,
844 3526 913 3599 οὐδὲ
937 3535 994 3612 τάς

247 3640 278 3700 ἐν
303 3627 513 3726 δικαστηρίοις
533 3629 713 3716 διαπλοκάς.
733 3639 811 3716 Τοὺς
836 3642 994 3718 τοιοΰτους

248 3741 382 3818 ἀκάκους
407 3745 550 3832 λέγομεν,
576 3749 633 3834 οὐχ
664 3753 703 3822 ὡς
733 3750 768 3810 ἐκ
792 3749 994 3836 προαιρέσεως

248 3862 305 3926 τῆς
330 3855 440 3926 κακίας
465 3854 721 3948 κεχωρισμένους.
747 3854 873 3932 ἀλλ’ὡς
899 3859 994 3944 μήπω

248 3967 290 4036 είς
312 3972 421 4050 πεῖραν
446 3970 503 4036 τῆς
528 3970 663 4051 πονηρᾶς
684 3957 772 4040 ἕξεως
798 3968 993 4054 ἀφιγμένους.

242 4068 381 4142 ”aaran
407 4059 440 4132 δὲ
464 4071 591 4154 κυρίως,
616 4074 719 4144 ὁποῖος
744 4066 781 4142 ήν
806 4075 822 4133 ὁ
848 4063 954 4154 Δαυὶδ,
978 4075 994 4133 ὁ

247 4184 352 4239 πᾶσαν
377 4177 527 4263 πονηρίαν
553 4166 605 4239 διά
628 4185 685 4251 τῆς
703 4181 775 4240 κατ’
801 4177 914 4265 ἀρετήν
940 4179 996 4240 ἀσ-

249 4285 378 4366 κήσεως,
400 4295 458 4356 τῆς
483 4287 594 4348 ἑαυτοῦ
618 4281 718 4372 ψυχῆς
743 4288 937 4362 ἀποστήσας,
963 4286 994 4362 ὃς

248 4390 302 4453 καί
319 4399 376 4464 τῆς
394 4377 604 4478 κληρονομίας
621 4397 684 4452 τῶν
701 4389 825 4480 ἀγαθῶν
844 4383 994 4475 ἀξιοῦται,

249 4488 330 4561 διότι
346 4496 454 4586 Κόριος
473 4500 506 4561 οὐ
525 4499 669 4587 στερήσει
682 4497 723 4561 τά
738 4497 842 4589 ἀγαθά
859 4509 923 4573 τοῖς
940 4522 997 4562 πο-

250 4605 421 4694 ρευομένοις
437 4607 468 4669 ὲν
487 4607 612 4687 ἀκακία.
631 4600 858 4694 Χαρακτηρίζει
883 4597 916 4670 δὲ
940 4605 994 4670 τόν

248 4712 366 4776 ἄκακον
390 4717 409 4786 ή
437 4713 578 4787 ἁπλότης
596 4723 650 4776 τοῦ
666 4711 760 4787 ήθους
777 4713 830 4776 καί
854 4711 890 4777 τό
916 4716 996 4776 ἀκα-

248 4818 413 4902 τάσκευον,
427 4823 530 4894 ὁποῖος
543 4813 581 4891 ἦν
594 4823 610 4881 ὁ
624 4811 745 4902 Ἰακὼό,
757 4818 930 4902 ἄπλαστος,
940 4841 997 4906 ρη-

248 4925 307 5011 σὶν,
331 4930 421 4990 οἰκῶν
439 4923 584 5009 saiw),
602 4925 750 4989 τουτέστι
767 4933 807 5010 τῇ
826 4928 860 4988 ἐκ
878 4924 995 5014 φύσεως

284 5171 306 5246 ¹)
325 5171 375 5228 es.
393 5185 474 5242 ιον,
495 5171 522 5228 ι.

282 5263 305 5340 ²)
324 5261 367 5320 or.
386 5268 408 5318 ι.
427 5278 448 5334 1,
468 5261 537 5329 aaa
559 5275 603 5330 111,
624 5261 686 5318 ιω.

1021 2025 1057 2088 in
1081 2025 1356 2089 innocentiorem
1380 2024 1542 2090 αηιίιιιίιιυί
1557 2019 1594 2104 ’).

1071 2309 1075 2316 ,
1089 2238 1216 2322 Duplici
1232 2238 1323 2304 modo
1337 2237 1549 2324 innocentiam
1562 2238 1788 2324 intelligimus:

1047 2344 1097 2410 vol
1114 2369 1151 2411 ea
1166 2351 1224 2427 est,
1241 2369 1322 2430 quae
1345 2369 1365 2410 a
1387 2351 1516 2430 peccato
1533 2347 1636 2412 aliena
1660 2353 1719 2427 est,
1744 2371 1792 2413 ra·

1048 2454 1135 2518 tione
1158 2459 1245 2519 recta
1261 2474 1377 2538 agens;
1395 2476 1451 2538 per
1467 2453 1597 2538 longam
1615 2455 1699 2520 enirn
1722 2476 1793 2521 ora-

1048 2561 1166 2625 tionem
1195 2565 1227 2626 et
1250 2562 1490 2627 meditationem
1514 2562 1680 2641 bonorum,
1704 2563 1795 2646 quasi

1048 2667 1203 2732 malitiam
1222 2691 1241 2732 a
1263 2668 1367 2733 radice
1390 2672 1586 2748 truncantes,
1611 2669 1652 2735 ab
1675 2693 1712 2734 ea
1734 2670 1794 2734 im·

1048 2797 1168 2854 munes,
1182 2775 1310 2858 penitus
1325 2777 1501 2842 innocentis
1518 2778 1577 2842 viri
1593 2800 1707 2843 nomen
1724 2779 1795 2844 adi-

1048 2883 1209 2966 piscimur.
1224 2881 1285 2947 Vel
1297 2883 1477 2949 innocentia
1490 2889 1538 2950 est
1552 2891 1707 2970 perpetua
1719 2887 1794 2952 mali

1048 2989 1248 3064 immunitas,
1273 3011 1330 3074 per
1355 2990 1556 3072 juventutem
1580 2993 1718 3076 saepius,
1747 2993 1798 3060 vel

1048 3098 1205 3181 quoddam
1230 3097 1314 3163 vitae
1337 3103 1460 3163 certum
1484 3099 1686 3178 institutum
1712 3101 1795 3164 unde

1048 3205 1194 3271 nonnulli
1210 3229 1229 3270 a
1241 3206 1430 3289 quibusdam
1443 3206 1535 3272 malis
1552 3207 1707 3273 immunes
1720 3229 1792 3290 per·

1048 3317 1191 3392 manent;
1204 3311 1340 3396 exempli
1353 3313 1468 3394 gratia,
1480 3335 1561 3396 puer
1576 3335 1676 3397 neque
1686 3313 1794 3378 dolum

1049 3441 1150 3502 neque
1163 3417 1314 3483 astutiam
1328 3419 1425 3482 novit.
1439 3418 1562 3484 Rursus
1578 3427 1653 3484 sunt
1667 3419 1796 3503 quidam

1049 3530 1132 3593 vitae
1149 3527 1286 3594 rusticae
1304 3528 1429 3607 addicti,
1443 3529 1496 3612 qui
1514 3529 1659 3595 nesciunt
1677 3550 1795 3594 merca·

1049 3638 1146 3702 turias
1170 3635 1306 3716 fraudes,
1324 3641 1380 3700 aut
1397 3636 1606 3701 tribunalium
1630 3635 1793 3701 retiacula.

1049 3745 1117 3808 Hos
1140 3744 1272 3809 dicimus
1295 3743 1489 3823 innocentes,
1506 3743 1590 3808 haud
1613 3743 1740 3826 quidem
1756 3763 1795 3806 ex

1049 3853 1213 3918 voluntate
1243 3875 1262 3916 a
1293 3852 1435 3934 nequitia
1465 3852 1632 3935 sejunctos,
1657 3851 1711 3916 sed
1738 3852 1793 3935 qui

1049 3981 1212 4043 nunquam
1228 3956 1261 4022 in
1284 3957 1540 4041 experimentum
1556 3957 1646 4041 pravi
1668 3957 1796 4023 habitus

1049 4069 1228 4130 evaserunt.
1252 4063 1407 4129 Innocens
1430 4086 1505 4130 vero
1528 4063 1666 4148 proprie,
1691 4063 1796 4148 qualis

1050 4177 1119 4238 erat
1135 4172 1237 4258 Dauid
1253 4173 1308 4256 qni
1325 4194 1450 4237 omnem
1466 4173 1653 4256 nequitiam,
1669 4172 1796 4239 favente

1048 4281 1177 4346 virtutis
1202 4279 1359 4359 exercitio,
1384 4279 1424 4344 ab
1443 4281 1549 4344 anima
1572 4301 1630 4344 sua
1653 4301 1797 4344 remore-

1050 4391 1110 4467 rat,
1133 4385 1189 4469 qui
1212 4385 1441 4452 haereditatem
1468 4386 1625 4451 bonorum
1650 4386 1795 4452 mereba-

1049 4500 1121 4575 tur,
1146 4493 1221 4577 quia
1243 4492 1329 4559 Dens
1353 4515 1414 4558 non
1439 4494 1530 4559 bonis
1553 4493 1717 4559 fraudabit
1740 4515 1794 4558 eos

1050 4600 1105 4684 qui
1118 4598 1284 4665 ambulant
1296 4600 1328 4664 in
1339 4599 1530 4666 innocentia.
1541 4599 1723 4666 Innocentis
1735 4621 1790 4666 an-

1049 4711 1116 4772 tem
1129 4707 1188 4772 viri
1204 4707 1370 4773 character
1386 4713 1435 4772 est
1453 4707 1642 4791 simplicitas
1655 4729 1791 4788 morum,

1049 4838 1113 4882 non
1143 4815 1217 4882 fuco
1240 4799 1432 4899 composita,
1457 4816 1560 4899 qualis
1590 4819 1660 4880 erat
1682 4813 1794 4896 Jacob,

1052 4928 1136 5007 “vir,
1154 4925 1267 5010 inquit,
1292 4924 1427 5008 simplex
1451 4925 1599 4990 habitans
1622 4924 1792 5004 domoon„

1084 5171 1109 5244 ²)
1128 5170 1200 5227 Gen.
1219 5184 1288 5238 xxv,
1308 5169 1353 5227 27.
