<?xml version="1.0" encoding="UTF-8"?>
<!DOCTYPE html PUBLIC "-//W3C//DTD XHTML 1.0 Transitional//EN"
    "http://www.w3.org/TR/xhtml1/DTD/xhtml1-transitional.dtd">
<html xmlns="http://www.w3.org/1999/xhtml" xml:lang="en" lang="en">
 <head>
  <title>
</title>
<meta http-equiv="Content-Type" content="text/html;charset=utf-8" />
  <meta name='ocr-system' content='tesseract 3.04.00' />
  <meta name='ocr-capabilities' content='ocr_page ocr_carea ocr_par ocr_line ocrx_word'/>
</head>
<body>
  <div class='ocr_page' id='page_1' title='image "./analectasacrasp02pitrgoog_0472.png"; bbox 0 0 3944 6074; ppageno 0'>
   <div class='ocr_carea' id='block_1_1' title="bbox 749 896 908 985">
    <p class='ocr_par' dir='ltr' id='par_1_1' title="bbox 749 896 908 985">
     <span class='ocr_line' id='line_1_1' title="bbox 749 896 908 985; baseline 0.013 -22"><span class='ocrx_word' id='word_1_1' title='bbox 749 977 754 985; x_wconf 41' lang='grc'><strong>,</strong></span> <span class='ocrx_word' id='word_1_2' title='bbox 865 896 908 965; x_wconf 89' lang='lat'><em>11.</em></span> 
     </span>
    </p>
   </div>
   <div class='ocr_carea' id='block_1_2' title="bbox 113 1079 1662 1290">
    <p class='ocr_par' dir='ltr' id='par_1_2' title="bbox 113 1079 1662 1290">
     <span class='ocr_line' id='line_1_2' title="bbox 162 1079 1662 1188; baseline 0.007 -36"><span class='ocrx_word' id='word_1_3' title='bbox 162 1079 204 1159; x_wconf 83' lang='lat' dir='ltr'><em>B&#39;.</em></span> <span class='ocrx_word' id='word_1_4' title='bbox 227 1088 302 1180; x_wconf 73' lang='grc' dir='ltr'>Περὶ</span> <span class='ocrx_word' id='word_1_5' title='bbox 324 1099 380 1154; x_wconf 80' lang='grc' dir='ltr'>τοῦ</span> <span class='ocrx_word' id='word_1_6' title='bbox 403 1088 519 1180; x_wconf 82' lang='grc' dir='ltr'>τρόπου</span> <span class='ocrx_word' id='word_1_7' title='bbox 543 1099 601 1166; x_wconf 84' lang='grc' dir='ltr'><em>τῆς</em></span> <span class='ocrx_word' id='word_1_8' title='bbox 624 1100 687 1155; x_wconf 85' lang='grc' dir='ltr'><em>τῶν</em></span> <span class='ocrx_word' id='word_1_9' title='bbox 720 1090 808 1157; x_wconf 83' lang='grc' dir='ltr'><strong>θείων</strong></span> <span class='ocrx_word' id='word_1_10' title='bbox 842 1091 945 1182; x_wconf 84' lang='grc' dir='ltr'>μόθων</span> <span class='ocrx_word' id='word_1_11' title='bbox 970 1083 1137 1171; x_wconf 69' lang='grc' dir='ltr'>διασκευῆς</span> <span class='ocrx_word' id='word_1_12' title='bbox 1160 1094 1245 1185; x_wconf 73' lang='lat' dir='ltr'><em>arpii</em></span> <span class='ocrx_word' id='word_1_13' title='bbox 1275 1105 1341 1172; x_wconf 79' lang='grc' dir='ltr'>τοῖς</span> <span class='ocrx_word' id='word_1_14' title='bbox 1373 1093 1529 1188; x_wconf 83' lang='grc' dir='ltr'>θεολόγοις</span> <span class='ocrx_word' id='word_1_15' title='bbox 1555 1101 1662 1162; x_wconf 77' lang='grc' dir='ltr'>οιίτιῶν</span> 
     </span>
     <span class='ocr_line' id='line_1_3' title="bbox 113 1188 1030 1290; baseline 0.011 -28"><span class='ocrx_word' id='word_1_16' title='bbox 113 1188 278 1273; x_wconf 70' lang='grc' dir='ltr'>ἀποδόσεις</span> <span class='ocrx_word' id='word_1_17' title='bbox 302 1196 356 1261; x_wconf 80' lang='lat' dir='ltr'><em>nal</em></span> <span class='ocrx_word' id='word_1_18' title='bbox 378 1197 480 1273; x_wconf 82' lang='grc' dir='ltr'>λόοεις</span> <span class='ocrx_word' id='word_1_19' title='bbox 504 1207 567 1262; x_wconf 83' lang='grc' dir='ltr'><em>τῶν</em></span> <span class='ocrx_word' id='word_1_20' title='bbox 590 1199 664 1290; x_wconf 84' lang='grc' dir='ltr'>πρός</span> <span class='ocrx_word' id='word_1_21' title='bbox 689 1199 800 1278; x_wconf 83' lang='grc' dir='ltr'>αὐτοὺς</span> <span class='ocrx_word' id='word_1_22' title='bbox 825 1201 1030 1272; x_wconf 85' lang='grc' dir='ltr'>ἐπιστάσεων.</span> 
     </span>
    </p>
   </div>
   <div class='ocr_carea' id='block_1_3' title="bbox 160 1307 1664 1400">
    <p class='ocr_par' dir='ltr' id='par_1_3' title="bbox 160 1307 1664 1400">
     <span class='ocr_line' id='line_1_4' title="bbox 160 1307 1664 1400; baseline 0.005 -27"><span class='ocrx_word' id='word_1_23' title='bbox 160 1307 213 1374; x_wconf 89' lang='lat' dir='ltr'><em>De</em></span> <span class='ocrx_word' id='word_1_24' title='bbox 234 1308 325 1374; x_wconf 90' lang='lat' dir='ltr'><em>modo</em></span> <span class='ocrx_word' id='word_1_25' title='bbox 348 1328 409 1391; x_wconf 80' lang='lat' dir='ltr'><em>qno</em></span> <span class='ocrx_word' id='word_1_26' title='bbox 432 1309 562 1376; x_wconf 84' lang='lat' dir='ltr'><em>diuinae</em></span> <span class='ocrx_word' id='word_1_27' title='bbox 582 1309 713 1393; x_wconf 76' lang='lat' dir='ltr'><em>fabulae</em></span> <span class='ocrx_word' id='word_1_28' title='bbox 735 1317 938 1393; x_wconf 77' lang='lat' dir='ltr'><em>astruantur,</em></span> <span class='ocrx_word' id='word_1_29' title='bbox 963 1313 1085 1380; x_wconf 89' lang='lat' dir='ltr'><em>dantur</em></span> <span class='ocrx_word' id='word_1_30' title='bbox 1107 1333 1221 1380; x_wconf 87' lang='lat' dir='ltr'><em>causac</em></span> <span class='ocrx_word' id='word_1_31' title='bbox 1237 1320 1266 1379; x_wconf 90' lang='lat' dir='ltr'><em>et</em></span> <span class='ocrx_word' id='word_1_32' title='bbox 1282 1314 1451 1382; x_wconf 86' lang='lat' dir='ltr'><em>solvuntur</em></span> <span class='ocrx_word' id='word_1_33' title='bbox 1467 1317 1664 1400; x_wconf 83' lang='lat' dir='ltr'><em>objectiones.</em></span> 
     </span>
    </p>
   </div>
   <div class='ocr_carea' id='block_1_4' title="bbox 113 1504 1667 2024">
    <p class='ocr_par' dir='ltr' id='par_1_4' title="bbox 113 1504 1667 2024">
     <span class='ocr_line' id='line_1_5' title="bbox 165 1504 1666 1594; baseline 0.003 -23"><span class='ocrx_word' id='word_1_34' title='bbox 165 1504 333 1588; x_wconf 78' lang='lat' dir='ltr'><em>objicitur,</em></span> <span class='ocrx_word' id='word_1_35' title='bbox 351 1513 511 1588; x_wconf 75' lang='lat' dir='ltr'><strong><em>praeunte</em></strong></span> <span class='ocrx_word' id='word_1_36' title='bbox 534 1507 672 1590; x_wconf 84' lang='lat' dir='ltr'><em>Socrate,</em></span> <span class='ocrx_word' id='word_1_37' title='bbox 688 1508 778 1576; x_wconf 90' lang='lat' dir='ltr'><em>nullo</em></span> <span class='ocrx_word' id='word_1_38' title='bbox 795 1515 892 1590; x_wconf 75' lang='lat' dir='ltr'><em>pacto</em></span> <span class='ocrx_word' id='word_1_39' title='bbox 909 1509 986 1591; x_wconf 89' lang='lat' dir='ltr'><em>diis,</em></span> <span class='ocrx_word' id='word_1_40' title='bbox 1003 1511 1059 1594; x_wconf 80' lang='lat' dir='ltr'><em>qui</em></span> <span class='ocrx_word' id='word_1_41' title='bbox 1079 1511 1232 1578; x_wconf 89' lang='lat' dir='ltr'><em>bonitatis</em></span> <span class='ocrx_word' id='word_1_42' title='bbox 1247 1511 1352 1579; x_wconf 88' lang='lat' dir='ltr'><em>omnis</em></span> <span class='ocrx_word' id='word_1_43' title='bbox 1366 1517 1396 1577; x_wconf 87' lang='lat' dir='ltr'><em>ct</em></span> <span class='ocrx_word' id='word_1_44' title='bbox 1411 1509 1666 1592; x_wconf 75' lang='lat' dir='ltr'><em>pulchritudinis</em></span> 
     </span>
     <span class='ocr_line' id='line_1_6' title="bbox 113 1613 1665 1699; baseline 0.003 -21"><span class='ocrx_word' id='word_1_45' title='bbox 113 1613 193 1695; x_wconf 78' lang='lat' dir='ltr'><em>sons</em></span> <span class='ocrx_word' id='word_1_46' title='bbox 216 1620 246 1678; x_wconf 89' lang='lat' dir='ltr'><em>ct</em></span> <span class='ocrx_word' id='word_1_47' title='bbox 262 1614 467 1695; x_wconf 61' lang='lat' dir='ltr'><em>principium</em></span> <span class='ocrx_word' id='word_1_48' title='bbox 497 1621 583 1696; x_wconf 89' lang='lat' dir='ltr'><em>sunt,</em></span> <span class='ocrx_word' id='word_1_49' title='bbox 607 1616 773 1682; x_wconf 86' lang='lat' dir='ltr'><em>conuenire</em></span> <span class='ocrx_word' id='word_1_50' title='bbox 795 1616 968 1696; x_wconf 88' lang='lat' dir='ltr'><em>adulteria,</em></span> <span class='ocrx_word' id='word_1_51' title='bbox 997 1618 1099 1699; x_wconf 83' lang='lat' dir='ltr'><em>sarta,</em></span> <span class='ocrx_word' id='word_1_52' title='bbox 1118 1623 1290 1697; x_wconf 77' lang='lat' dir='ltr'><em>parentum</em></span> <span class='ocrx_word' id='word_1_53' title='bbox 1315 1617 1501 1698; x_wconf 78' lang='lat' dir='ltr'><em>opprobria,</em></span> <span class='ocrx_word' id='word_1_54' title='bbox 1525 1617 1665 1696; x_wconf 86' lang='lat' dir='ltr'><em>vincula,</em></span> 
     </span>
     <span class='ocr_line' id='line_1_7' title="bbox 115 1722 1665 1807; baseline 0.002 -20"><span class='ocrx_word' id='word_1_55' title='bbox 115 1722 338 1802; x_wconf 86' lang='lat' dir='ltr'><em>castratioues,</em></span> <span class='ocrx_word' id='word_1_56' title='bbox 362 1722 431 1788; x_wconf 91' lang='lat' dir='ltr'><em>alia</em></span> <span class='ocrx_word' id='word_1_57' title='bbox 453 1744 474 1788; x_wconf 91' lang='lat' dir='ltr'><em>a</em></span> <span class='ocrx_word' id='word_1_58' title='bbox 491 1723 598 1804; x_wconf 80' lang='lat' dir='ltr'><em>poetis</em></span> <span class='ocrx_word' id='word_1_59' title='bbox 621 1723 799 1789; x_wconf 89' lang='lat' dir='ltr'><em>decantata.</em></span> <span class='ocrx_word' id='word_1_60' title='bbox 817 1724 919 1789; x_wconf 86' lang='lat' dir='ltr'><em>Immo</em></span> <span class='ocrx_word' id='word_1_61' title='bbox 936 1723 975 1789; x_wconf 91' lang='lat' dir='ltr'><em>de</em></span> <span class='ocrx_word' id='word_1_62' title='bbox 990 1724 1073 1804; x_wconf 59' lang='lat' dir='ltr'><em>rasis</em></span> <span class='ocrx_word' id='word_1_63' title='bbox 1088 1725 1257 1790; x_wconf 77' lang='lat' dir='ltr'><em>instituere</em></span> <span class='ocrx_word' id='word_1_64' title='bbox 1272 1730 1393 1807; x_wconf 79' lang='lat' dir='ltr'><em>oportet</em></span> <span class='ocrx_word' id='word_1_65' title='bbox 1415 1745 1584 1805; x_wconf 86' lang='lat' dir='ltr'><em>sermones,</em></span> <span class='ocrx_word' id='word_1_66' title='bbox 1608 1726 1665 1807; x_wconf 77' lang='lat' dir='ltr'><em>qui</em></span> 
     </span>
     <span class='ocr_line' id='line_1_8' title="bbox 116 1829 1667 1916; baseline 0.001 -20"><span class='ocrx_word' id='word_1_67' title='bbox 116 1829 244 1896; x_wconf 89' lang='lat' dir='ltr'><em>animos</em></span> <span class='ocrx_word' id='word_1_68' title='bbox 266 1834 394 1896; x_wconf 86' lang='lat' dir='ltr'><em>nostros</em></span> <span class='ocrx_word' id='word_1_69' title='bbox 416 1830 573 1896; x_wconf 76' lang='lat' dir='ltr'><em>extollant</em></span> <span class='ocrx_word' id='word_1_70' title='bbox 589 1829 633 1896; x_wconf 92' lang='lat' dir='ltr'><em>ad</em></span> <span class='ocrx_word' id='word_1_71' title='bbox 648 1830 835 1896; x_wconf 87' lang='lat' dir='ltr'><em>diuinitatis</em></span> <span class='ocrx_word' id='word_1_72' title='bbox 850 1831 1079 1909; x_wconf 79' lang='lat' dir='ltr'><em>excellentiam,</em></span> <span class='ocrx_word' id='word_1_73' title='bbox 1096 1853 1192 1914; x_wconf 76' lang='lat' dir='ltr'><em>quarn</em></span> <span class='ocrx_word' id='word_1_74' title='bbox 1214 1834 1318 1900; x_wconf 84' lang='lat' dir='ltr'><em>uerbis</em></span> <span class='ocrx_word' id='word_1_75' title='bbox 1341 1854 1477 1916; x_wconf 79' lang='lat' dir='ltr'><em>aequare</em></span> <span class='ocrx_word' id='word_1_76' title='bbox 1499 1853 1588 1898; x_wconf 90' lang='lat' dir='ltr'><em>nemo</em></span> <span class='ocrx_word' id='word_1_77' title='bbox 1609 1853 1667 1914; x_wconf 80' lang='lat' dir='ltr'><em>po-</em></span> 
     </span>
     <span class='ocr_line' id='line_1_9' title="bbox 117 1936 1666 2024; baseline 0.003 -22"><span class='ocrx_word' id='word_1_78' title='bbox 117 1943 189 2003; x_wconf 86' lang='lat' dir='ltr'><em>test.</em></span> <span class='ocrx_word' id='word_1_79' title='bbox 203 1936 304 2004; x_wconf 85' lang='lat' dir='ltr'><em>Nemo</em></span> <span class='ocrx_word' id='word_1_80' title='bbox 320 1939 423 2021; x_wconf 68' lang='lat' dir='ltr'><em>icitur</em></span> <span class='ocrx_word' id='word_1_81' title='bbox 438 1939 646 2005; x_wconf 89' lang='lat' dir='ltr'><em>irrationalis</em></span> <span class='ocrx_word' id='word_1_82' title='bbox 661 1941 814 2005; x_wconf 85' lang='lat' dir='ltr'><em>materiae</em></span> <span class='ocrx_word' id='word_1_83' title='bbox 823 1940 979 2021; x_wconf 80' lang='lat' dir='ltr'><em>proprios</em></span> <span class='ocrx_word' id='word_1_84' title='bbox 995 1939 1126 2020; x_wconf 81' lang='lat' dir='ltr'><em>affectus</em></span> <span class='ocrx_word' id='word_1_85' title='bbox 1141 1941 1207 2006; x_wconf 89' lang='lat' dir='ltr'><em>diis</em></span> <span class='ocrx_word' id='word_1_86' title='bbox 1222 1943 1390 2021; x_wconf 81' lang='lat' dir='ltr'><em>attribuat,</em></span> <span class='ocrx_word' id='word_1_87' title='bbox 1402 1941 1458 2024; x_wconf 78' lang='lat' dir='ltr'><em>qui</em></span> <span class='ocrx_word' id='word_1_88' title='bbox 1473 1941 1557 2006; x_wconf 87' lang='lat' dir='ltr'><em>nibil</em></span> <span class='ocrx_word' id='word_1_89' title='bbox 1574 1941 1666 2006; x_wconf 89' lang='lat' dir='ltr'><em>aliud</em></span> 
     </span>
    </p>
   </div>
   <div class='ocr_carea' id='block_1_5' title="bbox 9 2033 1668 2131">
    <p class='ocr_par' dir='ltr' id='par_1_5' title="bbox 9 2033 1668 2131">
     <span class='ocr_line' id='line_1_10' title="bbox 9 2033 1668 2131; baseline 0.003 -22"><span class='ocrx_word' id='word_1_90' title='bbox 9 2033 11 2042; x_wconf 65' lang='grc'>’</span> <span class='ocrx_word' id='word_1_91' title='bbox 117 2066 213 2127; x_wconf 78' lang='lat' dir='ltr'><em>quam</em></span> <span class='ocrx_word' id='word_1_92' title='bbox 236 2065 335 2125; x_wconf 86' lang='lat' dir='ltr'><em>mens,</em></span> <span class='ocrx_word' id='word_1_93' title='bbox 359 2046 602 2128; x_wconf 78' lang='lat' dir='ltr'><em>substantiaque</em></span> <span class='ocrx_word' id='word_1_94' title='bbox 625 2052 654 2111; x_wconf 89' lang='lat' dir='ltr'><em>et</em></span> <span class='ocrx_word' id='word_1_95' title='bbox 677 2048 744 2112; x_wconf 89' lang='lat' dir='ltr'><em>nita</em></span> <span class='ocrx_word' id='word_1_96' title='bbox 766 2047 984 2130; x_wconf 71' lang='lat' dir='ltr'><em>intelliaibilis</em></span> <span class='ocrx_word' id='word_1_97' title='bbox 1007 2048 1160 2113; x_wconf 76' lang='lat' dir='ltr'><em>esistunt.</em></span> <span class='ocrx_word' id='word_1_98' title='bbox 1186 2047 1240 2114; x_wconf 81' lang='lat' dir='ltr'><em>Sic</em></span> <span class='ocrx_word' id='word_1_99' title='bbox 1263 2054 1292 2114; x_wconf 89' lang='lat' dir='ltr'><em>et</em></span> <span class='ocrx_word' id='word_1_100' title='bbox 1321 2055 1432 2130; x_wconf 82' lang='lat' dir='ltr'><em>poetas</em></span> <span class='ocrx_word' id='word_1_101' title='bbox 1455 2049 1615 2131; x_wconf 79' lang='lat' dir='ltr'><em>oportebat</em></span> <span class='ocrx_word' id='word_1_102' title='bbox 1638 2055 1668 2114; x_wconf 89' lang='lat' dir='ltr'><em>et</em></span> 
     </span>
    </p>
   </div>
   <div class='ocr_carea' id='block_1_6' title="bbox 118 2153 1673 4614">
    <p class='ocr_par' dir='ltr' id='par_1_6' title="bbox 118 2153 1667 2240">
     <span class='ocr_line' id='line_1_11' title="bbox 118 2153 1667 2240; baseline 0.006 -25"><span class='ocrx_word' id='word_1_103' title='bbox 118 2153 225 2233; x_wconf 78' lang='lat' dir='ltr'><em>ipsum</em></span> <span class='ocrx_word' id='word_1_104' title='bbox 248 2153 424 2219; x_wconf 84' lang='lat' dir='ltr'><em>Homerum</em></span> <span class='ocrx_word' id='word_1_105' title='bbox 439 2156 574 2221; x_wconf 85' lang='lat' dir='ltr'><em>nonnisi</em></span> <span class='ocrx_word' id='word_1_106' title='bbox 589 2155 628 2221; x_wconf 92' lang='lat' dir='ltr'><em>de</em></span> <span class='ocrx_word' id='word_1_107' title='bbox 644 2156 710 2220; x_wconf 90' lang='lat' dir='ltr'><em>diis</em></span> <span class='ocrx_word' id='word_1_108' title='bbox 724 2155 877 2238; x_wconf 74' lang='lat' dir='ltr'><em>fianrenta</em></span> <span class='ocrx_word' id='word_1_109' title='bbox 893 2162 1001 2222; x_wconf 89' lang='lat' dir='ltr'><em>sancte</em></span> <span class='ocrx_word' id='word_1_110' title='bbox 1013 2157 1126 2240; x_wconf 77' lang='lat' dir='ltr'><em>pieque</em></span> <span class='ocrx_word' id='word_1_111' title='bbox 1144 2158 1321 2224; x_wconf 88' lang='lat' dir='ltr'><em>instituere.</em></span> <span class='ocrx_word' id='word_1_112' title='bbox 1338 2158 1429 2224; x_wconf 88' lang='lat' dir='ltr'><em>Haec</em></span> <span class='ocrx_word' id='word_1_113' title='bbox 1447 2158 1667 2224; x_wconf 86' lang='lat' dir='ltr'><em>aduersarius.</em></span> 
     </span>
    </p>

    <p class='ocr_par' dir='ltr' id='par_1_7' title="bbox 119 2259 1673 4614">
     <span class='ocr_line' id='line_1_12' title="bbox 163 2259 1668 2348; baseline 0.004 -22"><span class='ocrx_word' id='word_1_114' title='bbox 163 2259 209 2326; x_wconf 85' lang='lat' dir='ltr'><em>At</em></span> <span class='ocrx_word' id='word_1_115' title='bbox 220 2261 351 2343; x_wconf 81' lang='lat' dir='ltr'><em>fabulae</em></span> <span class='ocrx_word' id='word_1_116' title='bbox 362 2261 539 2328; x_wconf 87' lang='lat' dir='ltr'><em>involucris</em></span> <span class='ocrx_word' id='word_1_117' title='bbox 555 2268 693 2328; x_wconf 89' lang='lat' dir='ltr'><em>utuntur</em></span> <span class='ocrx_word' id='word_1_118' title='bbox 708 2263 752 2328; x_wconf 90' lang='lat' dir='ltr'><em>ad</em></span> <span class='ocrx_word' id='word_1_119' title='bbox 768 2263 1018 2346; x_wconf 75' lang='lat' dir='ltr'><em>siqnificandum</em></span> <span class='ocrx_word' id='word_1_120' title='bbox 1034 2285 1086 2330; x_wconf 90' lang='lat' dir='ltr'><em>res</em></span> <span class='ocrx_word' id='word_1_121' title='bbox 1109 2264 1202 2348; x_wconf 71' lang='lat' dir='ltr'><em>aulae</em></span> <span class='ocrx_word' id='word_1_122' title='bbox 1227 2267 1363 2348; x_wconf 74' lang='lat' dir='ltr'><em>iynotas,</em></span> <span class='ocrx_word' id='word_1_123' title='bbox 1387 2287 1427 2331; x_wconf 87' lang='lat' dir='ltr'><em>ne</em></span> <span class='ocrx_word' id='word_1_124' title='bbox 1449 2285 1571 2332; x_wconf 91' lang='lat' dir='ltr'><em>arcana</em></span> <span class='ocrx_word' id='word_1_125' title='bbox 1587 2267 1668 2332; x_wconf 88' lang='lat' dir='ltr'><em>bona</em></span> 
     </span>
     <span class='ocr_line' id='line_1_13' title="bbox 119 2368 1667 2468; baseline 0.003 -35"><span class='ocrx_word' id='word_1_126' title='bbox 119 2370 156 2433; x_wconf 91' lang='lat' dir='ltr'><em>in</em></span> <span class='ocrx_word' id='word_1_127' title='bbox 168 2370 326 2451; x_wconf 77' lang='lat' dir='ltr'><em>profanos</em></span> <span class='ocrx_word' id='word_1_128' title='bbox 342 2368 486 2449; x_wconf 84' lang='lat' dir='ltr'><em>efferant.</em></span> <span class='ocrx_word' id='word_1_129' title='bbox 509 2368 600 2436; x_wconf 82' lang='lat' dir='ltr'><em>Unde</em></span> <span class='ocrx_word' id='word_1_130' title='bbox 611 2391 676 2436; x_wconf 90' lang='lat' dir='ltr'><em>non</em></span> <span class='ocrx_word' id='word_1_131' title='bbox 686 2371 817 2454; x_wconf 76' lang='lat' dir='ltr'><em>tabulae</em></span> <span class='ocrx_word' id='word_1_132' title='bbox 829 2371 954 2452; x_wconf 78' lang='lat' dir='ltr'><em>culpam</em></span> <span class='ocrx_word' id='word_1_133' title='bbox 970 2370 1072 2437; x_wconf 90' lang='lat' dir='ltr'><em>ullam</em></span> <span class='ocrx_word' id='word_1_134' title='bbox 1088 2378 1259 2468; x_wconf 80' lang='lat' dir='ltr'><em>merentur,</em></span> <span class='ocrx_word' id='word_1_135' title='bbox 1273 2373 1328 2438; x_wconf 89' lang='lat' dir='ltr'><em>scd</em></span> <span class='ocrx_word' id='word_1_136' title='bbox 1340 2373 1394 2438; x_wconf 86' lang='lat' dir='ltr'><em>illi</em></span> <span class='ocrx_word' id='word_1_137' title='bbox 1408 2374 1465 2455; x_wconf 77' lang='lat' dir='ltr'><em>aui</em></span> <span class='ocrx_word' id='word_1_138' title='bbox 1479 2373 1561 2438; x_wconf 86' lang='lat' dir='ltr'><em>male</em></span> <span class='ocrx_word' id='word_1_139' title='bbox 1575 2374 1667 2454; x_wconf 78' lang='lat' dir='ltr'><em>ipsas</em></span> 
     </span>
     <span class='ocr_line' id='line_1_14' title="bbox 119 2478 1669 2562; baseline 0.001 -18"><span class='ocrx_word' id='word_1_140' title='bbox 119 2479 290 2558; x_wconf 82' lang='lat' dir='ltr'><em>accipiant.</em></span> <span class='ocrx_word' id='word_1_141' title='bbox 313 2514 358 2525; x_wconf 89' lang='lat'>—</span> <span class='ocrx_word' id='word_1_142' title='bbox 384 2478 463 2559; x_wconf 80' lang='lat' dir='ltr'><em>Quis</em></span> <span class='ocrx_word' id='word_1_143' title='bbox 485 2499 550 2546; x_wconf 89' lang='lat' dir='ltr'><em>uon</em></span> <span class='ocrx_word' id='word_1_144' title='bbox 571 2480 729 2561; x_wconf 77' lang='lat' dir='ltr'><em>fatebitur</em></span> <span class='ocrx_word' id='word_1_145' title='bbox 743 2481 897 2562; x_wconf 74' lang='lat' dir='ltr'><em>mysteria</em></span> <span class='ocrx_word' id='word_1_146' title='bbox 913 2485 942 2544; x_wconf 90' lang='lat' dir='ltr'><em>et</em></span> <span class='ocrx_word' id='word_1_147' title='bbox 957 2481 1171 2546; x_wconf 88' lang='lat' dir='ltr'><em>coeremonias</em></span> <span class='ocrx_word' id='word_1_148' title='bbox 1185 2482 1315 2546; x_wconf 88' lang='lat' dir='ltr'><em>anirnas</em></span> <span class='ocrx_word' id='word_1_149' title='bbox 1334 2481 1511 2547; x_wconf 73' lang='lat' dir='ltr'><em>extollere?</em></span> <span class='ocrx_word' id='word_1_150' title='bbox 1525 2481 1615 2562; x_wconf 77' lang='lat' dir='ltr'><em>Quod</em></span> <span class='ocrx_word' id='word_1_151' title='bbox 1638 2482 1669 2546; x_wconf 93' lang='lat' dir='ltr'><em>si</em></span> 
     </span>
     <span class='ocr_line' id='line_1_15' title="bbox 119 2586 1667 2670; baseline -0.001 -17"><span class='ocrx_word' id='word_1_152' title='bbox 119 2587 235 2670; x_wconf 76' lang='lat' dir='ltr'><em>vulqus</em></span> <span class='ocrx_word' id='word_1_153' title='bbox 256 2586 418 2652; x_wconf 85' lang='lat' dir='ltr'><em>bominum</em></span> <span class='ocrx_word' id='word_1_154' title='bbox 440 2586 491 2652; x_wconf 87' lang='lat' dir='ltr'><em>bis</em></span> <span class='ocrx_word' id='word_1_155' title='bbox 506 2587 661 2668; x_wconf 88' lang='lat' dir='ltr'><em>abutitur,</em></span> <span class='ocrx_word' id='word_1_156' title='bbox 677 2607 742 2653; x_wconf 89' lang='lat' dir='ltr'><em>non</em></span> <span class='ocrx_word' id='word_1_157' title='bbox 758 2587 829 2652; x_wconf 89' lang='lat' dir='ltr'><em>ideo</em></span> <span class='ocrx_word' id='word_1_158' title='bbox 845 2587 919 2668; x_wconf 80' lang='lat' dir='ltr'><em>ipsa</em></span> <span class='ocrx_word' id='word_1_159' title='bbox 934 2589 1088 2670; x_wconf 80' lang='lat' dir='ltr'><em>mysteria</em></span> <span class='ocrx_word' id='word_1_160' title='bbox 1104 2590 1249 2670; x_wconf 76' lang='lat' dir='ltr'><em>ritusque</em></span> <span class='ocrx_word' id='word_1_161' title='bbox 1264 2608 1374 2654; x_wconf 87' lang='lat' dir='ltr'><em>sacros</em></span> <span class='ocrx_word' id='word_1_162' title='bbox 1398 2608 1550 2654; x_wconf 86' lang='lat' dir='ltr'><em>accusare</em></span> <span class='ocrx_word' id='word_1_163' title='bbox 1573 2588 1667 2653; x_wconf 93' lang='lat' dir='ltr'><em>decet.</em></span> 
     </span>
     <span class='ocr_line' id='line_1_16' title="bbox 120 2695 1668 2779; baseline -0.001 -18"><span class='ocrx_word' id='word_1_164' title='bbox 120 2695 274 2761; x_wconf 86' lang='lat' dir='ltr'><em>Decet-ne</em></span> <span class='ocrx_word' id='word_1_165' title='bbox 297 2695 411 2760; x_wconf 90' lang='lat' dir='ltr'><em>mundi</em></span> <span class='ocrx_word' id='word_1_166' title='bbox 427 2695 589 2777; x_wconf 77' lang='lat' dir='ltr'><em>opificium</em></span> <span class='ocrx_word' id='word_1_167' title='bbox 604 2717 763 2775; x_wconf 90' lang='lat' dir='ltr'><em>accusare,</em></span> <span class='ocrx_word' id='word_1_168' title='bbox 781 2717 815 2762; x_wconf 92' lang='lat' dir='ltr'><em>eo</em></span> <span class='ocrx_word' id='word_1_169' title='bbox 831 2697 915 2779; x_wconf 81' lang='lat' dir='ltr'><em>quod</em></span> <span class='ocrx_word' id='word_1_170' title='bbox 932 2699 1001 2778; x_wconf 79' lang='lat' dir='ltr'><em>ipso</em></span> <span class='ocrx_word' id='word_1_171' title='bbox 1017 2696 1181 2778; x_wconf 77' lang='lat' dir='ltr'><em>imperitia</em></span> <span class='ocrx_word' id='word_1_172' title='bbox 1196 2695 1359 2762; x_wconf 87' lang='lat' dir='ltr'><em>bominum</em></span> <span class='ocrx_word' id='word_1_173' title='bbox 1373 2697 1456 2762; x_wconf 82' lang='lat' dir='ltr'><em>necle</em></span> <span class='ocrx_word' id='word_1_174' title='bbox 1471 2695 1612 2760; x_wconf 80' lang='lat' dir='ltr'><em>utatur?</em></span> <span class='ocrx_word' id='word_1_175' title='bbox 1625 2731 1668 2744; x_wconf 98' lang='lat'>-</span> 
     </span>
     <span class='ocr_line' id='line_1_17' title="bbox 120 2801 1668 2888; baseline 0 -20"><span class='ocrx_word' id='word_1_176' title='bbox 120 2802 233 2882; x_wconf 87' lang='lat' dir='ltr'><em>Immo,</em></span> <span class='ocrx_word' id='word_1_177' title='bbox 257 2807 334 2868; x_wconf 89' lang='lat' dir='ltr'><em>teste</em></span> <span class='ocrx_word' id='word_1_178' title='bbox 355 2801 517 2870; x_wconf 76' lang='lat' dir='ltr'><em>Athenaeo</em></span> <span class='ocrx_word' id='word_1_179' title='bbox 544 2803 646 2885; x_wconf 92' lang='lat' dir='ltr'><em>Xeno,</em></span> <span class='ocrx_word' id='word_1_180' title='bbox 664 2804 828 2887; x_wconf 75' lang='lat' dir='ltr'><em>leaislctor</em></span> <span class='ocrx_word' id='word_1_181' title='bbox 837 2805 989 2886; x_wconf 86' lang='lat' dir='ltr'><em>prudens</em></span> <span class='ocrx_word' id='word_1_182' title='bbox 1004 2824 1071 2870; x_wconf 93' lang='lat' dir='ltr'><em>non</em></span> <span class='ocrx_word' id='word_1_183' title='bbox 1080 2803 1243 2888; x_wconf 77' lang='lat' dir='ltr'><em>praecipit</em></span> <span class='ocrx_word' id='word_1_184' title='bbox 1265 2805 1445 2870; x_wconf 88' lang='lat' dir='ltr'><em>ebrietatem</em></span> <span class='ocrx_word' id='word_1_185' title='bbox 1461 2803 1542 2883; x_wconf 91' lang='lat' dir='ltr'><em>tolli,</em></span> <span class='ocrx_word' id='word_1_186' title='bbox 1566 2823 1668 2886; x_wconf 81' lang='lat' dir='ltr'><em>quan·</em></span> 
     </span>
     <span class='ocr_line' id='line_1_18' title="bbox 121 2909 1670 2996; baseline -0.002 -18"><span class='ocrx_word' id='word_1_187' title='bbox 121 2911 239 2978; x_wconf 75' lang='lat' dir='ltr'><em>tcrmois</em></span> <span class='ocrx_word' id='word_1_188' title='bbox 250 2931 319 2976; x_wconf 90' lang='lat' dir='ltr'><em>eam</em></span> <span class='ocrx_word' id='word_1_189' title='bbox 333 2931 399 2978; x_wconf 89' lang='lat' dir='ltr'><em>non</em></span> <span class='ocrx_word' id='word_1_190' title='bbox 407 2912 509 2994; x_wconf 79' lang='lat' dir='ltr'><em>pauci</em></span> <span class='ocrx_word' id='word_1_191' title='bbox 519 2932 692 2996; x_wconf 75' lang='lat' dir='ltr'><em>euaqcrare</em></span> <span class='ocrx_word' id='word_1_192' title='bbox 704 2913 837 2979; x_wconf 86' lang='lat' dir='ltr'><em>soleant.</em></span> <span class='ocrx_word' id='word_1_193' title='bbox 851 2952 892 2963; x_wconf 94' lang='lat'>—</span> <span class='ocrx_word' id='word_1_194' title='bbox 904 2913 1010 2993; x_wconf 86' lang='lat' dir='ltr'><em>Adde,</em></span> <span class='ocrx_word' id='word_1_195' title='bbox 1023 2933 1088 2978; x_wconf 91' lang='lat' dir='ltr'><em>non</em></span> <span class='ocrx_word' id='word_1_196' title='bbox 1101 2933 1200 2976; x_wconf 91' lang='lat' dir='ltr'><em>unum</em></span> <span class='ocrx_word' id='word_1_197' title='bbox 1213 2931 1280 2976; x_wconf 90' lang='lat' dir='ltr'><em>esse</em></span> <span class='ocrx_word' id='word_1_198' title='bbox 1292 2911 1479 2995; x_wconf 85' lang='lat' dir='ltr'><em>fabularum</em></span> <span class='ocrx_word' id='word_1_199' title='bbox 1489 2931 1601 2994; x_wconf 72' lang='lat' dir='ltr'><em>aeuus,</em></span> <span class='ocrx_word' id='word_1_200' title='bbox 1614 2909 1670 2976; x_wconf 88' lang='lat' dir='ltr'><em>sed</em></span> 
     </span>
     <span class='ocr_line' id='line_1_19' title="bbox 120 3018 1670 3103; baseline -0.003 -18"><span class='ocrx_word' id='word_1_201' title='bbox 120 3019 208 3085; x_wconf 90' lang='lat' dir='ltr'><em>alias</em></span> <span class='ocrx_word' id='word_1_202' title='bbox 222 3019 266 3084; x_wconf 91' lang='lat' dir='ltr'><em>ad</em></span> <span class='ocrx_word' id='word_1_203' title='bbox 275 3039 451 3100; x_wconf 79' lang='lat' dir='ltr'><em>puerorum</em></span> <span class='ocrx_word' id='word_1_204' title='bbox 467 3019 702 3086; x_wconf 89' lang='lat' dir='ltr'><em>institutionem</em></span> <span class='ocrx_word' id='word_1_205' title='bbox 725 3025 831 3102; x_wconf 83' lang='lat' dir='ltr'><em>aptas,</em></span> <span class='ocrx_word' id='word_1_206' title='bbox 855 3021 941 3087; x_wconf 91' lang='lat' dir='ltr'><em>olias</em></span> <span class='ocrx_word' id='word_1_207' title='bbox 957 3041 1029 3087; x_wconf 88' lang='lat' dir='ltr'><em>acro</em></span> <span class='ocrx_word' id='word_1_208' title='bbox 1043 3021 1156 3103; x_wconf 82' lang='lat' dir='ltr'><em>furore</em></span> <span class='ocrx_word' id='word_1_209' title='bbox 1172 3019 1281 3084; x_wconf 83' lang='lat' dir='ltr'><em>divino</em></span> <span class='ocrx_word' id='word_1_210' title='bbox 1301 3018 1417 3100; x_wconf 83' lang='lat' dir='ltr'><em>plenas</em></span> <span class='ocrx_word' id='word_1_211' title='bbox 1439 3039 1505 3084; x_wconf 94' lang='lat' dir='ltr'><em>non</em></span> <span class='ocrx_word' id='word_1_212' title='bbox 1529 3019 1670 3085; x_wconf 86' lang='lat' dir='ltr'><em>omnium</em></span> 
     </span>
     <span class='ocr_line' id='line_1_20' title="bbox 120 3122 1671 3209; baseline -0.002 -17"><span class='ocrx_word' id='word_1_213' title='bbox 120 3127 305 3192; x_wconf 88' lang='lat' dir='ltr'><em>auditorum</em></span> <span class='ocrx_word' id='word_1_214' title='bbox 319 3127 451 3209; x_wconf 70' lang='lat' dir='ltr'><em>incenia</em></span> <span class='ocrx_word' id='word_1_215' title='bbox 466 3127 631 3208; x_wconf 79' lang='lat' dir='ltr'><em>respicere.</em></span> <span class='ocrx_word' id='word_1_216' title='bbox 646 3127 863 3194; x_wconf 80' lang='lat' dir='ltr'><em>Concedamus</em></span> <span class='ocrx_word' id='word_1_217' title='bbox 886 3127 1022 3193; x_wconf 87' lang='lat' dir='ltr'><em>Homeri</em></span> <span class='ocrx_word' id='word_1_218' title='bbox 1038 3132 1068 3192; x_wconf 91' lang='lat' dir='ltr'><em>et</em></span> <span class='ocrx_word' id='word_1_219' title='bbox 1084 3125 1222 3192; x_wconf 82' lang='lat' dir='ltr'><em>Hesiodi</em></span> <span class='ocrx_word' id='word_1_220' title='bbox 1235 3123 1367 3208; x_wconf 75' lang='lat' dir='ltr'><em>fabulas</em></span> <span class='ocrx_word' id='word_1_221' title='bbox 1382 3125 1492 3206; x_wconf 83' lang='lat' dir='ltr'><em>pueris</em></span> <span class='ocrx_word' id='word_1_222' title='bbox 1516 3143 1580 3189; x_wconf 92' lang='lat' dir='ltr'><em>non</em></span> <span class='ocrx_word' id='word_1_223' title='bbox 1602 3122 1671 3189; x_wconf 91' lang='lat' dir='ltr'><em>ido·</em></span> 
     </span>
     <span class='ocr_line' id='line_1_21' title="bbox 121 3231 1672 3317; baseline -0.003 -16"><span class='ocrx_word' id='word_1_224' title='bbox 121 3255 199 3301; x_wconf 88' lang='lat' dir='ltr'><em>neas</em></span> <span class='ocrx_word' id='word_1_225' title='bbox 221 3255 298 3313; x_wconf 89' lang='lat' dir='ltr'><em>esse,</em></span> <span class='ocrx_word' id='word_1_226' title='bbox 315 3235 370 3300; x_wconf 86' lang='lat' dir='ltr'><em>scd</em></span> <span class='ocrx_word' id='word_1_227' title='bbox 393 3235 539 3301; x_wconf 87' lang='lat' dir='ltr'><em>universi</em></span> <span class='ocrx_word' id='word_1_228' title='bbox 560 3236 719 3302; x_wconf 84' lang='lat' dir='ltr'><em>rationem</em></span> <span class='ocrx_word' id='word_1_229' title='bbox 741 3235 778 3300; x_wconf 90' lang='lat' dir='ltr'><em>in</em></span> <span class='ocrx_word' id='word_1_230' title='bbox 801 3236 846 3300; x_wconf 85' lang='lat' dir='ltr'><em>iis</em></span> <span class='ocrx_word' id='word_1_231' title='bbox 860 3236 980 3316; x_wconf 82' lang='lat' dir='ltr'><em>baberi,</em></span> <span class='ocrx_word' id='word_1_232' title='bbox 997 3233 1144 3317; x_wconf 75' lang='lat' dir='ltr'><em>cinyrclcs</em></span> <span class='ocrx_word' id='word_1_233' title='bbox 1158 3233 1279 3317; x_wconf 83' lang='lat' dir='ltr'><em>referre</em></span> <span class='ocrx_word' id='word_1_234' title='bbox 1294 3231 1423 3298; x_wconf 86' lang='lat' dir='ltr'><em>deorum</em></span> <span class='ocrx_word' id='word_1_235' title='bbox 1438 3233 1579 3310; x_wconf 83' lang='lat' dir='ltr'><em>ordines,</em></span> <span class='ocrx_word' id='word_1_236' title='bbox 1594 3252 1672 3312; x_wconf 73' lang='lat' dir='ltr'><em>qua</em></span> 
     </span>
     <span class='ocr_line' id='line_1_22' title="bbox 122 3340 1673 3426; baseline -0.003 -18"><span class='ocrx_word' id='word_1_237' title='bbox 122 3364 194 3408; x_wconf 92' lang='lat' dir='ltr'><em>rum</em></span> <span class='ocrx_word' id='word_1_238' title='bbox 210 3343 323 3408; x_wconf 89' lang='lat' dir='ltr'><em>ultima</em></span> <span class='ocrx_word' id='word_1_239' title='bbox 337 3363 465 3426; x_wconf 75' lang='lat' dir='ltr'><em>qenera,</em></span> <span class='ocrx_word' id='word_1_240' title='bbox 482 3363 562 3426; x_wconf 80' lang='lat' dir='ltr'><em>quae</em></span> <span class='ocrx_word' id='word_1_241' title='bbox 581 3343 749 3410; x_wconf 87' lang='lat' dir='ltr'><em>daemones</em></span> <span class='ocrx_word' id='word_1_242' title='bbox 764 3348 850 3422; x_wconf 87' lang='lat' dir='ltr'><em>sunt,</em></span> <span class='ocrx_word' id='word_1_243' title='bbox 868 3343 954 3408; x_wconf 86' lang='lat' dir='ltr'><em>cirea</em></span> <span class='ocrx_word' id='word_1_244' title='bbox 970 3342 1139 3408; x_wconf 88' lang='lat' dir='ltr'><em>materiam</em></span> <span class='ocrx_word' id='word_1_245' title='bbox 1155 3346 1337 3420; x_wconf 84' lang='lat' dir='ltr'><em>versantur,</em></span> <span class='ocrx_word' id='word_1_246' title='bbox 1356 3340 1559 3422; x_wconf 81' lang='lat' dir='ltr'><em>peruersioni</em></span> <span class='ocrx_word' id='word_1_247' title='bbox 1580 3345 1673 3404; x_wconf 91' lang='lat' dir='ltr'><em>natu·</em></span> 
     </span>
     <span class='ocr_line' id='line_1_23' title="bbox 122 3442 1670 3533; baseline -0.004 -17"><span class='ocrx_word' id='word_1_248' title='bbox 122 3451 240 3518; x_wconf 85' lang='lat' dir='ltr'><em>ratium</em></span> <span class='ocrx_word' id='word_1_249' title='bbox 257 3451 489 3532; x_wconf 84' lang='lat' dir='ltr'><em>potentiarum,</em></span> <span class='ocrx_word' id='word_1_250' title='bbox 506 3451 616 3533; x_wconf 81' lang='lat' dir='ltr'><em>lapsui</em></span> <span class='ocrx_word' id='word_1_251' title='bbox 630 3451 667 3514; x_wconf 91' lang='lat' dir='ltr'><em>in</em></span> <span class='ocrx_word' id='word_1_252' title='bbox 689 3449 849 3516; x_wconf 89' lang='lat' dir='ltr'><em>malitiam</em></span> <span class='ocrx_word' id='word_1_253' title='bbox 866 3455 895 3514; x_wconf 91' lang='lat' dir='ltr'><em>et</em></span> <span class='ocrx_word' id='word_1_254' title='bbox 914 3449 1116 3514; x_wconf 89' lang='lat' dir='ltr'><em>inordinatis</em></span> <span class='ocrx_word' id='word_1_255' title='bbox 1138 3442 1325 3529; x_wconf 80' lang='lat' dir='ltr'><em>vitiosisque</em></span> <span class='ocrx_word' id='word_1_256' title='bbox 1347 3445 1485 3512; x_wconf 85' lang='lat' dir='ltr'><em>motibus</em></span> <span class='ocrx_word' id='word_1_257' title='bbox 1504 3452 1670 3526; x_wconf 81' lang='lat' dir='ltr'><em>praesunt.</em></span> 
     </span>
     <span class='ocr_line' id='line_1_24' title="bbox 125 3553 1672 3641; baseline -0.003 -18"><span class='ocrx_word' id='word_1_258' title='bbox 125 3559 214 3640; x_wconf 77' lang='lat' dir='ltr'><em>Quod</em></span> <span class='ocrx_word' id='word_1_259' title='bbox 230 3579 326 3641; x_wconf 81' lang='lat' dir='ltr'><em>quum</em></span> <span class='ocrx_word' id='word_1_260' title='bbox 349 3558 654 3625; x_wconf 89' lang='lat' dir='ltr'><em>animaduertissent</em></span> <span class='ocrx_word' id='word_1_261' title='bbox 677 3577 842 3624; x_wconf 92' lang='lat' dir='ltr'><em>sacrorum</em></span> <span class='ocrx_word' id='word_1_262' title='bbox 864 3558 988 3622; x_wconf 83' lang='lat' dir='ltr'><em>rituum</em></span> <span class='ocrx_word' id='word_1_263' title='bbox 1013 3557 1116 3622; x_wconf 86' lang='lat' dir='ltr'><em>antist</em></span> <span class='ocrx_word' id='word_1_264' title='bbox 1125 3556 1188 3633; x_wconf 87' lang='lat' dir='ltr'><em>les,</em></span> <span class='ocrx_word' id='word_1_265' title='bbox 1212 3573 1299 3618; x_wconf 89' lang='lat' dir='ltr'><em>nuuc</em></span> <span class='ocrx_word' id='word_1_266' title='bbox 1320 3555 1434 3634; x_wconf 85' lang='lat' dir='ltr'><em>risum,</em></span> <span class='ocrx_word' id='word_1_267' title='bbox 1458 3573 1544 3618; x_wconf 82' lang='lat' dir='ltr'><em>nccnc</em></span> <span class='ocrx_word' id='word_1_268' title='bbox 1567 3553 1672 3619; x_wconf 92' lang='lat' dir='ltr'><em>luctus</em></span> 
     </span>
     <span class='ocr_line' id='line_1_25' title="bbox 121 3662 1671 3749; baseline -0.004 -18"><span class='ocrx_word' id='word_1_269' title='bbox 121 3666 305 3749; x_wconf 80' lang='lat' dir='ltr'><em>hujusmodi</em></span> <span class='ocrx_word' id='word_1_270' title='bbox 321 3667 526 3732; x_wconf 82' lang='lat' dir='ltr'><em>damnauibus</em></span> <span class='ocrx_word' id='word_1_271' title='bbox 542 3667 723 3732; x_wconf 86' lang='lat' dir='ltr'><em>consecrari</em></span> <span class='ocrx_word' id='word_1_272' title='bbox 733 3669 973 3747; x_wconf 77' lang='lat' dir='ltr'><em>praeceperunt,</em></span> <span class='ocrx_word' id='word_1_273' title='bbox 985 3663 1157 3746; x_wconf 83' lang='lat' dir='ltr'><em>prima-riis</em></span> <span class='ocrx_word' id='word_1_274' title='bbox 1172 3683 1245 3728; x_wconf 87' lang='lat' dir='ltr'><em>ocra</em></span> <span class='ocrx_word' id='word_1_275' title='bbox 1260 3662 1449 3726; x_wconf 89' lang='lat' dir='ltr'><em>numinibus</em></span> <span class='ocrx_word' id='word_1_276' title='bbox 1465 3662 1671 3728; x_wconf 87' lang='lat' dir='ltr'><em>sanctissima</em></span> 
     </span>
     <span class='ocr_line' id='line_1_26' title="bbox 122 3769 1672 3858; baseline -0.005 -18"><span class='ocrx_word' id='word_1_277' title='bbox 122 3775 264 3858; x_wconf 85' lang='lat' dir='ltr'><em>symbola</em></span> <span class='ocrx_word' id='word_1_278' title='bbox 279 3780 495 3840; x_wconf 83' lang='lat' dir='ltr'><em>reservarunt.</em></span> <span class='ocrx_word' id='word_1_279' title='bbox 513 3773 561 3839; x_wconf 85' lang='lat' dir='ltr'><em>Ac</em></span> <span class='ocrx_word' id='word_1_280' title='bbox 584 3774 667 3840; x_wconf 87' lang='lat' dir='ltr'><em>sicrct</em></span> <span class='ocrx_word' id='word_1_281' title='bbox 682 3773 869 3839; x_wconf 81' lang='lat' dir='ltr'><em>Platonicae</em></span> <span class='ocrx_word' id='word_1_282' title='bbox 881 3772 1013 3856; x_wconf 84' lang='lat' dir='ltr'><em>fabulae</em></span> <span class='ocrx_word' id='word_1_283' title='bbox 1029 3777 1106 3837; x_wconf 89' lang='lat' dir='ltr'><em>sunt</em></span> <span class='ocrx_word' id='word_1_284' title='bbox 1118 3769 1333 3853; x_wconf 80' lang='lat' dir='ltr'><em>pbilosopbice</em></span> <span class='ocrx_word' id='word_1_285' title='bbox 1355 3769 1546 3848; x_wconf 85' lang='lat' dir='ltr'><em>audiendae,</em></span> <span class='ocrx_word' id='word_1_286' title='bbox 1570 3769 1619 3833; x_wconf 91' lang='lat' dir='ltr'><em>ita</em></span> <span class='ocrx_word' id='word_1_287' title='bbox 1642 3774 1672 3834; x_wconf 91' lang='lat' dir='ltr'><em>et</em></span> 
     </span>
     <span class='ocr_line' id='line_1_27' title="bbox 122 3878 1670 3965; baseline -0.003 -17"><span class='ocrx_word' id='word_1_288' title='bbox 122 3883 310 3949; x_wconf 86' lang='lat' dir='ltr'><em>Homericae</em></span> <span class='ocrx_word' id='word_1_289' title='bbox 333 3888 410 3948; x_wconf 84' lang='lat' dir='ltr'><em>sunt</em></span> <span class='ocrx_word' id='word_1_290' title='bbox 432 3902 550 3949; x_wconf 90' lang='lat' dir='ltr'><em>arcane</em></span> <span class='ocrx_word' id='word_1_291' title='bbox 574 3881 820 3965; x_wconf 76' lang='lat' dir='ltr'><em>intelliaendac;</em></span> <span class='ocrx_word' id='word_1_292' title='bbox 842 3883 974 3947; x_wconf 91' lang='lat' dir='ltr'><em>minime</em></span> <span class='ocrx_word' id='word_1_293' title='bbox 990 3902 1062 3948; x_wconf 87' lang='lat' dir='ltr'><em>aero</em></span> <span class='ocrx_word' id='word_1_294' title='bbox 1077 3879 1318 3946; x_wconf 78' lang='lat' dir='ltr'><em>conontittendas</em></span> <span class='ocrx_word' id='word_1_295' title='bbox 1334 3878 1578 3944; x_wconf 79' lang='lat' dir='ltr'><em>adolescentulis</em></span> <span class='ocrx_word' id='word_1_296' title='bbox 1593 3898 1670 3956; x_wconf 89' lang='lat' dir='ltr'><em>esse,</em></span> 
     </span>
     <span class='ocr_line' id='line_1_28' title="bbox 124 3984 1672 4073; baseline -0.005 -17"><span class='ocrx_word' id='word_1_297' title='bbox 124 3991 218 4057; x_wconf 88' lang='lat' dir='ltr'><em>Plato</em></span> <span class='ocrx_word' id='word_1_298' title='bbox 241 3997 321 4056; x_wconf 88' lang='lat' dir='ltr'><em>recte</em></span> <span class='ocrx_word' id='word_1_299' title='bbox 343 3990 581 4073; x_wconf 70' lang='lat' dir='ltr'><em>lecislatoribus</em></span> <span class='ocrx_word' id='word_1_300' title='bbox 604 3991 720 4056; x_wconf 88' lang='lat' dir='ltr'><em>suasit.</em></span> <span class='ocrx_word' id='word_1_301' title='bbox 743 3987 857 4055; x_wconf 89' lang='lat' dir='ltr'><em>Doctis</em></span> <span class='ocrx_word' id='word_1_302' title='bbox 888 4009 961 4056; x_wconf 86' lang='lat' dir='ltr'><em>aero</em></span> <span class='ocrx_word' id='word_1_303' title='bbox 984 3994 1013 4054; x_wconf 91' lang='lat' dir='ltr'><em>et</em></span> <span class='ocrx_word' id='word_1_304' title='bbox 1036 3986 1296 4067; x_wconf 83' lang='lat' dir='ltr'><em>contemplationi</em></span> <span class='ocrx_word' id='word_1_305' title='bbox 1318 3985 1437 4052; x_wconf 85' lang='lat' dir='ltr'><em>deditis</em></span> <span class='ocrx_word' id='word_1_306' title='bbox 1459 3985 1541 4050; x_wconf 87' lang='lat' dir='ltr'><em>uiris</em></span> <span class='ocrx_word' id='word_1_307' title='bbox 1563 3984 1672 4050; x_wconf 88' lang='lat' dir='ltr'><em>nullae</em></span> 
     </span>
     <span class='ocr_line' id='line_1_29' title="bbox 121 4093 1672 4180; baseline -0.003 -18"><span class='ocrx_word' id='word_1_308' title='bbox 121 4097 251 4180; x_wconf 78' lang='lat' dir='ltr'><em>fabulae</em></span> <span class='ocrx_word' id='word_1_309' title='bbox 266 4097 472 4180; x_wconf 80' lang='lat' dir='ltr'><em>quantumuis</em></span> <span class='ocrx_word' id='word_1_310' title='bbox 487 4096 647 4163; x_wconf 86' lang='lat' dir='ltr'><em>absurdae</em></span> <span class='ocrx_word' id='word_1_311' title='bbox 669 4097 862 4180; x_wconf 82' lang='lat' dir='ltr'><em>rejiciendae</em></span> <span class='ocrx_word' id='word_1_312' title='bbox 885 4101 972 4176; x_wconf 89' lang='lat' dir='ltr'><em>sunt,</em></span> <span class='ocrx_word' id='word_1_313' title='bbox 997 4096 1080 4162; x_wconf 87' lang='lat' dir='ltr'><em>sicut</em></span> <span class='ocrx_word' id='word_1_314' title='bbox 1102 4114 1158 4160; x_wconf 89' lang='lat' dir='ltr'><em>nec</em></span> <span class='ocrx_word' id='word_1_315' title='bbox 1180 4093 1338 4160; x_wconf 88' lang='lat' dir='ltr'><em>ridiculae</em></span> <span class='ocrx_word' id='word_1_316' title='bbox 1354 4094 1577 4173; x_wconf 90' lang='lat' dir='ltr'><em>caeremoniae,</em></span> <span class='ocrx_word' id='word_1_317' title='bbox 1593 4114 1672 4175; x_wconf 78' lang='lat' dir='ltr'><em>qua-</em></span> 
     </span>
     <span class='ocr_line' id='line_1_30' title="bbox 124 4198 1672 4288; baseline -0.003 -18"><span class='ocrx_word' id='word_1_318' title='bbox 124 4226 195 4270; x_wconf 91' lang='lat' dir='ltr'><em>rum</em></span> <span class='ocrx_word' id='word_1_319' title='bbox 218 4225 332 4272; x_wconf 87' lang='lat' dir='ltr'><em>sensus</em></span> <span class='ocrx_word' id='word_1_320' title='bbox 348 4211 425 4288; x_wconf 81' lang='lat' dir='ltr'><em>post</em></span> <span class='ocrx_word' id='word_1_321' title='bbox 447 4205 594 4271; x_wconf 87' lang='lat' dir='ltr'><em>uictimas</em></span> <span class='ocrx_word' id='word_1_322' title='bbox 610 4205 739 4271; x_wconf 88' lang='lat' dir='ltr'><em>tandem</em></span> <span class='ocrx_word' id='word_1_323' title='bbox 755 4209 784 4270; x_wconf 91' lang='lat' dir='ltr'><em>et</em></span> <span class='ocrx_word' id='word_1_324' title='bbox 799 4204 965 4288; x_wconf 78' lang='lat' dir='ltr'><em>nrystieam</em></span> <span class='ocrx_word' id='word_1_325' title='bbox 989 4202 1195 4270; x_wconf 89' lang='lat' dir='ltr'><em>traditionem</em></span> <span class='ocrx_word' id='word_1_326' title='bbox 1209 4203 1385 4287; x_wconf 76' lang='lat' dir='ltr'><em>profertur.</em></span> <span class='ocrx_word' id='word_1_327' title='bbox 1409 4198 1473 4266; x_wconf 84' lang='lat' dir='ltr'><em>Sed</em></span> <span class='ocrx_word' id='word_1_328' title='bbox 1495 4201 1532 4266; x_wconf 92' lang='lat' dir='ltr'><em>in</em></span> <span class='ocrx_word' id='word_1_329' title='bbox 1548 4201 1672 4281; x_wconf 78' lang='lat' dir='ltr'><em>primis</em></span> 
     </span>
     <span class='ocr_line' id='line_1_31' title="bbox 125 4308 1671 4397; baseline -0.006 -17"><span class='ocrx_word' id='word_1_330' title='bbox 125 4335 234 4380; x_wconf 90' lang='lat' dir='ltr'><em>carum</em></span> <span class='ocrx_word' id='word_1_331' title='bbox 254 4313 441 4397; x_wconf 78' lang='lat' dir='ltr'><em>fabularum</em></span> <span class='ocrx_word' id='word_1_332' title='bbox 464 4313 614 4397; x_wconf 71' lang='lat' dir='ltr'><em>affinitas</em></span> <span class='ocrx_word' id='word_1_333' title='bbox 637 4333 706 4377; x_wconf 89' lang='lat' dir='ltr'><em>cum</em></span> <span class='ocrx_word' id='word_1_334' title='bbox 730 4312 937 4378; x_wconf 89' lang='lat' dir='ltr'><em>daemonibus</em></span> <span class='ocrx_word' id='word_1_335' title='bbox 959 4311 1130 4394; x_wconf 81' lang='lat' dir='ltr'><em>conspicua</em></span> <span class='ocrx_word' id='word_1_336' title='bbox 1151 4311 1190 4392; x_wconf 78' lang='lat' dir='ltr'><em>fit</em></span> <span class='ocrx_word' id='word_1_337' title='bbox 1209 4331 1249 4376; x_wconf 84' lang='lat' dir='ltr'><em>ecc</em></span> <span class='ocrx_word' id='word_1_338' title='bbox 1264 4310 1348 4392; x_wconf 80' lang='lat' dir='ltr'><em>ipsis</em></span> <span class='ocrx_word' id='word_1_339' title='bbox 1371 4308 1531 4389; x_wconf 80' lang='lat' dir='ltr'><em>effectibus</em></span> <span class='ocrx_word' id='word_1_340' title='bbox 1554 4329 1671 4386; x_wconf 87' lang='lat' dir='ltr'><em>corum,</em></span> 
     </span>
     <span class='ocr_line' id='line_1_32' title="bbox 125 4415 1673 4505; baseline -0.004 -17"><span class='ocrx_word' id='word_1_341' title='bbox 125 4423 161 4488; x_wconf 92' lang='lat' dir='ltr'><em>in</em></span> <span class='ocrx_word' id='word_1_342' title='bbox 184 4421 299 4505; x_wconf 79' lang='lat' dir='ltr'><em>quibus</em></span> <span class='ocrx_word' id='word_1_343' title='bbox 317 4421 464 4503; x_wconf 79' lang='lat' dir='ltr'><em>plurima</em></span> <span class='ocrx_word' id='word_1_344' title='bbox 487 4421 654 4504; x_wconf 80' lang='lat' dir='ltr'><em>symbolice</em></span> <span class='ocrx_word' id='word_1_345' title='bbox 664 4425 902 4502; x_wconf 80' lang='lat' dir='ltr'><em>proponuntur,</em></span> <span class='ocrx_word' id='word_1_346' title='bbox 919 4425 955 4484; x_wconf 93' lang='lat' dir='ltr'><em>nt</em></span> <span class='ocrx_word' id='word_1_347' title='bbox 972 4421 1077 4485; x_wconf 83' lang='lat' dir='ltr'><em>sciunt</em></span> <span class='ocrx_word' id='word_1_348' title='bbox 1093 4419 1149 4502; x_wconf 78' lang='lat' dir='ltr'><em>uui</em></span> <span class='ocrx_word' id='word_1_349' title='bbox 1171 4419 1390 4486; x_wconf 90' lang='lat' dir='ltr'><em>commercium</em></span> <span class='ocrx_word' id='word_1_350' title='bbox 1413 4418 1600 4484; x_wconf 90' lang='lat' dir='ltr'><em>daemonum</em></span> <span class='ocrx_word' id='word_1_351' title='bbox 1623 4415 1673 4483; x_wconf 88' lang='lat' dir='ltr'><em>ael</em></span> 
     </span>
     <span class='ocr_line' id='line_1_33' title="bbox 126 4529 768 4614; baseline -0.008 -16"><span class='ocrx_word' id='word_1_352' title='bbox 126 4531 211 4598; x_wconf 90' lang='lat' dir='ltr'><em>alias</em></span> <span class='ocrx_word' id='word_1_353' title='bbox 233 4529 282 4597; x_wconf 87' lang='lat' dir='ltr'><em>acl</em></span> <span class='ocrx_word' id='word_1_354' title='bbox 297 4551 361 4614; x_wconf 79' lang='lat' dir='ltr'><em>per</em></span> <span class='ocrx_word' id='word_1_355' title='bbox 383 4531 511 4598; x_wconf 87' lang='lat' dir='ltr'><em>somnia</em></span> <span class='ocrx_word' id='word_1_356' title='bbox 533 4534 610 4595; x_wconf 90' lang='lat' dir='ltr'><em>sunt</em></span> <span class='ocrx_word' id='word_1_357' title='bbox 634 4529 768 4610; x_wconf 77' lang='lat' dir='ltr'><em>raperti.</em></span> 
     </span>
    </p>
   </div>
   <div class='ocr_carea' id='block_1_7' title="bbox 127 4843 1674 5157">
    <p class='ocr_par' dir='ltr' id='par_1_8' title="bbox 127 4843 1674 5157">
     <span class='ocr_line' id='line_1_34' title="bbox 169 4843 1672 4938; baseline -0.006 -20"><span class='ocrx_word' id='word_1_358' title='bbox 169 4850 214 4919; x_wconf 88' lang='lat' dir='ltr'><em>M.</em></span> <span class='ocrx_word' id='word_1_359' title='bbox 230 4850 288 4920; x_wconf 82' lang='lat' dir='ltr'><em>fol.</em></span> <span class='ocrx_word' id='word_1_360' title='bbox 306 4853 359 4932; x_wconf 81' lang='lat'><em>42,</em></span> <span class='ocrx_word' id='word_1_361' title='bbox 376 4850 494 4926; x_wconf 80' lang='lat' dir='ltr'><em>titulus</em></span> <span class='ocrx_word' id='word_1_362' title='bbox 509 4852 544 4916; x_wconf 89' lang='lat' dir='ltr'><em>in</em></span> <span class='ocrx_word' id='word_1_363' title='bbox 560 4851 709 4938; x_wconf 81' lang='lat' dir='ltr'><em>margine</em></span> <span class='ocrx_word' id='word_1_364' title='bbox 727 4851 873 4936; x_wconf 76' lang='lat' dir='ltr'><em>ponitur.</em></span> <span class='ocrx_word' id='word_1_365' title='bbox 928 4845 1125 4938; x_wconf 69' lang='grc' dir='ltr'>σκεψώμεθα.</span> <span class='ocrx_word' id='word_1_366' title='bbox 1144 4887 1184 4899; x_wconf 91' lang='grc'><strong>-</strong></span> <span class='ocrx_word' id='word_1_367' title='bbox 1201 4849 1223 4916; x_wconf 91' lang='lat' dir='ltr'><em>l.</em></span> <span class='ocrx_word' id='word_1_368' title='bbox 1241 4848 1283 4915; x_wconf 87' lang='grc'><em>39</em></span> <span class='ocrx_word' id='word_1_369' title='bbox 1301 4845 1449 4938; x_wconf 72' lang='grc' dir='ltr'>ἔνθερμα)</span> <span class='ocrx_word' id='word_1_370' title='bbox 1464 4843 1613 4936; x_wconf 84' lang='grc' dir='ltr'>ἔκθεομα.</span> <span class='ocrx_word' id='word_1_371' title='bbox 1632 4881 1672 4895; x_wconf 92' lang='lat'>-</span> 
     </span>
     <span class='ocr_line' id='line_1_35' title="bbox 127 4953 1674 5048; baseline -0.007 -22"><span class='ocrx_word' id='word_1_372' title='bbox 127 4995 170 5008; x_wconf 88' lang='lat'>-</span> <span class='ocrx_word' id='word_1_373' title='bbox 182 4961 243 5028; x_wconf 87' lang='lat' dir='ltr'><em>Ed.</em></span> <span class='ocrx_word' id='word_1_374' title='bbox 257 4961 292 5026; x_wconf 89' lang='lat' dir='ltr'><em>in</em></span> <span class='ocrx_word' id='word_1_375' title='bbox 307 4960 407 5026; x_wconf 80' lang='lat' dir='ltr'><em>titulo</em></span> <span class='ocrx_word' id='word_1_376' title='bbox 419 4959 473 5022; x_wconf 79' lang='lat' dir='ltr'><em>nal</em></span> <span class='ocrx_word' id='word_1_377' title='bbox 489 4963 608 5027; x_wconf 83' lang='grc' dir='ltr'>αἰτιῶν.</span> <span class='ocrx_word' id='word_1_378' title='bbox 622 4995 665 5009; x_wconf 89' lang='lat'><em>-—</em></span> <span class='ocrx_word' id='word_1_379' title='bbox 681 4961 703 5026; x_wconf 83' lang='lat' dir='ltr'><em>l.</em></span> <span class='ocrx_word' id='word_1_380' title='bbox 721 4962 761 5025; x_wconf 85' lang='lat'><em>31</em></span> <span class='ocrx_word' id='word_1_381' title='bbox 776 4960 874 5048; x_wconf 74' lang='grc' dir='ltr'>ἡμᾶς)</span> <span class='ocrx_word' id='word_1_382' title='bbox 927 4959 949 5023; x_wconf 93' lang='lat' dir='ltr'><em>l.</em></span> <span class='ocrx_word' id='word_1_383' title='bbox 967 4959 1009 5023; x_wconf 78' lang='lat'><em>43</em></span> <span class='ocrx_word' id='word_1_384' title='bbox 1026 4955 1304 5047; x_wconf 74' lang='grc' dir='ltr'>ἀναπεπλεγμένοι)</span> <span class='ocrx_word' id='word_1_385' title='bbox 1327 4953 1607 5041; x_wconf 80' lang='grc' dir='ltr'>ἁναπεπληομένα.</span> <span class='ocrx_word' id='word_1_386' title='bbox 1633 4993 1674 5002; x_wconf 97' lang='grc'>-</span> 
     </span>
     <span class='ocr_line' id='line_1_36' title="bbox 128 5059 1674 5157; baseline -0.006 -26"><span class='ocrx_word' id='word_1_387' title='bbox 128 5070 217 5155; x_wconf 81' lang='grc' dir='ltr'>ὑμᾶς.</span> <span class='ocrx_word' id='word_1_388' title='bbox 232 5107 274 5117; x_wconf 98' lang='grc'>-</span> <span class='ocrx_word' id='word_1_389' title='bbox 290 5069 313 5135; x_wconf 92' lang='lat' dir='ltr'><em>l.</em></span> <span class='ocrx_word' id='word_1_390' title='bbox 338 5070 380 5134; x_wconf 84' lang='lat'><em>32</em></span> <span class='ocrx_word' id='word_1_391' title='bbox 404 5067 493 5154; x_wconf 75' lang='grc' dir='ltr'>ἡμῖν)</span> <span class='ocrx_word' id='word_1_392' title='bbox 514 5071 597 5157; x_wconf 83' lang='grc' dir='ltr'>ὑμῖν.</span> <span class='ocrx_word' id='word_1_393' title='bbox 614 5103 657 5117; x_wconf 92' lang='grc'><strong>-</strong></span> <span class='ocrx_word' id='word_1_394' title='bbox 674 5070 695 5134; x_wconf 94' lang='lat' dir='ltr'><em>l.</em></span> <span class='ocrx_word' id='word_1_395' title='bbox 720 5071 762 5134; x_wconf 88' lang='lat'><em>33</em></span> <span class='ocrx_word' id='word_1_396' title='bbox 787 5059 875 5131; x_wconf 78' lang='grc' dir='ltr'>θιαο-</span> <span class='ocrx_word' id='word_1_397' title='bbox 927 5067 949 5132; x_wconf 91' lang='lat' dir='ltr'><em>l.</em></span> <span class='ocrx_word' id='word_1_398' title='bbox 967 5067 1010 5130; x_wconf 86' lang='grc'><em>44</em></span> <span class='ocrx_word' id='word_1_399' title='bbox 1026 5073 1082 5128; x_wconf 79' lang='grc' dir='ltr'>τοῦ</span> <span class='ocrx_word' id='word_1_400' title='bbox 1100 5061 1248 5136; x_wconf 67' lang='lat' dir='ltr'><em>&amp;ludaico</em></span> <span class='ocrx_word' id='word_1_401' title='bbox 1266 5062 1447 5150; x_wconf 82' lang='grc' dir='ltr'>στερόμενα·</span> <span class='ocrx_word' id='word_1_402' title='bbox 1467 5059 1510 5150; x_wconf 71' lang='grc' dir='ltr'><em>μὴ</em></span> <span class='ocrx_word' id='word_1_403' title='bbox 1529 5085 1589 5152; x_wconf 73' lang='grc' dir='ltr'><em>γαρ</em></span> <span class='ocrx_word' id='word_1_404' title='bbox 1604 5063 1674 5148; x_wconf 77' lang='grc' dir='ltr'>οὐχι</span> 
     </span>
    </p>
   </div>
   <div class='ocr_carea' id='block_1_8' title="bbox 128 5165 1672 5370">
    <p class='ocr_par' dir='ltr' id='par_1_9' title="bbox 128 5165 1672 5370">
     <span class='ocr_line' id='line_1_37' title="bbox 128 5165 1672 5262; baseline -0.001 -24"><span class='ocrx_word' id='word_1_405' title='bbox 128 5173 334 5262; x_wconf 83' lang='grc' dir='ltr'>κοπουμένους</span> <span class='ocrx_word' id='word_1_406' title='bbox 351 5165 574 5258; x_wconf 63' lang='lat' dir='ltr'><em>sectatores)</em></span> <span class='ocrx_word' id='word_1_407' title='bbox 598 5165 874 5262; x_wconf 80' lang='grc' dir='ltr'>διασκοπουμένοις</span> <span class='ocrx_word' id='word_1_408' title='bbox 929 5169 1070 5258; x_wconf 84' lang='grc' dir='ltr'>θεμιτόν)</span> <span class='ocrx_word' id='word_1_409' title='bbox 1093 5179 1148 5234; x_wconf 83' lang='grc' dir='ltr'>τοῦ</span> <span class='ocrx_word' id='word_1_410' title='bbox 1180 5168 1261 5233; x_wconf 87' lang='grc' dir='ltr'>θείου</span> <span class='ocrx_word' id='word_1_411' title='bbox 1293 5169 1388 5257; x_wconf 87' lang='grc' dir='ltr'>νόμου</span> <span class='ocrx_word' id='word_1_412' title='bbox 1418 5168 1603 5258; x_wconf 84' lang='grc' dir='ltr'>στερόμενοι·</span> <span class='ocrx_word' id='word_1_413' title='bbox 1629 5165 1672 5256; x_wconf 78' lang='grc' dir='ltr'><em>μθ</em></span> 
     </span>
     <span class='ocr_line' id='line_1_38' title="bbox 128 5271 1279 5370; baseline -0.002 -22"><span class='ocrx_word' id='word_1_414' title='bbox 128 5271 372 5349; x_wconf 78' lang='grc' dir='ltr'>ἐπεκδιδάσκειν.</span> <span class='ocrx_word' id='word_1_415' title='bbox 929 5277 989 5370; x_wconf 78' lang='grc' dir='ltr'><em>γὰρ</em></span> <span class='ocrx_word' id='word_1_416' title='bbox 1013 5283 1071 5370; x_wconf 79' lang='grc' dir='ltr'>οὐχ</span> <span class='ocrx_word' id='word_1_417' title='bbox 1095 5274 1115 5366; x_wconf 75' lang='grc' dir='ltr'><strong><em>ᾗ</em></strong></span> <span class='ocrx_word' id='word_1_418' title='bbox 1141 5277 1279 5368; x_wconf 85' lang='grc' dir='ltr'>θεμιτόν.</span> 
     </span>
    </p>
   </div>
   <div class='ocr_carea' id='block_1_9' title="bbox 171 5381 1676 5476">
    <p class='ocr_par' dir='ltr' id='par_1_10' title="bbox 171 5381 1676 5476">
     <span class='ocr_line' id='line_1_39' title="bbox 171 5381 1676 5476; baseline -0.005 -18"><span class='ocrx_word' id='word_1_419' title='bbox 171 5391 216 5458; x_wconf 89' lang='grc' dir='ltr'><em>Μ.</em></span> <span class='ocrx_word' id='word_1_420' title='bbox 229 5390 287 5458; x_wconf 85' lang='lat' dir='ltr'><em>fol.</em></span> <span class='ocrx_word' id='word_1_421' title='bbox 304 5391 346 5456; x_wconf 84' lang='lat'><em>42</em></span> <span class='ocrx_word' id='word_1_422' title='bbox 359 5415 391 5456; x_wconf 89' lang='lat' dir='ltr'><em>v.</em></span> <span class='ocrx_word' id='word_1_423' title='bbox 402 5429 441 5444; x_wconf 86' lang='lat'>-</span> <span class='ocrx_word' id='word_1_424' title='bbox 452 5389 475 5457; x_wconf 92' lang='lat' dir='ltr'><em>l.</em></span> <span class='ocrx_word' id='word_1_425' title='bbox 489 5390 530 5456; x_wconf 84' lang='lat'><em>37</em></span> <span class='ocrx_word' id='word_1_426' title='bbox 545 5383 790 5476; x_wconf 71' lang='grc' dir='ltr'>ἀναοκεόάοθαι)</span> <span class='ocrx_word' id='word_1_427' title='bbox 803 5391 875 5452; x_wconf 78' lang='grc' dir='ltr'>ἀνοι-</span> <span class='ocrx_word' id='word_1_428' title='bbox 974 5388 1019 5453; x_wconf 92' lang='grc' dir='ltr'><em>Μ.</em></span> <span class='ocrx_word' id='word_1_429' title='bbox 1036 5388 1094 5455; x_wconf 87' lang='lat' dir='ltr'><em>fol.</em></span> <span class='ocrx_word' id='word_1_430' title='bbox 1112 5389 1165 5454; x_wconf 81' lang='lat'><em>43.</em></span> <span class='ocrx_word' id='word_1_431' title='bbox 1183 5427 1221 5440; x_wconf 86' lang='lat'>-</span> <span class='ocrx_word' id='word_1_432' title='bbox 1237 5387 1298 5453; x_wconf 83' lang='lat' dir='ltr'><em>Ed.</em></span> <span class='ocrx_word' id='word_1_433' title='bbox 1315 5387 1337 5453; x_wconf 93' lang='lat' dir='ltr'><em>l.</em></span> <span class='ocrx_word' id='word_1_434' title='bbox 1355 5385 1415 5452; x_wconf 78' lang='lat' dir='ltr'><em>ulo.</em></span> <span class='ocrx_word' id='word_1_435' title='bbox 1432 5381 1588 5476; x_wconf 79' lang='grc' dir='ltr'>ὑπεροχὴν</span> <span class='ocrx_word' id='word_1_436' title='bbox 1602 5385 1676 5450; x_wconf 84' lang='grc' dir='ltr'>ἑαν-</span> 
     </span>
    </p>
   </div>
   <div class='ocr_carea' id='block_1_10' title="bbox 0 0 1995 6068">
    <p class='ocr_par' dir='ltr' id='par_1_11' title="bbox 0 0 1995 6068">
     <span class='ocr_line' id='line_1_40' title="bbox 0 0 1995 6068; baseline 0 0"><span class='ocrx_word' id='word_1_437' title='bbox 0 0 1995 6068; x_wconf 95' lang='lat' dir='ltr'><em> </em></span> 
     </span>
    </p>
   </div>
  </div>
 </body>
</html>
