4018 6076
900 505 1047 580 Saucius
1066 505 1223 581 Basilius

888 893 1088 961 assianus
1112 895 1159 960 ιν
1178 891 1213 978 ·).

327 1131 356 1172 v.
384 1110 412 1189 7,
437 1110 468 1174 8.
493 1109 546 1182 Τίς
570 1097 661 1184 δείξει
684 1113 759 1196 ήμῒν
783 1105 825 1172 τά
843 1105 999 1196 ἀγαθάς...
1018 1099 1159 1182 Ἔδωκας
1177 1107 1366 1197 εὐφροσύνην
1384 1113 1424 1185 είς
1443 1108 1501 1182 τήν
1519 1100 1650 1199 καρδίαν
1674 1135 1744 1199 μου,
1762 1112 1824 1177 ἀπὸ

283 1224 401 1303 καρποῦ
426 1215 512 1278 σίτου
537 1213 591 1278 καὶ
614 1216 694 1278 οἴνου
719 1214 772 1278 καί
795 1216 901 1280 ἐλαίου
926 1216 1028 1279 αὐτῶν
1052 1213 1326 1296 ὲπλήθύνθήσαν.Ι

330 1323 409 1404 Quis
425 1323 566 1389 oslacdct
581 1324 672 1389 uobis
689 1324 770 1390 tona
780 1325 827 1389 i...
845 1323 977 1390 Dedisti
991 1324 1148 1390 laetitiam
1165 1326 1199 1390 iu
1215 1326 1307 1392 corde
1323 1347 1398 1407 acco,
1415 1329 1560 1412 assueta
1573 1329 1740 1412 fruuceuti,
1757 1330 1826 1394 circi

282 1438 311 1496 et
335 1431 396 1496 olei
419 1450 527 1496 eorum
548 1431 671 1513 inpleti
694 1437 780 1498 suut.

329 1645 381 1716 Ιίῖη
410 1635 443 1708 δὲ
466 1644 521 1708 καί
543 1649 619 1732 ήμῖν
646 1649 665 1718 ή
699 1640 782 1734 ψυχή
815 1644 940 1734 πλήρης
964 1655 1028 1711 τῶν

281 1761 503 1839 πνευματικῶν
528 1749 671 1842 ἀγαθῶν,
696 1755 773 1835 σίτῳ
803 1751 951 1843 βρίθουσα
975 1755 1029 1819 καί

281 1863 352 1944 οἴνῳ
377 1860 431 1924 καί
455 1862 567 1944 ἑλαίῳί
590 1870 635 1944 τῷ
661 1861 727 1950 μὲν,
749 1867 789 1936 ὡς
816 1862 902 1951 λόγῳ
926 1887 1028 1952 πρακ-

281 1979 371 2044 τικῆς
388 1967 529 2060 γνώσεως
546 1962 767 2058 στηριζομένη·
782 1978 827 2052 τῷ
845 1959 888 2052 δὲ,
901 1975 941 2045 ὡς
958 1969 1027 2053 θείῳ

280 2075 366 2158 πόθῳ
383 2076 438 2139 καί
454 2079 653 2158 ἀνανεωτικῷ
670 2086 727 2151 τῆς
745 2082 818 2141 κατ’
831 2077 935 2165 ἔφεσιν
952 2077 1027 2167 πρὸς

281 2185 362 2248 Θεὸν
386 2187 535 2272 ἐρωτικῆς
552 2178 640 2261 ἕξεως
658 2185 892 2274 εύφραινομένη·
913 2194 959 2267 τῷ
983 2177 1027 2270 δὲ,

281 2297 321 2366 ὡς
345 2292 419 2372 λείῳ
443 2291 497 2354 καί
520 2295 630 2379 ὁμαλῷ
655 2292 708 2355 καί
740 2283 865 2383 διαυγεῖ
886 2292 940 2356 καί
965 2315 1028 2380 φω·

281 2408 424 2480 τιστικῷ1
449 2399 503 2461 καί
525 2401 642 2474 παντὸς
659 2391 795 2489 γεώδους
810 2399 959 2489 ἐλευθέρῳ
983 2424 1029 2463 κι-

281 2508 433 2594 νήματος,
450 2517 507 2580 τῆς
528 2505 675 2582 ἀπαθείας
690 2507 794 2596 τρύπῳ
811 2531 846 2572 τε
863 2507 918 2570 καί
932 2507 1027 2598 λύγῳ,

281 2614 319 2679 τὸ
342 2613 506 2702 πρόσωπον
534 2613 737 2702 ίλαρυνομένη
764 2624 827 2678 τῶν
853 2625 981 2703 αρετῶν,

1128 1649 1265 1716 Utinam
1287 1647 1466 1734 impleatur
1482 1649 1591 1716 anima
1607 1655 1718 1716 nostra
1733 1650 1827 1717 bonis

1083 1753 1319 1842 spiritualibus,
1342 1756 1508 1824 frumento
1533 1758 1669 1838 satiata,
1694 1759 1770 1824 vino
1794 1764 1827 1823 at

1083 1866 1172 1932 oleo!
1197 1865 1373 1946 frumento,
1391 1887 1455 1950 quo
1472 1865 1574 1932 veluti
1591 1867 1690 1932 verbo
1709 1865 1826 1932 confir-

1082 1977 1190 2038 metur
1213 1973 1321 2038 anima
1350 1971 1385 2036 in
1408 1971 1544 2040 scientia
1568 1972 1713 2052 efflasse,
1737 1972 1824 2050 vino,

1083 2101 1147 2162 quo
1164 2084 1332 2165 tamquam
1349 2078 1460 2145 divino
1485 2077 1644 2144 desiderio
1667 2083 1825 2144 renovata

1081 2186 1278 2253 laetificetur
1289 2185 1389 2252 alacri
1401 2187 1526 2271 impetu
1540 2187 1573 2252 in
1586 2186 1692 2252 Deum
1705 2186 1828 2252 haben·

1082 2296 1175 2372 dum3
1193 2299 1226 2360 et
1243 2294 1325 2375 oleo,
1342 2296 1435 2380 quasi
1451 2296 1605 2362 unctione
1621 2296 1706 2360 laevi
1724 2301 1757 2361 et
1773 2318 1827 2361 aa·

1082 2405 1215 2489 quabili,
1231 2403 1339 2470 lucida
1363 2409 1396 2470 et
1411 2404 1557 2484 lucifera,
1575 2427 1657 2489 quae
1679 2405 1720 2470 ab
1738 2404 1826 2470 omni

1082 2517 1212 2578 terreno
1235 2516 1328 2576 motu
1353 2511 1395 2576 sit
1417 2510 1581 2590 immunis,
1598 2512 1695 2577 modo
1721 2516 1754 2577 et
1776 2533 1829 2576 ra·

1082 2620 1171 2685 tione
1195 2617 1380 2704 passionem
1404 2625 1588 2700 amovente,
1612 2619 1696 2685 unde
1728 2618 1828 2684 facies

1081 2724 1124 2791 sit
1146 2724 1322 2791 virtutibus
1346 2724 1539 2791 exhilarata.

926 3047 1124 3116 PSALMUS
1148 3047 1189 3115 V.

326 3290 357 3334 v.
381 3268 448 3332 2-4.
473 3262 521 3330 Τά
545 3263 673 3356 ῥήματά
697 3287 756 3354 μου
780 3264 935 3346 ἑνωτίσαι,
953 3261 1053 3352 Κύριε,
1078 3263 1187 3328 ...m
1210 3261 1292 3352 πρωί
1313 3261 1477 3348 είσακούσῃ
1504 3271 1562 3337 τῆς
1586 3269 1688 3350 φωνῆς
1713 3283 1782 3350 μου.

409 3375 511 3444 Verba
533 3396 602 3444 mea
625 3376 760 3442 auribus
777 3375 916 3456 percipe,
939 3373 1087 3456 Domine,
1113 3372 1280 3440 ...Mane
1302 3373 1453 3438 exaudies
1474 3391 1576 3438 vocem
1599 3391 1710 3438 accam.

327 3585 472 3675 Διαφέρει
496 3577 530 3651 δὲ
545 3586 583 3651 τὸ
599 3586 723 3653 ἀκούειν
746 3597 802 3652 τοῦ
819 3577 1029 3664 ἒνωτίζεσθαι,

282 3694 332 3757 ὅτι
349 3695 386 3758 τὸ
404 3691 459 3784 μὲν
476 3693 599 3758 ἀκούειν
617 3683 752 3770 διανοίας
768 3696 863 3771 ἐστιν,
880 3699 919 3769 ὡς
936 3684 1032 3765 δηλοῖ

282 3805 298 3863 ὁ
323 3800 441 3890 Κύριος·
466 3791 608 3891 διεγείρω
632 3806 674 3877 είς
702 3801 739 3866 τὸ
772 3810 906 3877 συνετῶς
929 3824 1031 3865 κατα-

282 3908 382 3974 κούειν
404 3920 459 3974 τοῦ
485 3911 687 3998 βουλήματος
710 3919 774 3974 τῶν
798 3909 987 4000 λεγομένων·
1012 3913 1028 3974 ὁ

282 4018 363 4106 ἔχων
388 4011 455 4082 ὦτα
482 4017 613 4102 ἀκούειν,
636 4019 784 4084 ἀκουέτω.
809 4011 1029 4096 Ἐνωτίζεσθαι

283 4119 317 4192 δέ
341 4132 410 4192 ἐστι
432 4127 469 4192 at
487 4123 576 4215 ψιλὸν
594 4129 649 4193 τὸν
666 4123 746 4218 ήχον
766 4125 940 4193 ἐντίθεσθαι
964 4137 1029 4202 τοῖς

284 4227 352 4300 ὦσι.

328 4343 422 4429 Τάχα
447 4331 479 4404 δὲ
502 4342 621 4431 πρωίαν
645 4341 779 4408 ἐνταῦθα
800 4337 947 4431 ὀνομάζει
970 4341 1030 4414 τήν

284 4449 345 4513 ἀπὸ
369 4459 424 4511 τοῦ
443 4448 556 4513 σκότου
573 4460 628 4513 τού
652 4454 687 4516 ἑκ
704 4461 761 4526 τῆς
779 4452 933 4542 ἀγνωσίας
950 4456 1029 4516 Θεοῦ

283 4565 353 4630 ταῖς
370 4551 483 4644 ψυχαῖς
507 4555 707 4644 ἐγγινομένου
724 4548 885 4621 ἐπάνοδον·
902 4557 958 4633 ἕως
975 4557 1030 4645 μὲν

283 4661 344 4754 γάρ
368 4655 422 4738 νύξ
446 4664 515 4753 περὶ
538 4663 597 4736 τήν
615 4662 719 4754 ψυχήν
743 4670 833 4753 ήμῶν
858 4665 912 4728 καί
935 4665 1031 4753 μήπω

283 4773 473 4854 ἑπανατείλῃ
489 4772 616 4852 ὁήλιος,
630 4773 686 4835 οὐκ
700 4773 784 4836 ἔστιν
798 4770 1031 4844 ἑπακουσθήναι

274 4877 345 4967 ἀπὸ
358 4882 447 4941 Θεοῦ·
462 4867 557 4942 iasii*
574 4877 610 4942 ἂν
628 4869 661 4943 δὲ
674 4876 927 4963 άποκαθαρθεῐσα
944 4874 1028 4966 ψυχή

284 4994 342 5061 τῆς
366 4985 437 5075 περί
461 4990 539 5050 Θεοῦ
564 4987 707 5076 ἀγνοίας,
734 4985 882 5077 ἀνενέγκη
911 4975 1030 5060 δεήσεις

322 5322 344 5398 ¹)
362 5321 409 5380 Ex
426 5323 489 5382 cod.
507 5324 603 5382 Palat.
623 5326 685 5400 257,
705 5325 741 5383 de
760 5341 818 5400 qno
837 5323 907 5384 vide
925 5341 952 5397 p.
972 5323 997 5378 8.

1129 3589 1246 3656 Differt
1264 3589 1325 3655 hoo
1346 3589 1462 3656 audire
1478 3588 1518 3654 ab
1534 3585 1591 3652 illo
1606 3587 1742 3653 auribus
1752 3607 1830 3669 per·

1084 3698 1207 3778 cepere:
1231 3696 1317 3762 Nam
1340 3696 1455 3762 audire
1477 3697 1602 3778 spectat
1624 3693 1664 3757 ad
1686 3691 1831 3758 intellec·

1084 3807 1165 3884 tum,
1189 3802 1273 3868 siout
1296 3801 1432 3886 explicat
1449 3799 1625 3866 Dominus:
1652 3797 1830 3884 “Aperiam

1084 3915 1209 3977 uicum
1226 3909 1392 3976 intellectu
1415 3909 1564 3974 audiatur
1583 3907 1732 3974 voluntas
1756 3929 1826 3973 ver·

1084 4018 1198 4084 borum
1221 4038 1376 4082 meorum.
1393 4014 1455 4092 Qui
1469 4015 1568 4081 habet
1587 4035 1680 4080 aures
1696 4012 1826 4079 audien·

1083 4123 1125 4204 di,
1138 4123 1247 4189 audiat
1261 4121 1285 4203 2)
1299 4171 1325 4202 ,.
1350 4121 1497 4188 Auribus
1514 4141 1587 4186 vero
1598 4121 1762 4203 percipere
1777 4123 1828 4185 est

1084 4252 1198 4296 sonum
1212 4228 1388 4313 simplicem
1405 4227 1535 4294 auribus
1551 4227 1698 4294 inserere.

1132 4341 1144 4370 ‘⁶
1162 4337 1289 4416 Mane,
1312 4340 1420 4402 autam
1442 4335 1494 4402 hie
1510 4334 1647 4400 fortasse
1662 4339 1755 4401 vocat
1778 4357 1828 4401 re·

1084 4446 1189 4512 ditum
1209 4445 1388 4512 animarum
1419 4466 1438 4510 a
1467 4447 1560 4509 nocte
1582 4442 1615 4507 in
1638 4465 1702 4526 qua
1724 4443 1827 4509 Deum

1084 4555 1246 4640 ignorant.
1270 4552 1378 4636 Usque
1401 4552 1476 4617 dum
1501 4551 1585 4617 euim
1606 4572 1666 4616 nox
1690 4551 1829 4617 animam

1084 4668 1228 4731 nostram
1250 4661 1382 4740 invadit,
1406 4663 1439 4724 et
1462 4658 1603 4724 nondum
1627 4658 1674 4724 sol
1698 4679 1829 4725 exorsus

1085 4777 1143 4852 est,
1168 4792 1232 4836 non
1255 4767 1414 4852 contingit
1437 4790 1456 4832 a
1479 4767 1549 4832 Deo
1568 4767 1717 4833 exaudiri.
1738 4765 1831 4832 Post·

1086 4901 1182 4964 quam
1205 4881 1312 4944 autem
1340 4877 1447 4941 anima
1477 4879 1652 4960 repurgata
1674 4875 1715 4941 ab
1738 4875 1830 4959 iguo·

1085 4986 1191 5052 rantia
1203 4983 1274 5066 Dei,
1288 4983 1447 5049 orationes
1463 4982 1597 5067 profert,
1614 4983 1647 5047 in
1663 4981 1830 5066 splendore

1119 5321 1142 5395 Ξ)
1160 5319 1246 5377 Matt.
1265 5333 1331 5392 ¹111,
1351 5317 1394 5388 35,
1415 5319 1459 5376 43.
