4006 6074
566 499 622 573 De
639 498 829 572 hominibus
846 497 1010 570 redivivis
1032 494 1228 588 Clearchus,
1249 485 1323 572 eiii.
1689 499 1724 559 17

176 670 241 742 Τὴν
267 669 322 762 μὲν
345 669 501 762 περὶτῶν
526 668 692 736 ἀποθανεῖν
718 661 887 752 δοξάντων,
911 669 1021 735 ἔπειτα
1044 665 1254 737 ἀναθιοόντων
1281 670 1417 759 ἱστορίαν
1436 669 1527 735 ἄλλοι
1550 693 1586 734 τε
1609 666 1724 733 πολλοὶ

176 786 238 843 τῶν
262 782 405 842 παλαιῶν
429 777 594 868 ήθροισαν,
618 777 672 842 καί
700 777 894 868 Δημόκριτος
919 781 934 841 ό
959 778 1083 867 φυσικὸς
1108 783 1138 845 ἑν
1163 790 1228 855 τοῖς
1252 777 1320 868 περὶ
1344 787 1398 842 τοῦ
1428 769 1503 862 ᾅδου
1527 775 1724 869 γράμμασιν·

176 885 230 950 καί
253 887 307 950 τὀν
324 885 348 972 ¹)

177 1101 200 1168 f.
218 1103 259 1166 56
276 1103 349 1187 posi
367 1124 475 1168 versus
494 1103 511 1168 7
529 1102 666 1169 deletos:
685 1110 789 1189 μεῖσον
804 1149 810 1164 .
823 1149 851 1164 ..
868 1111 924 1166 τοῦ
941 1100 1167 1177 Πλάτωνος...
1194 1101 1297 1188 σχέσις
1314 1105 1353 1177 ὡς
1371 1101 1467 1165 ἔοικεν
1484 1108 1542 1176 τής
1559 1097 1726 1188 συμπάσης

138 1232 151 1274 ο
178 1201 259 1286 ζωῆς
284 1231 456 1295 ...ματος
481 1206 552 1272 ἀλλ’
576 1208 636 1273 ὑπὸ
660 1207 858 1299 μὲνπληγής
875 1232 957 1285 τινος
973 1211 1044 1284 ἴσως
1058 1259 1065 1273 .
1080 1259 1108 1273 ..
1133 1207 1312 1297 τραύματος
1327 1218 1467 1298 παρεῖτο,
1485 1217 1543 1284 τῆς
1567 1199 1601 1272 δὲ
1624 1204 1725 1296 ψυχῆς

178 1313 298 1404 οἱπερὶ
321 1316 376 1380 τὀν
401 1315 516 1404 μυελὸν
540 1317 657 1404 ἔμενον,
682 1319 730 1384 ἔτι
754 1310 788 1383 δὲ
803 1317 873 1407 ἐμοὶ
888 1309 1142 1407 κατερριζωμένῳ
1158 1315 1246 1390 καίή
1265 1307 1377 1406 καρδία
1398 1318 1436 1381 τὸ
1460 1315 1643 1406 ἒμπόρευμα
1668 1325 1726 1390 τῆς

178 1414 259 1499 ζωῆς
285 1416 366 1511 εἶχεν
391 1446 429 1510 με
452 1425 630 1514 ἐγκείμενον
654 1433 700 1507 τῷ
719 1423 818 1510 βάθει·
836 1425 890 1489 καί
906 1423 1027 1490 τούτων
1045 1425 1210 1515 μενόντων,
1227 1417 1312 1499 αὖθις
1329 1424 1528 1497 ἀνεκτήσατο
1548 1421 1607 1495 τήν
1632 1425 1727 1486 ἀπεσ-

180 1520 312 1598 θηκυῖαν
336 1521 419 1606 ζωήν
444 1521 621 1601 ἐπιτήδειον
638 1532 713 1621 πρὸς
730 1530 789 1603 τήν
807 1529 944 1622 ψόχωσιν
961 1532 1137 1622 γενόμενον.
1154 1532 1214 1596 Καί
1229 1530 1289 1624 γάρ
1305 1536 1351 1622 ἐφ’
1369 1539 1458 1620 ήμῶν
1483 1557 1563 1608 τινες
1586 1523 1648 1604 ήδη
1675 1529 1729 1595 καί

180 1635 343 1701 ἀποθανεῖν
368 1628 488 1716 ἔδοξαν,
514 1638 567 1702 καί
591 1639 751 1728 μνήμασιν
775 1639 970 1724 ἀνετέθησαν,
989 1641 1043 1704 καί
1060 1633 1227 1718 ἀνεξίωσαν
1252 1640 1305 1705 καί
1321 1639 1477 1730 ῶρθησαν,
1502 1645 1531 1706 οἱ
1555 1639 1610 1730 μὲν
1635 1643 1728 1730 ἐγκα-

181 1742 310 1834 θήμενοι
333 1756 398 1821 τοῖς
423 1747 592 1835 μνήμασιν,
618 1755 646 1812 οἱ
670 1740 703 1814 δὲ
727 1749 781 1813 καί
803 1753 948 1835 ἑστῶτες,
973 1748 1112 1840 καθάπερ
1137 1743 1174 1821 δή
1200 1748 1254 1814 καί
1275 1749 1326 1813 ἐπὶ
1341 1759 1404 1813 τῶν
1427 1747 1528 1814 πάλαι
1551 1747 1728 1838 γεγονότων

182 1860 376 1944 ἱστοροῦνται
387 1855 440 1918 καί
455 1856 646 1946 ’Λριστέαςὸ
663 1857 898 1948 Προκοννήσιος,
916 1858 970 1922 καὶ
987 1849 1176 1948 Ἑρμόδωρος
1193 1862 1209 1921 ὁ
1228 1850 1447 1946 Κλαζομένιος,
1464 1857 1518 1921 καί
1531 1846 1729 1945 Ἐπιμενίδης

182 1967 198 2026 ὁ
222 1961 303 2052 Κρής
329 1961 412 2051 μετά
435 1962 570 2028 θάνατον
595 1968 626 2030 έν
650 1976 715 2041 τοῖς
739 1958 830 2043 ζῶσιν
846 1965 1021 2055 γενόμενος.
1039 1965 1101 2031 Καὶ
1117 1968 1150 2031 τί
1173 1958 1222 2030 δεῖ
1243 1963 1349 2030 πολλά
1372 1965 1493 2057 λέγεινς
1518 1966 1594 2029 ὅπου
1618 1964 1732 2054 γεκαὶ

183 2075 199 2134 ό
226 2069 372 2160 μαθητής
394 2070 631 2162 Ἀριστοτέλους
649 2076 809 2164 Κλέαρχος
822 2071 847 2157 ²)
868 2077 1003 2166 ἱστορίαν
1020 2073 1092 2139 τινά
1109 2073 1262 2147 τοιαότην
1279 2083 1400 2164 πρῶτος
1417 2061 1636 2163 παραδέδωκεν
1659 2069 1732 2135 θαυ-

184 2180 310 2267 μασίαν.
333 2177 516 2268 Κλεώνυμος
542 2184 557 2243 ὁ
581 2178 755 2258 ’Λθηναῖος
780 2182 928 2270 φιλήκοος
953 2181 1031 2273 ἀνήρ
1055 2192 1118 2247 τῶν
1135 2185 1165 2247 έν
1182 2183 1347 2271 φιλοσοφίᾳ
1363 2181 1477 2270 λόγων,
1501 2181 1624 2269 ἑταίρου
1649 2179 1732 2254 τινος

184 2293 270 2370 αὐτῷ
294 2289 555 2369 τελευτήσαντος,
579 2288 752 2380 περιαλγής
769 2287 934 2379 γενόμενος
951 2289 1005 2353 καί
1021 2287 1194 2376 ἀθυμήσας,
1211 2285 1441 2378 ἐλιποψόχησέν
1458 2311 1494 2354 τε
1509 2288 1563 2351 καί
1586 2285 1732 2352 τεθνάναι

185 2386 287 2473 δόξας,
311 2398 419 2486 τρίτης
435 2396 553 2486 ἡμέρας
570 2400 673 2474 οὔσης,
690 2394 775 2461 κατά
790 2398 846 2462 τὸν
863 2397 957 2483 νόμον
972 2395 1140 2486 προυτέθη·
1156 2388 1390 2488 περιόάλλουσα
1407 2387 1440 2461 δὲ
1458 2396 1552 2460 αὑτὸν
1570 2400 1590 2469 ή
1614 2395 1732 2485 μήτηρ,

184 2503 238 2566 καί
260 2503 459 2569 πανύστατον
485 2498 699 2594 ἀσπαζομένη,
722 2515 778 2569 τοῦ
800 2503 968 2595 προσώπου
992 2502 1154 2592 θοιμάτιον
1179 2507 1338 2593 ἀφελοῦσα
1361 2503 1415 2569 καί
1438 2502 1683 2593 καταφιλοῦ(σα)

186 2717 209 2784 f.
236 2720 278 2784 56
302 2741 332 2784 ν.
356 2725 430 2804 posi
457 2722 474 2786 7
498 2741 624 2786 versus:
643 2769 651 2786 .
671 2770 678 2786 .
695 2771 703 2788 .
721 2721 816 2784 αὐτοῦ
841 2715 944 2810 ψυχήν
962 2719 1056 2811 φάναι
1079 2718 1165 2810 παρά
1188 2719 1337 2796 τοὺς...
1362 2715 1425 2785 οἷον
1441 2722 1476 2784 ἑκ
1501 2709 1622 2807 δεσμῶν
1647 2710 1735 2796 δόξαι

185 2832 277 2887 τινῶν
302 2831 395 2915 αἱρεῖν
413 2825 492 2914 μόνῃ
517 2836 573 2891 τοῦ
598 2824 743 2914 σώματος
766 2825 961 2917 παρεθέντος,
987 2827 1140 2918 μετέωρον
1165 2826 1305 2917 ἀρθῆναι.
1323 2828 1383 2892 Καί
1400 2825 1544 2918 ἀρθεῖσαν
1569 2825 1642 2914 ὑπὲρ
1664 2835 1734 2921 γῆς,

188 2923 261 2996 ἰδεῖν
285 2933 399 3008 τόπους
422 2936 453 2998 ἐν
478 2937 559 3020 αὐτῇ
584 2926 815 3012 παντοδαποὺς,
832 2935 886 2999 καί
910 2945 975 3012 τοῖς
992 2936 1152 3025 σχήμασιν
1169 2935 1223 2999 καὶ
1239 2945 1304 3011 τοῖς
1321 2935 1494 3026 χρώμασιν,
1519 2933 1572 3000 καὶ
1597 2933 1736 3026 ρεόματα

186 3047 337 3126 ποταμῶν
362 3039 551 3129 άπρόσαπτα
576 3039 756 3132 ἀνθρώποις·
780 3042 833 3107 καί
852 3042 943 3119 τέλος
960 3040 1126 3131 ἀφικέσθαι
1150 3043 1189 3117 εἴς
1214 3067 1286 3107 τινα
1309 3053 1410 3133 χῶρον
1436 3043 1513 3132 ίερθν
1538 3052 1595 3117 τῆς
1619 3043 1735 3114 ἑστίας,

188 3146 221 3211 ὃν
244 3148 398 3237 περιέπειν
419 3141 581 3236 δαιμονίας
599 3139 756 3240 δυνάμεις,
773 3153 804 3216 ὲν
821 3161 977 3240 γυναικῶν
995 3162 1125 3241 μορφαῖς
1143 3151 1377 3240 ἀπεριηγήτοις·
1395 3153 1437 3225 είς
1454 3140 1487 3214 δὲ
1504 3153 1617 3214 ἐκεῖνον
1642 3149 1736 3211 αὐτόν

189 3256 244 3320 τὀν
267 3256 364 3320 τόπον
388 3255 442 3320 καί
459 3256 555 3322 ἄλλον
573 3256 737 3345 ἀφίκεσθαι
753 3256 925 3348 άνθρωπον,
942 3259 996 3324 καί
1013 3262 1127 3347 ἀμφοῖν
1144 3258 1204 3330 τήν
1223 3255 1323 3331 αὐτήν
1345 3255 1490 3347 γενέσθαι
1506 3254 1620 3344 φωνήν,
1638 3255 1737 3344 μένειν

189 3387 225 3428 τε
248 3369 366 3453 ήσυχῇ,
390 3364 444 3428 καί
468 3369 540 3454 ὁρᾶν
564 3363 606 3430 τά
630 3370 695 3430 ἐκεῖ
710 3364 826 3429 πάντα·
843 3366 897 3428 καὶ
914 3357 951 3437 δή
970 3367 1023 3431 καί
1040 3371 1112 3455 ὁριῖν
1130 3365 1223 3455 ἄμφω
1240 3363 1347 3454 ψυχῶν
1372 3370 1435 3430 ἐκεῖ
1458 3364 1601 3441 κολάσεις
1626 3364 1661 3429 τὲ
1684 3363 1739 3428 καί

150 3499 162 3534 ι
191 3472 314 3560 κρίσεις,
337 3471 393 3535 καί
415 3469 472 3547 τάς
496 3471 546 3536 ἀεί
569 3470 804 3563 καθαιρομένας,
829 3472 883 3537 καί
906 3471 962 3549 τάς
986 3473 1107 3538 τοότων
1131 3474 1317 3549 ἐπισκόπους
1341 3463 1517 3561 εὐμενίδας·
1541 3474 1660 3548 ἔπειτα,
1685 3495 1739 3536 κε-

190 3577 360 3653 λευσθῆναι
383 3581 569 3669 ἀποχωρεῖν,
594 3581 647 3645 καί
667 3579 937 3670 ἀποχωρήσαντας
963 3582 1132 3658 ἀλλήλους,
1149 3580 1350 3671 ἑπανέρεσθαι
1370 3581 1451 3654 τίνες
1475 3573 1544 3663 εἷεν,
1568 3579 1622 3644 καὶ
1645 3584 1738 3645 εἰπεῖν

192 3688 344 3763 ἀλλήλοις
367 3687 410 3752 τά
435 3691 585 3778 ὀνόματα,
603 3689 657 3754 καὶ
672 3686 729 3765 τάς
745 3680 910 3778 πατρίδας,
926 3690 981 3754 τάν
999 3688 1054 3779 μὲν
1072 3687 1207 3765 ’Λθήνας
1223 3689 1277 3751 καί
1294 3685 1490 3776 Κλεώνυμον,
1508 3687 1562 3752 τάν
1580 3677 1613 3753 δέ
1638 3695 1739 3777 Συρα-

192 3793 304 3871 κούσας
328 3793 382 3857 καὶ
405 3797 530 3874 Λυσίαν,
554 3795 609 3859 καί
632 3797 784 3871 ἀλλήλοις
807 3793 1110 3884 παρακελεύσασθαι·
1133 3787 1273 3872 ζητῆσαι
1292 3795 1417 3871 πάντως
1441 3793 1598 3883 ἑκάτερον,
1623 3793 1675 3859 ἐἀν
1699 3801 1740 3872 είς

192 3900 251 3971 τήν
277 3900 406 3991 θατέρου
430 3903 520 3967 πόλιν
546 3905 709 3992 ἀφίκηται,
734 3905 789 3970 τὸν
814 3907 868 3970 ἀπ’
894 3908 1013 3981 ἐκείνης
1037 3905 1232 3994 ὡρμημένον·
1255 3903 1308 3969 καί
1332 3901 1413 3994 μετά
1438 3903 1549 3994 χρόνον
1574 3907 1608 3968 οὐ
1631 3901 1740 3986 πολὺν,

193 4008 291 4074 ἐλθεῖν
317 4010 372 4099 μὲν
396 4005 551 4092 ’Λθήναζε
575 4013 629 4077 τὸν
654 4014 780 4098 Λυσίαν,
803 4012 957 4104 πόρρωθεν
975 4005 1008 4079 δὲ
1025 4014 1119 4077 αὑτὸν
1138 4003 1245 4077 ἰδόντα
1263 4013 1319 4077 τὸν
1344 4009 1542 4099 Κλεώνυμον,
1567 4005 1741 4084 ἀναθοῆσαι

194 4127 305 4182 τοῦτον
331 4111 408 4182 εἶναι
432 4119 486 4183 τὸν
511 4120 637 4203 Λυσίαν,
660 4121 714 4185 καί
736 4131 849 4187 τοῦτον
873 4121 1020 4198 ὡσαότως
1045 4121 1096 4187 ἐπί

195 4331 219 4397 f.
244 4334 286 4400 57
310 4337 384 4419 posi
404 4357 514 4402 versus
538 4338 576 4402 3:
600 4345 712 4400 τοῦτον
738 4330 816 4401 εἶναι
839 4336 927 4401 τδνὸ
949 4334 1113 4426 Κλεάρχου
1136 4333 1298 4424 λόγος...
1325 4331 1531 4422 [Ναυ]μάχιος
1555 4335 1571 4396 ὁ
1595 4329 1742 4421 Ἐπειρώ-

196 4463 264 4521 της,
290 4439 367 4530 ἀνὴρ
381 4491 387 4504 .
403 4491 429 4506 ..
455 4451 515 4519 πᾶς
529 4493 535 4506 .
550 4493 578 4507 ..
603 4468 669 4508 πων
686 4443 836 4534 γεγονώς·
860 4443 1051 4535 Πολύκριτον
1068 4443 1231 4534 ἀρχον[τα]
1251 4442 1496 4532 ἐπιφανέστατον
1513 4445 1673 4516 Αἰτωλῶν,
1689 4437 1744 4504 καί

231 4694 254 4767 ⁴)
271 4691 340 4748 Hne
351 4707 448 4764 neque
466 4689 642 4748 Holeienius
655 4690 686 4746 in
697 4690 753 4747 hee
769 4697 854 4764 perte
867 4709 944 4749 eom·
997 4707 1063 4746 rum
1076 4690 1173 4747 bonus
1185 4688 1291 4763 incipit
1302 4689 1428 4747 Proeliis
1444 4688 1587 4745 audacter
1605 4704 1743 4745 enarrare

196 4781 341 4850 moniarii,
361 4781 466 4838 vacuis
483 4780 514 4837 in
534 4781 704 4854 apographo
719 4782 752 4836 12
771 4779 860 4852 foliis,
873 4779 943 4837 fort.
997 4786 1063 4837 tum
1082 4787 1145 4837 tres
1162 4786 1296 4837 morinos
1314 4797 1351 4834 ex
1368 4780 1444 4837 Oreo
1457 4778 1553 4836 fuisse
1572 4777 1742 4848 ευεείειιίοε,

196 4879 232 4926 οε
250 4869 407 4940 sequentia
429 4869 674 4938 rescriberentur,
695 4886 771 4941 quae
793 4869 824 4925 in
842 4869 944 4927 codiee
998 4875 1063 4924 tum
1076 4869 1152 4925 alios
1165 4885 1260 4940 aeque
1272 4866 1432 4940 redivivos,
1444 4885 1479 4923 ne
1493 4866 1632 4924 similiter
1643 4865 1745 4922 hirun-

197 4975 257 5014 non
277 4963 437 5013 occurrunt
454 4957 514 5015 nisi
526 4957 557 5014 in
569 4957 619 5014 fel.
633 4959 675 5013 56.
689 4959 736 5014 An
752 4957 944 5015 Holsteninm
998 4957 1082 5014 dines
1102 4957 1132 5013 in
1155 4957 1252 5016 hieme
1277 4956 1422 5030 interimi,
1440 4957 1535 5030 primo
1555 4964 1656 5014 eutem
1674 4973 1744 5012 vere

198 5047 326 5104 fortasse
351 5045 466 5119 fugerit
487 5048 592 5119 series,
613 5053 696 5104 tanto
715 5053 830 5119 χάσματι
855 5047 946 5105 inter·
999 5066 1166 5121 resurgere,
1184 5049 1230 5106 uti
1249 5056 1281 5105 et
1299 5055 1462 5121 serpentes,
1475 5066 1511 5104 ιο
1530 5053 1649 5105 caetere
1667 5046 1746 5119 (ηὐε-

198 5143 300 5210 rupte,
320 5135 495 5208 ambiguum
514 5143 569 5194 est.
588 5137 704 5196 Exinde
722 5137 809 5196 nobie
827 5156 945 5211 quoqne
1000 5137 1068 5194 dem
1086 5137 1221 5195 furfuris.
1234 5137 1292 5194 Sed
1304 5154 1411 5211 operae
1425 5135 1563 5210 pretinm,
1576 5153 1673 5208 neque
1685 5133 1747 5190 ine·

198 5225 345 5284 immanes
362 5225 487 5283 leennne
506 5225 640 5283 hiabunt.
999 5235 1086 5301 ptum
1105 5233 1160 5301 est,
1179 5243 1215 5284 ee
1226 5245 1305 5284 nove
1318 5232 1455 5284 veiorum
1468 5224 1644 5298 scriptorum
1662 5223 1747 5282 testi·

235 5317 258 5388 ²)
271 5315 317 5372 Ex
327 5315 385 5372 fide
395 5314 552 5386 nugatorie
563 5315 828 5375 PseudeOleerehi
839 5319 869 5373 ei
878 5315 948 5373 elio·
1000 5317 1101 5374 monia
1120 5315 1271 5389 colligere.

343 5441 438 5500 Anne.
458 5456 486 5512 v,
503 5442 531 5496 2.
