4022 6072
281 534 333 598 102

896 523 1046 598 Sanetus
1065 523 1220 600 Basilius

281 721 338 786 περ
363 703 381 770 at
408 695 484 786 Ιριὼν
502 689 690 788 ὑδρορροῢοα
707 707 751 780 τῷ
769 699 962 786 ὑποκειμένῳ
987 710 1027 784 τῇ
1082 703 1348 787 quemadmodum
1364 703 1419 768 nix
1431 704 1471 770 eb
1484 726 1567 790 aqua
1583 703 1744 771 ambiente
1756 727 1832 772 oon·

281 814 336 867 τοῦ
361 805 448 897 ἀέρος
471 803 633 893 προσθήκῃ
659 804 757 876 λευκή
783 808 923 896 γίνεται,
948 807 1030 871 οὕτω

280 912 333 975 καί
357 907 442 999 ψυχή
468 911 525 987 τόις
551 912 681 1002 φυσικὰς
715 913 856 1003 ἀφορμὰς
888 924 928 998 τῇ
956 916 1031 998 βοη-

282 1017 350 1102 θείᾳ
371 1029 426 1084 τοῦ
444 1021 621 1110 πνεύματος
639 1016 871 1100 συναυξήσασα,
890 1016 962 1100 ἀξία
986 1024 1033 1114 pt-

281 1150 369 1192 νεται
392 1137 451 1204 τῆς
476 1121 641 1218 διδομένης
670 1141 736 1207 τοῖς
768 1133 864 1222 ἁγίοις
889 1129 1032 1219 λαμπρό-

283 1259 391 1313 τητος.

1086 814 1173 876 oreta
1196 809 1270 876 alba
1292 810 1331 876 fit
1354 832 1391 876 er
1414 833 1486 877 aere
1508 811 1628 893 addito,
1651 813 1697 877 ita
1712 812 1831 892 anime,

1085 940 1165 1003 quae
1178 918 1341 984 naturales
1353 940 1427 985 suos
1443 919 1608 1004 appetitus
1627 919 1744 984 auxilio
1761 917 1834 1003 Spi-

1085 1025 1167 1090 ritus
1190 1026 1343 1110 augescit,
1368 1025 1466 1111 digna
1493 1027 1531 1092 fit
1555 1026 1725 1112 splendore
1753 1049 1835 1112 quae

1085 1133 1205 1199 sanetis
1227 1133 1423 1200 conceditur.

329 1589 361 1633 v.
389 1567 438 1633 19.
464 1565 565 1628 Θυσία
589 1571 634 1648 τῷ
651 1567 721 1647 Θεῷ
738 1573 860 1652 πνεῦμα
884 1562 1156 1653 συντετριμμένον,
1179 1554 1308 1651 καρδίαν
1333 1563 1600 1653 συντετριμμένην
1618 1563 1671 1629 καὶ
1687 1587 1835 1631 τεταπει-

285 1673 426 1764 νωμένην
451 1677 466 1737 ὁ
487 1673 563 1748 Θεός
587 1676 643 1737 οὐκ
667 1664 876 1751 ἑξουδενώσει.

331 1783 535 1867 Sacrificium
560 1783 631 1851 Deo
653 1786 792 1867 spiritus
815 1782 1061 1862 contribulatus,
1086 1803 1141 1850 cor
1163 1785 1335 1850 contuitum
1367 1790 1397 1850 et
1419 1784 1626 1851 humitiatum
1653 1784 1746 1852 Deus
1768 1804 1834 1850 non

286 1891 451 1975 despiciet.

329 2103 428 2183 Οὗτος
445 2106 481 2172 ἃν
496 2100 575 2181 εἷκος
590 2106 858 2196 συντετριμμένην
876 2107 957 2197 ἔχων
975 2105 1035 2178 τὴν

288 2209 418 2307 καρδίαν
439 2217 494 2281 καί
508 2217 640 2292 ποιήσας
658 2215 758 2288 αὑτήν
777 2215 884 2280 θυσίαν
908 2218 965 2280 οὐκ
988 2209 1037 2292 ἐξ-

286 2316 501 2415 υυδενωμένην
517 2323 577 2389 tat
596 2327 717 2414 Κυρίου·
732 2322 781 2399 υθς
799 2314 833 2387 δὲ
850 2326 1035 2414 εόεφγετεῒό

290 2435 376 2518 Θεὸς,
392 2433 580 2522 βουλόμενος
594 2432 706 2507 αὐτοὺς
723 2435 753 2497 ἐν
770 2433 938 2504 καινότητι
955 2425 1037 2510 ζωῆς

287 2552 513 2630 περιπατῆσαι,
533 2533 688 2631 συντρίόει
710 2543 812 2604 αὐτῶν
829 2541 884 2605 τὸν
901 2540 1036 2604 παλαιόν

291 2648 462 2737 ἄνθρωπον,
480 2639 532 2713 διὰ
549 2659 644 2714 τοῦτο
662 2646 752 2713 θυσία
769 2657 814 2730 τῷ
832 2651 901 2729 Θεῷ
914 2654 1036 2733 πνεῦμα

292 2757 567 2847 συντετριμμένον·
579 2748 778 2845 συντρίόεται
792 2754 851 2846 γὰρ
865 2755 901 2819 τό
912 2766 1037 2844 πνεῦμα

289 2877 345 2930 τοῦ
370 2865 500 2954 κόσμου,
525 2867 562 2930 τὸ
587 2868 758 2955 ἐνεργῆσαν
782 2862 842 2935 τὴν
868 2866 1036 2954 ἁμαρτίαν,

289 2975 339 3036 ἵνα
363 2974 400 3037 τὸ
416 2971 498 3048 εόθὲς
516 2970 697 3062 ἐγκοιινισθῇ
715 2982 781 3046 τοῖς
800 2970 957 3060 ἐγκᾶτοις·
982 2971 1037 3034 καὶ

291 3071 338 3143 δεῖ
361 3078 420 3153 τήν
446 3079 664 3169 μεγαλόφρονα
687 3069 818 3166 καρδίαν
838 3083 959 3142 ἑαυτῶν
984 3077 1037 3141 καί

292 3178 433 3252 είδοῦσαν
459 3179 642 3276 συντρίθειν,
660 3189 708 3250 ἰ’να
725 3187 858 3277 γένηται
883 3185 973 3250 θυσία
991 3195 1037 3268 τῷ

290 3299 360 3378 Θεῷ
384 3300 404 3368 d
430 3297 616 3368 ταπείνωσις
634 3298 741 3370 αὐτῆς·
763 3303 887 3382 πνεῦμα
912 3284 945 3357 δέ
970 3317 1039 3356 συν-

290 3403 496 3494 τετριμμένον
520 3399 603 3492 ψυχή
632 3402 769 3493 τρυφερὰ
786 3401 839 3466 καὶ
858 3413 923 3478 τοῖς
948 3400 1037 3478 θείοις

290 3514 417 3578 είκουσοι
440 3512 558 3601 λόγοις.

1134 2109 1221 2175 Idem
1238 2131 1314 2175 sene
1331 2109 1429 2175 hebet
1445 2130 1499 2175 eor
1515 2110 1689 2176 contritum
1707 2114 1739 2175 et
1759 2109 1837 2176 feeit

1091 2214 1159 2282 Deo
1182 2216 1372 2282 sacrificium
1403 2239 1466 2282 non
1496 2217 1690 2302 despectum.
1714 2215 1836 2294 Quibus

1090 2324 1177 2390 Deus
1201 2325 1340 2410 gratiam
1357 2323 1443 2390 ultro
1459 2325 1614 2405 concedit,
1632 2329 1668 2390 ut
1691 2325 1724 2390 in
1746 2325 1836 2389 novi·

1090 2437 1158 2498 tete
1181 2432 1267 2498 vitae
1291 2432 1468 2512 ambulent,
1488 2433 1626 2499 conterit
1651 2453 1760 2498 eorum
1782 2454 1837 2497 ve·

1092 2543 1196 2604 terem
1221 2539 1390 2620 hominem,
1414 2539 1532 2606 ideireo
1556 2539 1745 2605 sacrificium
1769 2539 1837 2604 Deo

1091 2648 1225 2732 spiritus
1259 2647 1504 2714 contribulatus.
1536 2646 1623 2713 Nem
1658 2647 1835 2714 conteritur

1092 2756 1202 2822 mundi
1225 2756 1368 2840 spiritus,
1383 2756 1438 2840 qui
1454 2760 1606 2840 operatur
1621 2755 1836 2838 iniquitatem,

1091 2869 1129 2930 ut
1145 2864 1277 2948 spiritus
1294 2867 1401 2932 rectus
1416 2863 1587 2929 innovetur
1602 2863 1636 2928 in
1651 2862 1834 2928 visceribus.

1091 2971 1200 3057 Atque
1223 2993 1303 3056 opus
1327 2977 1375 3038 est
1398 2971 1603 3056 magnanimo
1623 2971 1726 3051 eorde,
1750 2969 1835 3055 quod

1092 3082 1171 3147 sciet
1194 3085 1367 3160 conterere,
1391 3084 1428 3145 ut
1450 3080 1508 3145 fiat
1538 3079 1643 3145 hostia
1669 3077 1738 3143 Deo
1769 3076 1837 3160 ejus

1092 3187 1282 3254 humiliatio.
1307 3185 1446 3271 Spiritus
1470 3189 1579 3252 eutem
1602 3182 1835 3251 contribulatus

1092 3303 1141 3364 est
1163 3298 1269 3364 anima
1290 3295 1427 3362 delicata
1442 3301 1473 3362 et
1490 3299 1616 3362 assuete
1633 3293 1747 3360 divinis
1770 3315 1838 3360 ser·

1093 3405 1250 3472 monibus.

923 3726 1122 3795 PSALMUS
1147 3727 1217 3795 LII.

338 3967 367 4010 v.
394 3946 423 4010 l.
447 3936 538 4008 Εἶπεν
563 3941 665 4034 ἄφρων
690 3946 721 4007 ἐν
745 3932 857 4031 καρδίᾳ
886 3943 1000 4006 αὐτοῦ·
1027 3943 1092 4005 ota
1116 3942 1184 4007 ἔστι
1213 3938 1299 4016 Θεός.
1325 3939 1504 4031 Διέφθειραν
1528 3939 1583 4006 καὶ
1606 3930 1840 4028 ἐθδελόχθησαν

293 4057 324 4118 ἑν
350 4054 503 4140 ἀνορέαις.

337 4163 438 4230 Dixit
460 4163 624 4244 iusipiens
641 4163 678 4228 ιἰι
694 4161 788 4229 eorde
803 4179 880 4227 saio:
897 4159 972 4227 Non
989 4167 1036 4228 est
1053 4160 1155 4227 Deus.
1176 4159 1332 4246 Correpti
1354 4166 1431 4228 suut
1453 4165 1482 4226 et
1506 4157 1738 4227 abominabiles
1759 4155 1842 4238 sacti

293 4277 370 4338 sum
392 4273 430 4337 in
453 4271 696 4353 iniquitatibus.

340 4485 372 4548 ‘u
396 4483 468 4574 περί
492 4481 550 4560 τὰς
574 4481 704 4560 ἐντολᾶς
728 4473 879 4574 διαφωνία
902 4483 1043 4576 κατηγό-

298 4617 384 4684 ρημα
408 4592 444 4657 ἂν
470 4593 516 4666 εἴη
535 4601 594 4666 τῆς
609 4601 665 4656 τοῦ
682 4597 763 4657 Θεοῦ
781 4592 935 4681 ἀρνήσεως
959 4590 1044 4656 κατὰ

293 4703 341 4766 τό·
366 4695 448 4767 εἶπεν
473 4699 593 4791 ἄφρων·
620 4703 685 4765 Οὐκ
709 4703 776 4766 ἔστι
803 4701 890 4777 Θεός.
917 4695 961 4765 Oi
985 4725 1044 4764 κα-

296 4807 394 4898 θάπερ
418 4835 450 4873 τι
468 4817 595 4896 σημεῖον
614 4809 667 4871 καὶ
681 4809 812 4898 ἔλεγχον
837 4807 971 4898 ἐπιφέρει
994 4808 1043 4871 τό·

296 4915 511 5006 Διεφθοίρησαν
529 4921 559 4981 ὲν
578 4917 728 5006 ἀνομίαις.
744 4918 896 5005 Σημαίνει
912 4915 973 5007 γὰρ
991 4907 1043 4982 διὰ

296 5023 418 5090 τοότων
443 5029 459 5087 ό
488 5025 583 5114 λόγος
607 5025 666 5096 τὴν
698 5027 854 5091 ἔκπτωσιν
886 5035 949 5091 τῶν
973 5027 1044 5116 περὶ

297 5139 376 5200 Θεοῦ
400 5143 510 5198 κοινῶν
534 5139 668 5211 ἐννοιῶν,
686 5135 810 5201 καὶτὸν
827 5129 963 5208 συσσεόῆ
989 5136 1044 5200 καί

296 5242 387 5308 ἄθεον
411 5243 563 5333 λογισμόν
581 5253 638 5319 τῆς
657 5242 899 5333 ἀνθρωπότητος
919 5243 1044 5320 ἁπάσης

296 5352 436 5444 πρὸτῆς
460 5361 515 5417 τοῦ
543 5358 687 5443 Σωτῆρος
711 5353 890 5441 ἐπιφανείας
914 5353 1044 5440 ἐπικρα-

1142 4484 1366 4551 Contradicere
1383 4482 1561 4570 praeceptis
1576 4486 1683 4566 potest
1699 4501 1768 4548 esse
1784 4480 1843 4548 ori·

1098 4617 1170 4660 men
1195 4594 1340 4679 ejusqui
1365 4592 1469 4660 Deum
1492 4595 1607 4677 negat,
1627 4593 1719 4676 juxta
1742 4590 1841 4657 illud:

1101 4706 1114 4736 ⁸
1129 4703 1220 4770 Dixit
1236 4702 1403 4787 insipiens:
1421 4699 1496 4767 Non
1509 4705 1558 4766 est
1571 4699 1657 4766 Deus
1672 4750 1697 4780 „.
1715 4699 1763 4766 De
1778 4721 1843 4783 qua

1098 4814 1264 4876 renotem
1287 4809 1378 4893 quasi
1401 4812 1435 4874 et
1450 4811 1676 4893 argumentum
1692 4807 1770 4872 dant
1793 4829 1843 4872 se·

1098 4918 1242 5002 quentia:
1260 4920 1271 4948 “
1286 4915 1436 4999 Correpti
1448 4919 1523 4980 sunt
1535 4915 1567 4979 in
1580 4912 1804 4997 iniquitatibus
1816 4961 1843 4991 ς.

1099 5026 1266 5112 Significat
1289 5025 1373 5090 enim
1396 5046 1499 5090 sermo
1514 5023 1565 5089 his
1588 5022 1693 5088 verbis
1717 5021 1844 5105 lapsum

1097 5131 1314 5200 communium
1337 5131 1377 5195 de
1392 5131 1461 5198 Deo
1478 5130 1664 5216 opinionum
1687 5131 1720 5195 et
1743 5126 1843 5192 ratio·

1098 5241 1217 5308 oinium
1239 5238 1375 5324 impium
1398 5243 1431 5304 et
1454 5238 1585 5304 atheum
1608 5237 1708 5302 totius
1731 5234 1844 5300 huma·

1097 5349 1226 5430 nitatis,
1250 5369 1331 5433 quae
1363 5351 1437 5413 ante
1468 5344 1646 5412 Salvatoris
1668 5344 1842 5410 adventum

1552 5630 1562 5659 t
