4006 6074
248 459 285 514 ει
686 447 826 539 Duplex
844 469 979 540 σοναςιο,
1008 469 1158 540 sursum,
1187 451 1354 524 deorsum.

250 613 336 686 οὐδὲν
362 619 553 709 θαυμαστόν,
578 619 714 696 πολλούς
730 614 807 684 εἶναι
824 618 895 694 τοὺς
912 618 982 684 καθ’
999 619 1131 686 ἕκαστον
1148 624 1336 710 ἐφεστῶτας,
1353 621 1372 694 ή
1391 621 1475 687 κατά
1494 620 1536 688 τά
1559 613 1626 696 εἴδη
1652 633 1710 699 τῆς
1734 634 1797 689 τῶν

250 726 357 818 ψυχῶν
382 722 463 808 ζωῆς
488 718 701 817 διῃρημένους,
725 726 744 798 ἢ
771 725 854 792 κατά
879 724 935 803 τάς
959 718 1106 816 διαφοράς
1130 737 1192 792 τῶν
1217 728 1322 794 τόπων
1339 731 1385 816 ἐφ’
1404 727 1453 804 οθς
1478 729 1617 822 ἄγουσιν,
1640 730 1660 803 ἢ
1687 734 1738 820 ἀφ’
1756 725 1798 796 ὧν

251 835 308 911 τάς
332 833 444 925 ψυχάς,
467 833 486 907 ή
512 835 597 901 κατά
620 834 661 898 τά
687 835 787 925 μέτρα
809 844 872 898 τῶν
888 826 1037 925 περιόδων
1056 826 1331 929 διατεταγμένους,
1357 836 1464 908 ήκατ’
1490 838 1592 911 άλλην
1616 832 1798 931 Ιεξοιλλαγήν

252 943 403 1017 τοιαύτην
427 943 724 1033 πεπληθυσμένους·
748 943 883 1008 ἑκάστου
909 933 942 1008 δὲ
965 941 1103 1020 πλήθους
1127 944 1186 1016 τήν
1210 944 1317 1018 κοινήν
1344 935 1426 1010 ἰδέαν
1450 945 1510 1017 τὴν
1538 947 1722 1037 χωρητικήν
1746 947 1801 1012 καί

214 1081 226 1121 ο
253 1043 538 1143 διαπορθμευτικθιν
562 1061 625 1116 τῶν
649 1048 756 1141 ψυχῶν
781 1056 835 1116 ἀπ’
861 1051 965 1116 ἀλλων
989 1051 1094 1117 τόπων
1120 1058 1161 1130 είς
1186 1053 1300 1129 ἄλλους
1325 1055 1466 1143 ἀμείνους
1489 1053 1509 1126 ή
1534 1056 1667 1145 χείρους,
1690 1055 1801 1144 χάσμα

252 1157 546 1250 προσαγορεύεσθαι,
570 1161 644 1247 μίαν
668 1150 828 1248 ὑποδοχήν
844 1159 867 1246 ¹)
891 1153 985 1224 ούσαν
1008 1170 1117 1224 πασῶν
1134 1169 1197 1225 τῶν
1214 1165 1250 1226 ἑκ
1273 1174 1327 1228 τοῦ
1345 1165 1440 1228 αὑτοῦ
1458 1167 1676 1253 στελλομένων
1701 1171 1741 1241 εἰς
1764 1165 1802 1229 τό

254 1266 343 1334 αύτό.
368 1268 429 1330 Καί
451 1265 512 1357 γάρ
535 1266 577 1331 τά
608 1267 763 1358 χάσματα
794 1259 892 1334 δίοδοί
922 1291 1001 1344 τινες
1026 1263 1104 1333 εἶναι
1127 1273 1266 1359 φιλοῦσιν
1290 1270 1309 1343 ή
1335 1262 1458 1337 ὑδάτων
1482 1273 1501 1344 ἢ
1530 1273 1736 1363 πνευμάτων,
1761 1268 1802 1338 ὧν

254 1366 404 1440 δύνανται
429 1366 584 1463 δέχεσθαι,
601 1375 656 1440 καί
673 1381 714 1451 εἰς
739 1375 840 1450 ἀλλην
856 1379 1079 1467 παραπέμπειν
1096 1377 1201 1467 χώραν
1219 1384 1258 1454 εἰς
1275 1379 1313 1444 τό
1334 1381 1421 1445 κάτω
1445 1391 1631 1471 χωροῦντος,
1655 1382 1674 1454 ἢ
1701 1388 1742 1457 είς
1766 1383 1803 1447 τό

255 1483 318 1549 ἀνω
340 1495 436 1550 τοῦτο
458 1483 569 1573 χάσμα
590 1495 772 1562 ποιοῦντος,
798 1485 899 1574 ὥσπερ
925 1486 1072 1576 εἴπομεν,
1095 1476 1209 1562 ὕδατος
1231 1487 1250 1558 ἢ
1276 1487 1472 1577 πνεύματος·
1498 1494 1525 1554 εἰ
1554 1481 1587 1554 δὲ
1611 1489 1664 1554 καί
1687 1490 1802 1574 όνταέ)

202 1617 228 1656 ιο
255 1595 366 1683 ἔχεται
389 1595 538 1668 ἀλλήλων
562 1593 616 1657 καί
639 1593 682 1658 τά
698 1594 761 1659 ἀνω
777 1594 832 1658 τὸν
850 1593 944 1659 αὐτόν
963 1593 1087 1684 τρόπον,
1105 1587 1201 1668 δῆλον
1220 1589 1305 1682 οἶμαι
1329 1596 1383 1660 καὶ
1406 1600 1441 1662 ἐκ
1461 1595 1660 1683 τούτων,,ὅτι
1682 1597 1725 1662 τά
1749 1597 1805 1687 μέν

257 1705 341 1766 ἐστιν
367 1702 520 1777 ἀλλήλοις
537 1711 672 1792 συγγενῆ
692 1704 824 1790 μᾶλλον,
843 1706 882 1779 ὡς
898 1701 1106 1780 πλουτώνεια,
1123 1701 1164 1767 τά
1182 1693 1216 1768 δὲ
1237 1705 1388 1780 ἀλλήλοις
1404 1709 1444 1781 ὡς
1469 1696 1542 1782 δίῖα,
1567 1706 1621 1770 καί
1643 1704 1681 1770 τό
1705 1705 1806 1770 κοινόν

257 1820 387 1898 σημεῖον
412 1799 507 1882 δηλοῖ
528 1807 589 1881 τήν
613 1811 633 1872 ἀ
648 1860 747 1877 .....

258 2028 282 2094 f.
302 2029 318 2093 l
337 2051 366 2094 v.
386 2027 501 2094 lacuna
527 2030 545 2094 7
569 2049 667 2094 νοτες
685 2036 863 2094 κοινῶν...
887 2025 956 2116 περί
971 2026 1025 2092 τὀν
1044 2029 1146 2092 αὐτῶν
1160 2080 1166 2096 .
1182 2080 1212 2096 ..
1236 2037 1363 2098 νῶν...
1387 2029 1543 2118 ἑπομένων
1573 2033 1674 2095 αὐτῶν
1698 2040 1807 2120 χωρῶν

260 2159 385 2224 μεν...
410 2134 482 2201 ἀντὶ
506 2135 559 2199 καί
583 2137 614 2200 ἐν
638 2145 704 2211 τοῖς
727 2133 887 2225 ἑπομένοις
912 2132 1101 2223 ἀκούσαιμεν
1125 2135 1338 2225 περὶτούτων
1370 2137 1480 2225 σαφές·
1504 2137 1601 2203 ἔοικεν
1632 2129 1665 2202 δὲ
1694 2137 1748 2202 καί
1771 2138 1809 2202 τό

207 2259 232 2298 ¹⁵
260 2245 333 2309 ὅλον
358 2255 468 2334 σχῆμα
493 2253 555 2308 τῶν
588 2243 763 2332 χασμάτων
786 2241 896 2332 χιάς3)
922 2241 1110 2331 μιμούμενον
1144 2243 1285 2332 μάλιστα
1315 2245 1484 2330 προσήκειν
1512 2241 1625 2334 ψυχαῖς
1657 2249 1690 2311 ού
1715 2245 1809 2333 μόνον

261 2362 330 2427 ταῖς
347 2361 499 2441 μερικαῖς,
515 2347 599 2415 ἀλλά
615 2351 669 2414 καί
692 2349 826 2426 ἀπάσαις
850 2353 967 2425 ἀπλῶς.
986 2349 1027 2415 ‘0
1045 2351 1099 2415 καί
1117 2352 1172 2416 τόν
1190 2353 1322 2440 Τίμαιον
1340 2343 1455 2426 δηλοῦν
1465 2352 1501 2436 4)·
1529 2350 1592 2418 “”0
1608 2354 1639 2443 γ’
1656 2346 1708 2418 οὖν
1731 2357 1807 2442 παρ’

262 2463 347 2542 αύτῷ
373 2450 572 2551 δημιουργός,
597 2459 707 2547 σχίσας
724 2456 783 2529 τήν
802 2460 875 2548 μίαν
893 2456 1011 2524 εύθεῖαν
1026 2469 1089 2524 τῶν
1107 2457 1243 2549 ἀριθμῶν
1268 2468 1331 2524 τῶν
1356 2463 1540 2549 ἁρμονικῶν,
1564 2461 1619 2526 καί
1642 2451 1696 2526 δύο
1719 2460 1812 2532 ποιή-

207 2575 208 2578 ’
263 2593 328 2645 σας,
350 2563 487 2654 συνάψας
512 2564 608 2641 αύτάς
632 2565 716 2632 κατά
741 2565 847 2656 μέσας,
873 2563 935 2632 οἷον
957 2552 1000 2631 ῙΙ
1023 2577 1121 2631 ποιεῖν
1144 2569 1283 2658 λέγεται,
1307 2577 1419 2633 τοῦτον
1443 2579 1632 2658 χαρακτῆρα
1655 2579 1696 2654 τῇ
1723 2569 1812 2650 ούσίορ

263 2686 325 2741 τῶν
349 2672 455 2765 ψυχῶν
481 2667 643 2766 ἐγκάρδιον
667 2673 773 2758 ἐνθείς,
789 2675 893 2751 πάσης
909 2665 987 2739 ίδιον
1004 2675 1081 2739 όντα
1098 2673 1209 2764 ψυχῆς·
1229 2676 1327 2739 αἴτιον
1345 2665 1388 2758 δέ,
1413 2676 1463 2740 ὅτι
1486 2674 1540 2740 καί
1563 2681 1582 2745 ή
1609 2675 1723 2766 ἀρχικὴ
1749 2685 1812 2739 τῶν

207 2814 235 2852 ιι
262 2783 369 2874 ψυχῶν
393 2796 439 2858 -ζ-
462 2783 569 2873 μονάς,
585 2788 620 2848 ἐκ
643 2783 794 2848 τοιούτων
818 2780 857 2858 ἧν
875 2782 1078 2873 Χίασμάτων,
1095 2787 1167 2858 ῶςό
1188 2781 1356 2872 χαρακτήρ
1373 2787 1469 2859 αὐτῆς
1487 2775 1687 2872 διασημαίνει
1700 2836 1725 2866 ,.
1752 2783 1812 2848 Καί

263 2892 368 2959 ούκέτι
391 2902 494 2957 ταῦτα
518 2891 696 2969 Πλάτωνος,
721 2883 792 2956 ούδὲ
815 2893 948 2981 Τιμαίου
971 2890 1062 2983 λόγοι
1085 2892 1179 2968 τινός,
1203 2889 1288 2955 ἀλλά
1311 2888 1464 2980 θεουργῶν
1490 2891 1543 2955 καί
1564 2890 1641 2958 θεῶν
1666 2890 1814 2983 ἄγνωστα

263 3000 458 3093 γραφόντων·
476 3000 529 3064 καί
546 3001 631 3076 ὅστις
649 2999 811 3090 ἱστόρησεν
829 2999 867 3064 τό
883 2999 1035 3089 πτέρωμα
1052 3009 1110 3075 τῆς
1128 3001 1258 3088 ἀρχικῆς
1275 2993 1388 3086 ψυχῆς,
1404 2989 1483 3064 οἶδεν
1502 2996 1517 3064 ὅ
1534 2998 1629 3092 λέγω.
1647 3007 1694 3086 Τῇ
1716 2991 1743 3064 δ’
1760 2993 1813 3064 ούν

264 3103 328 3194 ζωῇ
353 3118 394 3192 τῇ
421 3103 537 3196 ψυχικῇ
563 3109 618 3171 τόν
641 3117 698 3172 τοῦ
722 3095 764 3173 ᾖ
787 3117 976 3198 χαρακτῆρα
999 3107 1054 3172 καί
1077 3110 1093 3171 ὁ
1116 3108 1247 3194 Τίμαιος
1271 3109 1395 3181 ἀνῆκεν·
1421 3110 1492 3171 ἀλλ’
1516 3111 1536 3180 ἡ
1564 3105 1619 3195 μὲν
1643 3108 1700 3180 ὅλη
1727 3104 1811 3196 ψυχή

265 3216 318 3281 καί
340 3225 427 3280 παῖσα
451 3221 470 3288 ή
496 3216 646 3304 κρείττων
671 3220 760 3303 ήμῶν
789 3219 906 3306 ἐνεργεῖ
927 3215 982 3280 καὶ
1005 3213 1089 3280 κατά
1113 3223 1226 3280 τοῦτον
1252 3215 1301 3279 ἀεὶ
1323 3215 1379 3281 τόν
1409 3224 1598 3306 χαρακτῆρα
1628 3207 1814 3306 ζωογονικόν

211 3351 239 3390 ιι
266 3323 354 3404 ὄντα,
378 3321 433 3386 καί
455 3320 541 3386 κατά
563 3321 635 3398 τοὺς
660 3314 714 3386 δύο
731 3321 864 3398 κύκλους
879 3321 1000 3413 νοερούς
1016 3323 1119 3399 όντας·
1137 3327 1156 3396 ή
1176 3313 1209 3387 δὲ
1232 3323 1381 3412 ήμετέρα,
1397 3323 1491 3412 χωρίς
1515 3321 1570 3413 μὲν
1594 3321 1665 3387 κατ’
1689 3326 1815 3405 ἐκεῖνον,

266 3432 359 3522 χωρὶς
384 3422 417 3496 δὲ
440 3427 525 3495 κατά
540 3428 613 3506 τούς
633 3433 663 3496 ἐν
682 3433 761 3516 αὐτῇ
780 3431 923 3507 κύκλους·
942 3429 1021 3509 ὅθεν,
1039 3425 1136 3520 οἶμαι,
1152 3431 1206 3494 καί
1222 3441 1272 3495 νῦν
1290 3431 1327 3496 τό
1345 3433 1467 3520 χίασμα
1482 3432 1699 3521 παρειληπται
1724 3431 1816 3522 μόνον

267 3537 324 3615 τάς
347 3531 481 3615 ζωτικάς
505 3539 641 3615 κινήσεις
664 3547 727 3603 τῶν
752 3536 858 3629 ψυχῶν
883 3529 1114 3628 ὑποδεχόμενον
1140 3537 1203 3604 ἄνω
1225 3561 1262 3603 τε
1286 3539 1341 3603 καί
1363 3537 1541 3623 κάτω,-καί
1564 3532 1603 3601 αὖ
1627 3537 1690 3604 ἄνω

268 3756 292 3822 f.
310 3759 329 3821 2
347 3755 407 3822 lac.
424 3757 444 3821 6
461 3778 543 3835 vers,
560 3778 641 3840 quae
657 3756 703 3821 sic
723 3777 816 3840 posse
832 3755 960 3840 impleri
975 3755 1105 3820 videtur
1126 3776 1166 3820 ex
1181 3754 1252 3820 loco
1267 3753 1476 3838 Reipublicae
1491 3777 1589 3839 supra
1605 3754 1761 3839 rescripto
1773 3754 1818 3836 ⁵3:

272 3861 342 3952 [Ούς
365 3851 472 3932 ἐπειδὴ
499 3850 722 3939 διαδικάσειαν,
745 3859 817 3937 τοὺς
836 3858 891 3948 μὲν
909 3849 1046 3936 δικαίους
1063 3858 1199 3925 κελεύειν
1216 3858 1413 3950 πορεύεσθαι]
1433 3859 1492 3932 τὴν
1514 3865 1556 3936 είς
1580 3853 1683 3939 δεξιάν
1707 3885 1743 3926 τε
1766 3861 1819 3924 καί

214 3992 242 4030 ιο
270 3969 333 4034 ἄνω
358 3959 410 4034 διά
433 3980 488 4036 τοῦ
516 3971 679 4059 [ούρα]νοῦ,
705 3979 820 4056 σημεῖα
843 3966 1057 4058 περιάψαντας
1079 3977 1143 4033 τῶν
1164 3958 1418 4058 [δεδικασμέ]νων
1442 3972 1473 4034 ἐν
1496 3979 1542 4053 τῷ
1565 3970 1710 4061 πρόσθεν,
1738 3968 1819 4054 [τούς

271 4069 305 4142 δὲ
328 4067 453 4152 ἀδίκους
477 4075 540 4150 τήν
562 4083 603 4154 είς
628 4076 792 4167 ἀριστεράν
817 4101 852 4142 τε
868 4076 922 4140 καὶ
939 4075 1038 4161 κάτω,
1055 4077 1186 4166 ἔχοντας
1202 4076 1255 4142 καί
1271 4077 1401 4154 τούτους
1418 4082 1449 4142 ἐν
1472 4087 1518 4160 τῷ
1542 4077 1665 4144 ὄπισθεν
1690 4081 1817 4166 σημεῖα]

271 4186 398 4252 πάντων
422 4179 463 4250 ὧν
488 4177 633 4276 ἔπραξαν.
651 4186 686 4250 ‘H
704 4186 758 4276 μὲν
776 4177 956 4252 διαδικασία
971 4196 1034 4250 τῶν
1055 4177 1212 4252 δικαστῶν
1228 4187 1296 4253 ἐστί
1312 4186 1407 4276 κρίσις
1423 4177 1602 4270 πολυειδὴς,
1620 4178 1818 4278 διαιρουμένη

272 4294 342 4385 περί
365 4292 422 4370 τάς
447 4293 639 4382 μετεχούσας
663 4297 766 4358 αύτῶν
790 4290 905 4384 ψυχάς·
932 4301 971 4372 ὡς
995 4294 1055 4386 γάρ
1080 4296 1169 4360 αύτοί
1190 4295 1261 4384 περί
1287 4294 1347 4366 τὴν
1379 4286 1469 4368 δίκην
1495 4289 1674 4386 μερίζονται
1699 4286 1835 4384 μονάδα

274 4394 460 4475 δικαστικήν
485 4395 589 4488 οὖσαν,
612 4411 706 4468 πᾶσιν
730 4402 857 4468 τὸκατ’
875 4396 965 4480 ἀξίαν
983 4402 1209 4492 ἀπονέμουσαν,
1226 4402 1314 4479 θεοῖς,
1333 4395 1487 4490 δαίμοσιν,
1502 4410 1626 4492 ψυχαῖς,
1644 4400 1820 4478 ἀθανάτοις,

219 4532 246 4570 ιι
275 4508 404 4585 θνηταῖς
428 4508 563 4599 φύσεσιν,
588 4509 739 4599 σώμασιν·
763 4501 851 4576 οὐδὲν
875 4510 934 4601 γάρ
960 4503 1017 4588 ἔξω
1035 4501 1168 4574 δύναται
1183 4521 1241 4587 τῆς
1259 4513 1334 4586 ὅλης
1351 4501 1440 4586 δίκης
1456 4521 1574 4596 πεσεῖν,
1599 4511 1680 4575 ούτω
1705 4502 1743 4582 δή
1769 4509 1823 4573 καί

277 4622 309 4682 αί
332 4614 431 4707 ψυχαί
454 4607 649 4706 διῃρημένως
671 4607 881 4706 ὑποδέχονται
904 4615 963 4687 τήν
989 4619 1042 4682 ἀπ’
1060 4620 1162 4681 αύτῶν
1179 4619 1287 4709 κρίσιν·
1306 4619 1387 4682 ὥστε
1408 4616 1465 4693 τάς
1490 4616 1545 4707 μὲν
1570 4615 1686 4699 ἄλλων,
1709 4612 1766 4690 τάς
1791 4606 1824 4679 δὲ

276 4724 381 4790 ἄλλων
399 4725 519 4816 μέτρων
536 4723 715 4814 τυγχάνειν,
731 4725 855 4789 ἐκείνων
874 4725 1024 4800 ἀλλήλοις
1041 4727 1354 4815 όμογνωμονοῦντων,
1371 4725 1425 4790 καί
1440 4722 1512 4790 καθ’
1529 4723 1582 4790 ἕνα
1603 4733 1671 4789 νοῦν
1688 4739 1729 4797 -:÷
1744 4727 1824 4813 ένερ-

317 4921 339 4994 ¹)
357 4923 453 4994 Supra
471 4919 521 4976 lin.
541 4921 683 4992 ύπιρδσχήν.
1080 4921 1176 4992 φωλεῷ,
1196 4935 1251 4973 nec
1269 4915 1382 4989 legitur
1401 4919 1449 4971 τῶν
1470 4919 1580 4988 φωλεῶν.

316 5011 340 5085 ²)
359 5011 394 5067 In
407 5010 542 5084 margine
555 5014 676 5066 notatur
688 5008 790 5083 potius
802 5027 891 5082 quam
904 5007 1026 5065 additur
1113 5008 1136 5081 ⁴)
1156 5007 1290 5064 Platonis
1307 5006 1374 5062 Ιυοε
1392 5005 1464 5062 alibi
1483 5004 1661 5077 seliguntur.

281 5109 311 5154 τι
330 5105 399 5154 κάτω
419 5105 542 5170 χάσματα
560 5101 609 5153 δύο.
1115 5098 1139 5170 ⁵)
1159 5094 1228 5154 eod.
1242 5099 1357 5169 partem
1375 5094 1432 5151 Ιοοί
1448 5101 1568 5150 tantum
1578 5093 1694 5167 habuit,
1706 5091 1826 5150 omissis

316 5189 341 5263 ³)
352 5191 390 5246 In
401 5189 536 5262 margIne
549 5207 639 5262 aegre
650 5189 778 5262 legitur:
791 5193 873 5259 χιιὰίι
892 5193 1026 5252 κατάδυσις
1079 5205 1156 5260 φησιν
1174 5185 1290 5242 uncinis
1302 5185 1413 5241 releota
1426 5189 1504 5254 sunt,
1518 5190 1587 5257 post
1598 5188 1707 5255 πρόσθεν,
1722 5182 1826 5239 statim

280 5283 330 5332 τῶν
350 5279 427 5351 ὄφεων
441 5285 484 5332 καί
497 5280 647 5351 δρακόντων,
662 5282 694 5342 ὡς
710 5284 735 5333 δέ
749 5283 846 5352 δράκων
860 5277 900 5332 ίπί
919 5283 976 5351 χιιᾷ
989 5281 1025 5350 τῷ
1080 5275 1230 5350 sequitur:
1250 5276 1293 5337 ἕως
1313 5279 1412 5330 πάντων
1433 5272 1465 5329 ὧν
1485 5275 1601 5346 ίπραξαν.
