3944 6074
701 559 865 634 Melissae
883 559 1069 654 colophone.
1613 572 1665 628 185

122 735 148 800 ἐν
172 744 371 825 γυμναστικῇ
390 735 444 823 μὲν
466 733 679 825 θρέψ[αντων],
705 747 854 823 μουσικῆς
880 728 912 800 δέ
930 735 1310 823 άμελησάντων·,ταότην
1336 727 1387 823 [δὲ
1411 733 1449 823 ή]
1475 747 1538 801 τῶν
1563 749 1664 826 σοφῶν

122 845 277 932 ἀρχόντων
303 853 357 907 τοῦ
382 853 487 930 καιροῦ
512 853 567 907 τοῦ
594 833 750 931 [δέοντος]
777 847 818 917 εἰς
846 843 917 918 τοὺς
942 843 1061 934 γάμους
1086 842 1264 931 παρόρασις,
1289 845 1323 905 οῦ
1347 843 1428 906 πάνυ
1453 846 1666 933 γεήννήμασα

122 949 305 1038 φυλακικοὺς
323 941 445 1038 ἄνδρας,
462 953 604 1038 λογισμῷ
623 949 711 1039 [μὲν]
730 949 897 1038 χρωμένων
914 952 1034 1014 ἐκείνων
1053 949 1121 1037 μετ’
1142 951 1320 1027 αἰσθήσεως,
1339 963 1395 1027 τῆς
1415 945 1458 1038 [δε
1482 953 1666 1036 αἰήσθήσεως

121 1063 148 1124 ἐν
172 1069 211 1143 τῇ
238 1057 348 1147 θεωρίᾳ
373 1069 425 1122 τοῦ
451 1069 556 1148 καιροῦ
581 1059 618 1121 τό
644 1059 899 1147 ἀπαραλόγιστον
924 1056 966 1144 μή
994 1058 1136 1146 ἐχοόσης.
1161 1063 1217 1120 Ἰἐκ
1242 1052 1278 1131 δή
1305 1059 1426 1123 τούτων
1453 1063 1590 1149 φανερόν,
1616 1063 1667 1124 ὅτι

86 1195 97 1229 ε
122 1167 177 1238 τήν
203 1170 355 1257 μεγίστην
381 1168 446 1255 ἔχει
471 1158 599 1254 δύναμιν
625 1171 640 1229 ὁ
665 1167 769 1254 καιρός
795 1171 836 1240 εἰς
854 1166 890 1228 τό
907 1165 1034 1230 λόεσθαι
1051 1165 1110 1235 τήν
1133 1168 1263 1253 ἀρίστην
1287 1170 1460 1230 πολιτείαν·
1485 1170 1574 1232 ἔσται
1600 1161 1666 1258 [δέ]

122 1274 216 1359 οὗτος,
231 1275 263 1340 ὃν
280 1267 417 1363 ἀφορίζει
431 1283 486 1338 τοῦ
500 1274 618 1361 κόσμου
631 1275 747 1348 παντὸς
763 1279 782 1344 ή
802 1264 940 1362 περίοδος
958 1279 998 1346 εἰς
1015 1272 1074 1344 τήν
1092 1272 1341 1363 κατωρθωμένην
1354 1275 1376 1358 ¹)
1393 1285 1455 1340 τῶν
1469 1277 1665 1365 πραγμάτων

122 1386 247 1476 γένεσιν·
263 1381 363 1469 ἐπεὶέ)
381 1391 442 1447 πᾶν
460 1381 514 1469 μὲν
533 1383 569 1446 τὸ
586 1381 769 1472 γιγνόμενον
787 1384 818 1446 ἐν
834 1381 936 1470 χρόνῳ
953 1383 1086 1472 γίνεται·
1104 1380 1188 1446 κατά
1207 1384 1312 1472 καιρόν
1328 1376 1361 1449 δέ
1374 1387 1408 1448 οό
1421 1392 1494 1462 πᾶν,
1507 1385 1577 1449 ἀλλ’
1592 1387 1667 1475 ὅπερ

123 1494 155 1558 άν
181 1496 281 1581 μέλλῃ
307 1503 362 1556 τοῦ
387 1491 505 1583 ἀγαθοῦ
521 1491 545 1574 ³)
570 1491 738 1580 τυγχάνειν
757 1491 810 1555 καὶ
826 1501 883 1566 τῆς
901 1493 1013 1566 οἰκείας
1030 1491 1244 1574 τελειότητος,
1261 1493 1313 1555 καί
1331 1493 1433 1580 ταύτῃ
1453 1485 1588 1584 διαφέρει
1612 1503 1667 1558 τοῦ
1745 1535 1750 1543 -

123 1603 218 1666 ἄλλον
242 1601 354 1691 χρόνου
378 1600 496 1676 παντός
521 1605 536 1663 ό
560 1601 675 1686 καιρός.

859 1815 933 1878 Mo‘.

74 2051 97 2087 ιο
166 2029 231 2102 Τήν
255 2031 329 2119 πρός
352 2027 409 2105 τάς
434 2029 555 2105 Μοῦσας
580 2041 635 2094 τοῦ
652 2041 818 2101 ποιητικοῦ
835 2031 940 2121 γένους
959 2031 1139 2101 οἰκειότητα
1158 2031 1211 2093 καί
1230 2026 1319 2106 οὗτος
1344 2036 1359 2094 ὁ
1384 2031 1478 2120 λόγος
1502 2021 1669 2112 ἐδήλωσεν,

123 2133 291 2228 ἀρξάμενός
315 2163 351 2203 τε
375 2141 410 2202 ἐκ
427 2148 483 2212 τῆς
502 2139 674 2227 Ὁμηρικῆς
699 2140 902 2213 ἐπικλήσεως,
920 2135 998 2212 ὅπως
1024 2129 1204 2228 δήπρῶτον
1231 2139 1339 2214 στάσις
1364 2135 1429 2224 ἐνῇ
1451 2137 1592 2226 ἐπεσεν*)
1617 2137 1670 2201 καί

124 2247 313 2320 τελευτήσας
328 2251 368 2321 εἰς
381 2245 441 2318 τήν
459 2246 632 2335 Ὁμηρικήν
650 2249 818 2336 ἐπίροησιν·
836 2249 955 2324 ταύτης
972 2272 1021 2311 τοι
1038 2257 1158 2336 γενεῆς,
1176 2246 1235 2336 χρή
1257 2247 1350 2335 φάναι
1367 2241 1442 2312 εἶναι
1456 2245 1576 2326 στάσιν,
1590 2248 1667 2310 ὅπου

125 2357 159 2419 ἀν
184 2379 323 2446 γινηται,
340 2353 398 2426 τήν
417 2355 631 2441 ἀνομοιότητα
656 2346 756 2426 δήπου
780 2357 881 2442 λέγων
898 2365 955 2430 τῆς
973 2354 1110 2430 στάσεως
1128 2349 1225 2444 ῥ’ζαν,
1242 2354 1294 2418 καὶ
1311 2358 1341 2418 ἐν
1359 2353 1414 2442 μὲν
1439 2365 1479 2439 τῇ
1505 2356 1666 2427 ἐπικλήσει

124 2474 184 2526 τῶν
210 2469 336 2526 Μουσῶν
361 2466 399 2526 τό
424 2454 502 2538 εἶδος
521 2467 618 2537 αὐτῆς
634 2455 855 2551 ἐνδειξάμενος,
873 2466 922 2528 ότι
940 2455 1125 2554 διαιρετικόν
1142 2463 1195 2526 καὶ
1216 2461 1395 2552 φθαρτικόν,
1419 2463 1522 2552 ὥσπερ
1547 2464 1583 2526 τό
1607 2472 1666 2552 πῦρ

74 2585 97 2621 ¹⁵
125 2573 358 2635 καταναλίσκον
383 2579 444 2634 πᾶν
469 2572 506 2634 τὸ
529 2572 716 2660 προστυχόν·
733 2575 763 2634 ἐν
782 2562 815 2636 δέ
832 2583 872 2656 τῆ
891 2573 1057 2661 ἐπιρρήσει,
1081 2571 1140 2642 τήν
1166 2573 1284 2656 αἱτίήαν
1310 2573 1378 2654 (fol.
1407 2574 1468 2637 109
1493 2577 1537 2653 v.)
1557 2571 1605 2658 ἀφ’
1632 2565 1668 2644 ἧς

123 2681 293 2768 ὑφίσταται
316 2679 354 2742 τό
377 2687 435 2751 τῆς
460 2679 686 2766 ἀνομοιότητος
710 2688 773 2742 τῶν
798 2678 882 2753 ῆθῶν
906 2679 1003 2769 γένος.

864 2999 936 3062 offl'.

172 3219 197 3278 Τ
199 3214 266 3288 ελος
291 3213 358 3278 ἐστὶ
381 3223 438 3288 τῆς
457 3214 585 3302 ἀρίστης
600 3215 761 3288 πολιτείας
778 3218 797 3284 ἠ
817 3213 932 3296 ένωσις,
950 3215 1052 3302 ὥσπερ
1070 3203 1107 3284 δή
1127 3213 1252 3276 καὶτοῦ
1269 3212 1387 3299 κόσμου
1408 3221 1465 3286 τῆς
1483 3209 1674 3298 συστάσε]ως

126 3321 181 3386 καί
203 3322 261 3409 πρὸ
284 3313 378 3386 τοῦδε
397 3331 452 3384 τοῦ
477 3321 595 3408 κόσμου
615 3321 668 3409 [τό
686 3321 726 3384 ἐ’ν·
743 3319 811 3406 καί]
830 3321 889 3408 γάρ
914 3326 932 3391 ή
959 3323 1108 3408 ὁμοιότης
1127 3331 1184 3394 τῆς
1203 3329 1256 3383 τοῦ
1281 3322 1346 3393 ἑνός
1370 3318 1438 3383 ἐστί
1464 3320 1673 3408 [συστοιχίαςι

128 3421 176 3493 διὸ
200 3427 268 3515 καὶ]
293 3429 399 3494 πάντα
423 3427 465 3492 τά
488 3429 638 3518 προϊόντα
663 3419 701 3489 δι’
728 3428 932 3516 [ὁμοιότητος
959 3427 1035 3514 ἀπό]
1061 3437 1123 3491 τῶν
1143 3431 1262 3491 οἰκείων
1287 3432 1395 3490 αἰτιῶν
1419 3427 1608 3517 παράγεται,
1621 3427 1676 3490 καὶ

71 3563 98 3599 ιο
130 3536 268 3627 [πάντα]
288 3536 328 3602 τά
346 3537 573 3626 ἐπιστρέφοντα
590 3538 664 3625 πρός
681 3533 737 3610 τάς
756 3533 853 3625 ἀρχάς
870 3525 908 3596 δι’
926 3538 1139 3623 όίμειότητος]
1158 3535 1342 3624 ἐπιστρέφει,
1358 3533 1445 3617 πόθῳ
1462 3546 1516 3598 τοῦ
1533 3537 1613 3610 ἑνός·
1637 3535 1675 3597 τό

127 3645 188 3736 γάρ
214 3646 260 3735 [ἐν
286 3644 348 3731 τῷ]
373 3645 417 3708 ἐνὶ
442 3655 544 3732 μεῖναι
570 3643 611 3732 μὴ
640 3634 779 3727 δυνηθὲν,
798 3643 835 3706 τό
852 3645 958 3730 ὅμοιον
976 3649 1015 3716 ῶς
1033 3643 1178 3733 συγγενὲς
1197 3638 1373 3718 ἀσπάζεται
1396 3643 1469 3730 πρός
1494 3645 1531 3706 τό
1555 3643 1595 3706 ἕν·
1620 3643 1674 3705 καὶ

127 3761 147 3826 ή
168 3755 298 3842 ἁρμονία
312 3744 345 3817 δὲ
360 3755 415 3840 [κα
423 3751 474 3839 ὶ]ό
490 3751 601 3842 ῥυθμός
618 3744 656 3814 δι’
672 3755 859 3840 ὁμοιότητος
876 3754 999 3839 ἔχουσιν
1014 3753 1071 3822 τήν
1085 3745 1224 3840 ὕπαρξιν,
1239 3744 1280 3813 ὧν
1295 3756 1327 3813 αί
1344 3744 1462 3814 Μοῦσαι
1478 3759 1674 3839 προεστῶσιν·

128 3862 196 3926 ὅθεν
222 3854 260 3932 δή
279 3862 333 3924 καί
349 3864 383 3924 οὐ
399 3860 513 3935 πάντες
530 3863 619 3950 λόγοι
638 3858 767 3950 ῥυθμοὺς
784 3871 922 3924 ποιοῦσιν
940 3859 958 3932 ή
978 3861 1134 3946 ἁρμονίας,
1152 3862 1223 3921 ἀλλ’
1241 3863 1269 3920 οί
1293 3869 1350 3933 τῆς
1375 3859 1564 3946 ὁμοιότητος
1589 3859 1674 3932 ὄντες

40 3997 41 4002 “
128 3969 284 4056 ἑπιμόριοι
307 3968 361 4031 καὶ
375 3969 619 4032 πολλαπλάσιοι·
636 3968 675 4032 τό
694 3960 726 4032 δέ
742 3959 929 4056 πολυσχιδές
947 3977 1008 4032 τῶν
1026 3967 1130 4031 ἀλλων
1151 3967 1253 4056 λόγων
1278 3967 1332 4030 καὶ
1355 3965 1584 4031 πολυσόνθετόν
1609 3971 1677 4030 ἐστι

70 4103 98 4139 ιε
129 4087 192 4139 τῶν
218 4086 373 4164 μουσικῶν
398 4076 500 4164 λόγων
527 4077 709 4164 ἀλλότριον·
733 4077 890 4164 ἑπομένως
915 4075 973 4164 ἀρα
998 4085 1066 4150 ταῖς
1091 4079 1209 4138 ἑαυτῶν
1235 4075 1399 4163 ἐνεργείαις
1426 4079 1457 4136 αἱ
1482 4079 1599 4138 Μοῦσαι
1624 4075 1677 4137 καί

128 4195 194 4258 τοῖς
220 4175 337 4273 δώροις,
362 4181 405 4259 οἷς
431 4177 600 4272 δωροῦνται
618 4187 671 4248 τόν
690 4185 816 4273 κόσμον,
834 4189 873 4260 εἰς
891 4183 950 4256 τήν
968 4185 1184 4271 ἀνομοιότητα
1208 4181 1268 4252 τήν
1293 4181 1402 4245 στάσιν
1428 4183 1599 4272 ἀνήγαγον,
1623 4181 1677 4244 καὶ

128 4285 167 4354 αὖ
191 4290 250 4361 τήν
276 4293 379 4378 φιλίαν
404 4295 445 4366 εἰς
469 4292 528 4361 τήν
546 4293 723 4379 ὁμοιότητα
740 4303 798 4367 τῆς
813 4286 904 4369 ζωῆς·
922 4293 988 4356 ἐπεὶ
1004 4293 1057 4355 καὶ
1075 4292 1166 4366 αὑτός
1184 4296 1199 4354 ὁ
1217 4301 1279 4354 τῶν
1306 4296 1430 4354 λίουσῶν
1451 4290 1526 4379 ἱερός
1548 4287 1675 4380 ἀριθμός

128 4409 187 4474 τῆς
212 4405 328 4463 ταότοῦ
353 4401 407 4463 καὶ
430 4405 536 4488 ὁμοίου
561 4399 678 4488 φόσεώς
703 4403 799 4482 ἐστιν,
816 4405 851 4465 ἐκ
875 4411 929 4464 τοῦ
953 4399 1078 4490 πρώτου
1096 4411 1243 4488 περιττοῦ
1265 4399 1317 4462 καὶ
1334 4399 1456 4462 τελείου
1481 4397 1676 4488 τετράγωνος

128 4507 184 4589 ὢν,
208 4510 238 4571 ἐν
263 4508 345 4596 τρισί
368 4507 488 4598 τριάσιν
506 4510 724 4597 ἀφωρισμένος,
742 4511 796 4573 καὶ
813 4515 847 4572 οὐ
866 4511 958 4598 μόνον
983 4509 1101 4583 τέλειος
1125 4506 1179 4590 ὢν,
1204 4505 1286 4570 ἀλλά
1310 4504 1394 4568 κατά
1417 4505 1523 4569 πάντα
1547 4505 1675 4578 τέλειος,

69 4635 100 4673 ³0
128 4617 171 4691 εἴς
195 4640 232 4680 τε
255 4615 313 4686 τὴν
339 4608 461 4704 μονάδα
486 4605 747 4705 συνελισσόμενος,
764 4621 814 4706 ἀφ’
839 4612 875 4692 ἧς
898 4615 1064 4705 προῆλθεν,
1081 4613 1181 4678 καὶέν
1206 4614 1271 4677 νέον
1296 4607 1373 4676 εἶναι
1398 4613 1451 4676 καὶ
1476 4613 1569 4686 αὐτὸς
1594 4615 1677 4676 ἐπει-

63 4775 71 4788 .
129 4725 272 4814 γόμενος.
298 4726 358 4788 Καὶ
382 4727 463 4789 ἔστω
487 4727 541 4788 καί
563 4731 639 4813 ημῖν
664 4737 758 4790 τοῦτο
782 4727 871 4798 τέλος
896 4734 953 4798 τῆς
977 4733 1032 4787 τοῦ
1056 4723 1152 4811 λόγου
1175 4731 1237 4784 τῶν
1263 4725 1391 4783 Μουσῶν
1416 4712 1604 4807 ἐπιθλέψεως
1627 4719 1677 4783 ἐπί

128 4833 168 4896 τό
193 4830 223 4896 ἐν
248 4835 442 4922 ἀναγαγοῦσι
466 4831 525 4904 τήν
550 4831 685 4922 θεωρίαν.

439 5043 586 5096 ΜΕΛΙΣΣΑ
606 5045 657 5095 ΕΙΣ
679 5046 746 5096 ΤΟΝ
767 5048 805 5098 ΕΝ
826 5049 987 5118 ΠΟΛΙΤΕΙᾼ
1008 5047 1119 5099 ΛΟΓΟΝ
1141 5047 1208 5098 ΤΩΝ
1228 5047 1374 5098 Morino.

170 5293 193 5368 ¹)
211 5295 246 5352 Α.
266 5294 459 5368 κατιρῦωμίνην.
968 5299 991 5370 ⁸)
1011 5299 1045 5355 A.
1064 5297 1085 5354 f.
1105 5297 1149 5354 38.

170 5385 194 5459 ²)
211 5386 248 5441 A.
267 5385 307 5440 ἐπί
327 5392 385 5438 πᾶν.
968 5389 991 5464 ⁴)
1011 5390 1045 5446 Α.
1065 5389 1169 5441 ἐνίπτοι.

276 5511 372 5568 Am.
392 5527 421 5584 v,
442 5511 501 5568 w.
