3940 6072
821 521 1019 600 Ηοαιιιιὶίεο
1641 530 1693 588 287

189 701 325 778 Δέκατος
349 689 487 785 δέκανος,
512 700 657 789 καρκίνου
680 707 813 788 πρῶτος.
838 691 937 772 Oba-03
960 695 1061 782 ὄνομα
1084 697 1151 785 ἔχει
1176 692 1309 784 Σωθεὶρ,
1335 692 1455 783 μορφὴν
1481 683 1515 758 δὲ
1538 697 1694 784 κυνοπρό-

124 836 258 894 ·οωπον,
284 811 321 876 τό
346 802 379 874 δὲ
403 818 494 896 σῶμα
517 817 579 873 πᾶν
596 807 693 896 όρεως
709 796 897 895 πυροείδους,
913 803 1089 892 καθήμενος
1106 803 1157 868 ἐπὶ
1176 803 1304 888 βάσεως.
1323 802 1458 891 Κυριεύει
1483 793 1516 868 δὲ
1539 811 1602 866 τῶν
1626 803 1695 892 περὶ

145 920 314 1010 σπλάγχνα
338 916 511 1006 γενομένων
536 914 654 983 παθῶν.
678 911 797 1002 Γλύιβον
830 907 882 978 οὑν
907 923 1017 978 τοῦτον
1042 917 1073 978 ἑν
1097 911 1173 995 λίθῳ
1198 903 1306 1000 δρύιῃ,
1331 909 1384 974 καί
1408 907 1529 986 ὑποθεὶς
1555 911 1693 995 βοτάνην

145 1029 339 1117 ἀρτεμισίαν,
364 1029 574 1089 κατακλε”σον
598 1025 628 1088 ἐν
654 1017 678 1087 ὧ
704 1022 818 1106 βούλει,
843 1021 896 1086 καὶ
921 1021 1114 1110 ἀπεχόμενος
1138 1030 1243 1110 χοιροὺ
1267 1024 1391 1094 λευκῆς.

191 1125 375 1208 Ἐνδέκατος
401 1123 536 1207 δέκανος.
562 1127 659 1206 Οὑτος
683 1131 781 1218 ὄνομα
804 1131 870 1218 ἔχει
895 1130 1026 1219 Ούριτὶτ
1041 1129 1075 1216 ¹),
1101 1127 1220 1217 μορφὴν
1245 1118 1279 1192 δὲ
1309 1129 1471 1218 γυναικός,
1496 1129 1534 1194 τό
1563 1119 1597 1194 δέ
1621 1131 1694 1193 όλον

146 1251 236 1330 σῶμα
258 1251 390 1322 πτενοὺ,
415 1239 468 1304 καὶ
494 1238 536 1304 ταὶ
566 1237 666 1327 πτερά
692 1238 753 1303 ἀνω
778 1237 968 1324 ηπλωμένα,
993 1238 1106 1302 ὡσανεὶ
1129 1235 1315 1324 πετόμενος,
1341 1235 1392 1299 Ιεπὶ
1416 1225 1449 1300 δέ
1472 1247 1530 1310 τῆς
1556 1240 1695 1325 κεφαλῆς

147 1353 242 1413 αὑτοῦ
267 1347 457 1434 ἐπικείμενον
481 1346 619 1436 πλέγμα.
645 1339 743 1420 Οὗτος
775 1345 905 1434 κυριεύει
937 1354 1000 1408 τῶν
1031 1345 1101 1434 περὶ
1125 1348 1179 1410 τόν
1203 1345 1360 1434 πνεύμονα
1384 1347 1553 1435 γινομένων
1577 1345 1695 1410 παθῶν.

147 1453 266 1545 Γλύιβον
291 1449 343 1520 οὑν
367 1464 478 1518 τοῦτον
504 1457 534 1518 ἐν
559 1453 635 1536 λίθῳ
662 1444 780 1517 ἰάσπιδι
803 1446 999 1542 χλωρίζοντι,
1016 1453 1070 1516 καί
1093 1451 1216 1528 ὑποθεὶς
1242 1451 1379 1536 βοτάνην
1401 1453 1618 1544 σεληνόγονον,
1642 1455 1696 1520 καὶ

146 1568 356 1631 κατακλεῒσον
381 1567 411 1627 ἑν
435 1556 460 1646 ᾧ
486 1561 603 1646 βούλει,
628 1561 682 1626 καί
705 1561 801 1651 φόρει,
827 1561 1019 1650 ἀπεχόμενος
1044 1555 1085 1624 ὧν
1110 1560 1190 1626 κύων
1216 1558 1385 1648 ἀβηταιῗ).

192 1664 374 1748 Δωδέκατος
399 1663 535 1746 δέκανος,
561 1666 660 1745 Οὑτος
677 1669 776 1757 ὄνομα
800 1669 866 1759 ἔχει
891 1676 992 1759 Χνοὺρ
1006 1667 1042 1753 ³),
1063 1669 1183 1759 μορφὴν
1209 1659 1242 1733 δέ
1264 1671 1427 1758 πρόσωπον
1446 1661 1524 1735 δυῶν
1542 1682 1696 1762 γυναικῶν

148 1779 416 1871 ἀποοτραμμένων
436 1779 594 1856 ἀλλήλων,
612 1773 653 1842 ὧν
671 1779 707 1843 τό
723 1777 753 1842 ἓν
771 1781 982 1868 περικείμενον
1000 1779 1117 1861 πόλιον,
1134 1779 1171 1842 τό
1189 1769 1222 1844 δὲ
1247 1777 1325 1843 ἄλλο
1351 1781 1515 1862 βασιλειον.
1541 1785 1607 1868 ’ἀρ’
1631 1783 1697 1857 ἑνός

147 1890 310 1979 τραχήλου
334 1879 560 1975 περιθέύληται
585 1877 618 1952 δέ
642 1887 695 1951 καὶ
721 1877 904 1974 δράκοντες,
929 1887 966 1951 τό
992 1877 1025 1951 δέ
1050 1888 1121 1951 όλον
1153 1885 1237 1951 ἐστὶν
1270 1885 1426 1975 ετηθαρόν
1441 1885 1479 1970 ⁴),
1502 1888 1553 1951 ἐπὶ
1579 1887 1696 1970 βάσεως

147 1999 349 2087 ἐπικείμενον.
367 1995 504 2085 Κυριεύει
522 1987 554 2060 δέ
570 2005 625 2059 τοῦ
642 1994 791 2070 σπληνός.
808 1991 927 2081 Γλύβον
944 1989 996 2058 οὑν
1014 2003 1125 2058 τοῦτον
1142 1998 1172 2058 ἐν
1189 1991 1265 2076 λίθῳ
1283 1993 1402 2082 ἀχάτη,
1419 1995 1471 2058 καὶ
1495 1993 1617 2072 ὑποθεὶς
1644 1997 1698 2080 βο-

148 2105 248 2176 τάνην
273 2114 426 2193 οραιρῖτιν
442 2099 477 2183 ⁵),
502 2106 710 2167 κατακλεῖσον
736 2104 767 2166 έν
792 2095 815 2184 ᾧ
842 2102 958 2186 βούλει,
982 2102 1035 2166 καὶ
1059 2103 1144 2191 ρόρει
1168 2101 1320 2191 μακάριον
1347 2100 1495 2190 βοήθημα
1509 2101 1546 2186 ⁸).

194 2202 402 2300 Τρισδέκατος
427 2199 563 2291 δέκανος,
588 2209 713 2285 λέοντος
729 2218 861 2297 πρῶτος.
878 2203 977 2284 Οὑτος
994 2210 1093 2298 ὄνομα
1109 2211 1173 2298 έχει
1192 2217 1328 2300 Χνοὺμος
1341 2209 1378 2296 7),
1405 2211 1525 2301 μορφὴν
1550 2203 1583 2278 δὲ
1606 2218 1699 2278 λεον-

148 2319 361 2408 τοπρόσωπον,
387 2321 515 2393 ἀκτῖνας
540 2319 619 2407 έχων
644 2315 792 2394 ηλιακάς,
817 2317 854 2381 τό
880 2307 913 2381 δὲ
937 2319 1009 2381 ὅλον
1034 2327 1126 2406 σῶμα
1150 2319 1247 2408 όρεως
1271 2311 1467 2409 πυροειδοῦς,
1492 2319 1554 2384 ἄνω
1580 2324 1698 2386 ἀνατε-

148 2430 339 2518 τραμμένου.
364 2426 503 2517 Κυριεύει
527 2418 561 2491 δέ
583 2437 645 2491 τῶν
670 2427 845 2517 γενομένων
861 2425 968 2491 παθῶν
985 2428 1055 2518 περὶ
1071 2426 1130 2500 τάν
1153 2419 1292 2518 καρδίαν.
1318 2425 1436 2515 Γλύὺον
1461 2423 1513 2494 οὖν
1538 2441 1648 2494 τοῦτον
1666 2434 1696 2493 έν

147 2536 224 2620 λίθῳ
249 2536 368 2625 ἀχάτῃ,
393 2535 446 2600 καί
470 2533 592 2610 ὑποθεὶς
617 2534 755 2619 βοτάνην
780 2527 1006 2621 λεοντοπόδην,
1034 2540 1242 2602 κατακλεῒοον
1272 2539 1305 2600 ἐν
1335 2529 1359 2620 ᾧ
1385 2535 1499 2620 βούλει,
1524 2538 1578 2600 καί
1601 2539 1696 2627 φόρει,

151 2645 344 2734 ἀπεχόμενος
368 2647 435 2708 ὠῶν
450 2641 474 2732 ⁸)
499 2643 665 2733 στρουθῶν.

194 2753 351 2841 Τέταρτος
377 2744 505 2826 δέκατος
530 2743 668 2828 δέκανος,
692 2746 790 2827 Οὑτος
815 2751 913 2840 ὄνομα
937 2754 1002 2843 ἔχει
1019 2753 1089 2838 Ἰπὶ,
1107 2751 1227 2844 μορφὴν
1245 2745 1278 2818 δέ
1295 2745 1430 2818 τοιάνδε·
1448 2752 1606 2844 ἅνθρωπός
1631 2759 1698 2820 ἐστι

148 2861 275 2950 γυμνός,
300 2869 422 2950 κρατῶν
447 2863 478 2924 έν
503 2869 543 2944 τῇ
570 2850 655 2943 δεξιᾷ
678 2860 757 2949 χειρί
781 2871 951 2950 ωιῆπτρον,
976 2864 1007 2926 ἐν
1040 2852 1073 2926 δέ
1104 2871 1144 2946 τῇ
1179 2859 1324 2949 εύωνύμῳ
1356 2859 1482 2936 οκύτος,
1508 2862 1558 2925 έπί
1583 2853 1616 2926 δὲ
1640 2873 1698 2938 τῆς
1791 2847 1794 2852 ’

147 2973 286 3057 κεραλῆς
311 2968 445 3042 σελήνην
459 2967 497 3052 ⁹).
522 2964 619 3044 Οὑτος
644 2969 775 3058 κυριεύει
799 2978 861 3034 τῶν
885 2969 955 3058 περὶ
971 2967 1012 3033 τά
1031 2968 1208 3058 μετάρρενα
1231 2967 1338 3033 παθῶν
1363 2968 1547 3057 γενομένων,
1574 2965 1694 3055 Γλὺψον

150 3071 201 3139 οὑν
226 3087 337 3140 τοῦτον
361 3081 392 3142 έν
415 3075 492 3159 λίθῳ
518 3078 679 3163 οεληνίτῃ,
705 3077 759 3140 καὶ
782 3076 904 3152 ὑποθεὶς
930 3077 1068 3160 βοτάνην
1092 3077 1268 3166 ηλιόγονον,
1292 3079 1502 3141 κατοικλεῖοον
1527 3079 1558 3140 έν
1581 3087 1698 3166 χρυσῷ,

151 3183 205 3246 καὶ
228 3183 324 3272 ρόρει,
349 3184 541 3272 ἀπεχόμενος
564 3183 717 3272 κυόιμους.

196 3291 341 3380 Πέμπτος
366 3291 419 3354 καὶ
443 3282 574 3365 δέκατος
599 3282 736 3365 δέκανος,
754 3285 852 3365 Οὑτος
869 3289 969 3377 ὄνομα
987 3290 1051 3378 ἔχει
1067 3289 1194 3372 ψάτιτι,
1215 3288 1336 3379 μορρὴν
1361 3281 1395 3354 δέ
1409 3291 1625 3379 ὑποκειμένην·
1650 3291 1701 3354 ἄν·

152 3398 270 3488 θρωπός
294 3402 361 3463 ἐστι
385 3399 631 3487 εἰριοπρόσωπος,
657 3401 737 3487 ἔχων
761 3397 820 3469 τὴν
847 3388 948 3474 δεξιάν
971 3409 1059 3486 χεῖρα
1076 3397 1291 3486 έπειρημένην,
1310 3402 1349 3473 ὑις
1374 3389 1467 3471 δῆθεν
1494 3392 1699 3476 ἀσπάζεσθαι,

150 3509 180 3571 ὲν
207 3497 240 3570 δέ
263 3516 303 3591 τῇ
331 3505 475 3594 εὐωνύμῳ
499 3515 621 3594 κρατῶν
647 3497 806 3592 ὑδρίσκην,
831 3505 970 3594 Κυριεύει
994 3496 1028 3569 δὲ
1051 3515 1113 3569 τῶν
1137 3505 1207 3593 περὶ
1224 3507 1261 3569 τό
1278 3501 1363 3595 ἧπαρ
1387 3506 1556 3597 γινομένων
1580 3507 1698 3572 παθῶν.

150 3609 269 3702 Γλύψον
294 3607 345 3678 οὑν
370 3624 481 3679 τοῦτον
506 3618 536 3678 έν
561 3613 637 3697 λίθῳ
653 3617 794 3704 ηλιτρίῳ,
814 3615 867 3680 καὶ
884 3614 1003 3690 ὑποθεὶς
1024 3615 1163 3699 βοτάνην
1178 3667 1185 3681 .
1201 3667 1231 3683 ..
1255 3618 1463 3679 κατακλεῖοον
1488 3618 1518 3679 ἐν
1540 3641 1564 3679 ω
1584 3615 1699 3700 βούλει,
1772 3671 1778 3682 .

151 3721 204 3786 καὶ
227 3722 323 3812 ρόρει,
349 3723 541 3813 ἀπεχόμενος
563 3715 753 3812 παλαμίδος.

196 3831 304 3905 Ἑκτός
317 3829 370 3894 καί
384 3823 514 3908 δέκατος
532 3823 669 3912 δέκανος,
686 3842 744 3907 τῆς
761 3828 911 3920 παρθένου
929 3839 1059 3921 πρῶτος.
1078 3823 1177 3906 Οὑτος
1194 3829 1292 3919 όνομα
1307 3831 1373 3918 ἔχει
1386 3823 1497 3896 Ἀθοῦύ
1513 3827 1562 3914 ¹⁰),
1580 3831 1700 3922 μορρτῖν

152 3927 185 4003 δὲ
208 3937 267 4011 τὴν
292 3939 516 4028 ὑποκειμένην·
541 3941 629 4015 κυνός
654 3937 720 4028 ὄψις
744 3943 846 4016 ἐστιν,
870 3942 950 4029 ἔχων
976 3939 1027 4004 ἐπὶ
1049 3949 1108 4016 τῆς
1139 3942 1277 4027 κεφαλῆς
1311 3940 1485 4022 βασίλειον,
1509 3941 1547 4005 τό
1572 3931 1605 4006 δὲ
1628 3944 1700 4004 όλον

150 4047 259 4112 λοιπόν
284 4057 375 4136 σῶμα
399 4046 508 4138 θερμός
532 4049 585 4112 καὶ
608 4041 781 4138 πυροειδάς.
806 4048 957 4112 Ἵοτατοιι
981 4039 1015 4112 δέ
1038 4049 1088 4112 ἐπὶ
1114 4046 1242 4130 βάσεως.
1268 4041 1367 4124 Οὗτος
1391 4047 1521 4138 κυριεύει
1545 4058 1607 4113 τῶν
1631 4049 1702 4139 περὶ

152 4155 211 4226 τὴν
236 4159 356 4220 κοιλίαν
381 4157 555 4248 γενομένων
579 4155 695 4221 παθῶν.
720 4152 839 4244 Γλύιβον
864 4150 915 4220 οὑν
941 4166 1052 4220 τοῦτον
1070 4160 1100 4220 ίν
1118 4153 1197 4238 λίθῳ
1215 4157 1400 4246 κοραλλίτη,
1425 4157 1479 4220 καί
1503 4155 1624 4234 ὑποθεὶς
1650 4159 1703 4242 βο-

151 4263 251 4338 τάνην
276 4263 545 4354 αἰλουρόρθαλμον
561 4261 610 4348 Η),
634 4267 845 4329 κατακλεῖσον
870 4266 900 4328 ἐν
925 4257 949 4348 ᾧ
976 4263 1090 4348 βούλει,
1112 4265 1165 4328 καί
1189 4265 1282 4354 ρόρει,
1307 4264 1500 4354 ἀπεχόμενος
1525 4263 1646 4342 ἥπατος
1663 4263 1702 4352 ¹²)

152 4374 265 4448 λευκῆς
289 4375 407 4461 χοίρου.

197 4471 356 4570 ’Έύδομος
374 4479 426 4544 καί
443 4471 574 4556 δέκατος
598 4465 735 4556 δέκανος,
761 4475 859 4556 Οὑτος
883 4481 982 4568 ὄνομα
1006 4481 1072 4569 ἔχει
1098 4478 1215 4570 Βρωοὺς
1232 4477 1280 4566 ¹³),
1299 4478 1419 4570 μορφὴν
1437 4474 1471 4546 δέ
1494 4478 1553 4554 τὴν
1578 4483 1702 4544 ὑποκει-

188 4735 212 4810 ι)
231 4723 266 4792 V.
287 4737 411 4809 Ούδριοίτ.
989 4730 1012 4804 ⁷)
1032 4731 1066 4788 V.
1087 4733 1234 4801 Χνουμίτης,
1254 4729 1284 4786 in
1303 4747 1397 4802 marg.
1417 4733 1561 4800 Χνιυμιπίς.

186 4827 209 4898 ²)
229 4824 263 4880 V.
284 4828 316 4886 ὡς
337 4832 403 4898 μιγά
428 4829 519 4900 ἀγαθόν
547 4825 691 4896 παραταροὺ
717 4823 750 4893 μί,
776 4821 898 4896 ῳαγιῖνά.
990 4825 1013 4898 8)
1032 4824 1070 4878 M.
1091 4825 1138 4878 ὦτ’.

152 4917 228 4984 ἄρτου
246 4911 261 4970 ἢ
282 4917 360 4966 ἀλλου
381 4935 442 4976 τινος
463 4912 481 4984 ᾧ
502 4915 592 4983 ύςθιται
612 4915 683 4965 κύων.
989 4913 1013 4983 θ)
1031 4912 1065 4968 V.
1086 4913 1143 4964 ὡσιὶ
1163 4908 1312 4981 προύοίνιιν.

187 5003 210 5077 ³)
229 5003 263 5060 V.
284 5002 407 5076 Κναυφόύ.
980 5000 1014 5070 ¹⁰)
1034 4998 1067 5054 V.
1087 4999 1196 5068 Ἰαὺούμ.

188 5097 212 5167 ⁴)
231 5093 278 5150 Sio
297 5092 380 5151 codd.
980 5090 1015 5164 ¹¹)
1034 5088 1073 5144 M.
1093 5091 1315 5161 αἱρουλόρὺολμον.

188 5184 211 5254 ⁵)
231 5184 266 5240 V.
286 5186 427 5257 σφαιρὶτην.
979 5174 1015 5250 ¹²)
1033 5175 1072 5231 M.
1091 5177 1169 5248 ἧπαρ.

188 5274 211 5348 ⁸)
230 5273 325 5346 Μῦες.
346 5279 477 5347 φάρμακον
498 5273 622 5344 βοήθημα.
635 5272 670 5330 V.
684 5279 751 5347 μιγὰ
771 5276 901 5346 ῳυλακτή-
979 5269 1012 5342 ¹³)
1032 5267 1065 5324 V.
1087 5271 1215 5340 Βρυοιὺις.

154 5382 210 5438 ρων,
230 5365 375 5436 παρετήρει
394 5367 420 5417 ὑὶ
440 5363 474 5436 μὶ
496 5367 593 5436 φαγεῖν,
613 5380 667 5419 nec
686 5361 780 5438 plura.
