3978 6070
290 488 343 545 108
789 482 843 556 De
861 488 1010 575 ίμνοιιιιο
1029 485 1154 576 ἀτιμίαι
1174 487 1333 578 quaestio,

290 653 422 744 ἐχούσης
447 645 596 720 ἀναδῦναι
619 653 661 720 τά
693 654 862 744 αἱρεθέντα.
887 656 1076 746 Προείρηται
1106 661 1165 748 γάρ
1197 657 1257 727 τάν
1288 657 1439 747 ἑλομένην
1470 653 1502 738 ἐξ
1534 659 1674 750 ἀνάγκης
1705 671 1750 744 τῷ
1780 663 1839 746 βίῳ

290 761 481 848 συνεσέσθαι,
504 762 558 828 καί
581 775 635 828 τοῦ
658 764 776 840 παντὸς
800 767 1016 842 ἀπαιτοῦντος,
1034 765 1087 828 καί
1110 775 1164 850 τού
1190 757 1332 856 δαίμονος
1351 771 1605 860 ἀποπληροῦντος
1628 770 1688 841 τὴν
1712 774 1838 862 αἵρεσιν.

290 871 338 936 Τά
356 871 417 961 Ιμὲν
442 867 493 936 οὖν
518 889 558 944 -ζζ-
578 873 665 936 αἰτία
689 882 746 948 τῆς
771 873 921 950 τοιαύτης
945 865 1121 964 τραγῳδίας
1145 869 1220 939 εἷναι
1244 876 1337 964 φησιν
1358 877 1531 966 ἀφροσύνην
1556 879 1608 942 καί
1632 883 1833 970 λαιμαργίαν,

290 973 331 1044 ὧν
355 985 375 1052 η
403 979 457 1068 μέν
482 983 549 1045 ἐστι
564 990 622 1056 τῆς
639 991 816 1072 γνωστικῆς
835 973 993 1070 δυνάμεως
1010 982 1210 1072 τύφλωσις,η
1233 973 1265 1048 δὲ
1281 995 1339 1059 τῆς
1355 978 1481 1074 ὀρέξεως
1506 987 1676 1076 ἀπέραντος
1700 989 1838 1071 ἐκτασις,
1860 1011 1864 1016 ·

247 1112 260 1149 ι
290 1098 347 1162 τῆς
372 1088 427 1178 μέν
451 1089 675 1180 ἐπιτρεχούσης
698 1100 739 1174 τῇ
766 1090 934 1180 φαινομένη
961 1083 1101 1179 δυνάμει,
1126 1102 1183 1166 τῆς
1209 1083 1242 1157 δέ
1266 1098 1321 1157 ούκ
1345 1093 1443 1170 ἐώσης
1470 1085 1542 1158 ἰδεῖν
1565 1095 1607 1160 τά
1631 1096 1766 1184 ἑπόμενα
1790 1106 1837 1177 τῷ

291 1195 440 1286 αἱρεθέντι
466 1199 523 1282 βίῳ
549 1189 707 1288 δράματα·
732 1198 774 1263 τά
799 1198 854 1287 μὲν
879 1192 930 1264 ούν
949 1201 1034 1267 αἰτία
1051 1210 1162 1264 ταῦτα.
1181 1200 1268 1266 Μετά
1292 1193 1326 1267 δέ
1348 1202 1408 1275 τὴν
1432 1199 1588 1300 ἐπίσκεψιν
1613 1214 1668 1269 τοῦ
1695 1207 1772 1290 βίου,
1796 1203 1841 1268 τά

290 1306 427 1395 ἑπόμενα
451 1309 524 1371 τίνα
549 1312 651 1386 ἑστιν;
677 1311 871 1398 μεταμελεία
896 1298 993 1392 δεινὴ,
1018 1309 1072 1374 καὶ
1097 1310 1228 1386 αὶτίασις
1252 1315 1311 1400 ούχ
1334 1314 1461 1376 ἑαυτοῦ·
1486 1303 1554 1377 δέον
1577 1310 1637 1404 γάρ
1661 1309 1699 1387 ἧν
1727 1313 1839 1377 ἑαυτὸν

291 1413 554 1504 καταμέμφεσθαι
574 1425 632 1492 τῆς
649 1440 686 1480 τε
702 1416 875 1506 ἀφροσύνης
893 1415 1019 1494 καὶτῆς
1034 1419 1235 1508 λαιμαργίας,
1253 1417 1336 1483 ἀλλά
1349 1430 1408 1495 τῆς
1424 1419 1524 1509 τύχης
1541 1420 1664 1484 καὶτοῦ
1682 1412 1839 1510 δαίμονος,

291 1523 344 1586 καί
366 1523 493 1589 πάντων
519 1528 650 1612 μᾶλλον·
676 1526 742 1590 ἐπεὶ
766 1524 825 1617 γάρ
850 1529 865 1589 c
891 1525 946 1616 μέν
972 1517 1090 1614 δαίμων
1114 1529 1278 1592 ἐπιστατεῖ
1300 1539 1364 1604 τοῖς
1387 1520 1474 1593 ένδον
1498 1535 1587 1618 ημῶν
1612 1529 1790 1618 κινήμασιν,
1816 1535 1836 1602 ἡ

237 1651 262 1688 10
292 1621 325 1696 δέ
350 1630 431 1722 τύχη
457 1630 500 1696 τά
522 1631 660 1721 ἑπόμενα
684 1633 806 1709 τούτοις
831 1637 1012 1725 ἀποπληροῖ
1032 1633 1115 1698 κατά
1139 1637 1256 1726 καιρίαν,
1272 1636 1403 1713 τούτους
1428 1641 1569 1701 αἰτιᾶται
1593 1627 1650 1714 τῆς
1674 1636 1758 1702 κατά
1781 1639 1837 1702 τὸν

294 1741 359 1823 βίον
377 1742 448 1804 ὅλον
470 1742 614 1817 ἀτοπίας,
632 1747 689 1830 οὐχ
709 1743 831 1820 ἑαυτὸν,
855 1744 959 1807 καίτοι
984 1753 1041 1819 τῆς
1059 1743 1114 1832 μὲν
1132 1744 1274 1834 αἱρέσεως
1291 1750 1339 1810 ἐπ’
1360 1748 1445 1828 αύτῷ
1469 1746 1623 1835 κειμένης,
1646 1745 1770 1811 τούτοιν
1795 1737 1838 1823 δὲ,

292 1847 345 1911 καί
356 1845 379 1929 ¹)
396 1848 511 1912 τούτου
536 1849 591 1939 μέν
616 1852 871 1938 ἀποπληροῦντος
895 1848 954 1920 τὴν
979 1860 1037 1926 τῆς
1061 1847 1163 1940 ψυχῆς
1187 1854 1358 1945 ὁμολογίαν
1374 1855 1449 1943 πρὸς
1474 1856 1511 1919 τὸ
1534 1864 1608 1938 πᾶν,
1624 1864 1682 1930 τῆς
1708 1846 1741 1920 δέ
1765 1855 1839 1920 ἀνά-

291 1961 386 2022 παλιν
412 1957 654 2048 άποπληρούσης
678 1969 736 2034 τῆς
760 1968 816 2024 τοῦ
840 1961 957 2034 παντὸς
981 1959 1055 2049 πρύς
1079 1959 1138 2032 τὴν
1163 1959 1276 2050 ψυχήν·
1301 1967 1320 2034 ἡ
1340 1959 1394 2049 μὲν

293 2177 316 2242 f.
344 2179 418 2257 160,
443 2176 661 2243 corroduntur
684 2178 703 2242 9
722 2199 850 2242 versus:
878 2174 948 2266 [γάρ
973 2171 1010 2256 ζη
1102 2176 1177 2267 πρὸς
1201 2177 1238 2241 τὸ
1262 2181 1335 2262 πᾶν]
1430 2167 1537 2243 τοιάδε
1560 2176 1748 2254 πάντως...
1772 2177 1838 2266 ἐφέ-

239 2298 265 2337 ¹⁵
294 2308 411 2358 στηκεν
440 2285 640 2368 [ἀπαιτῶν]...
666 2273 872 2349 ἀποδώσοντα
896 2281 1026 2361 τούτους
1044 2279 1128 2353 οὖν...
1153 2285 1208 2351 τὸν
1224 2276 1395 2376 σύνδεσμον
1412 2291 1502 2376 ἡμῶν
1522 2287 1597 2376 πρὸς
1612 2287 1650 2352 τύ
1667 2295 1762 2355 πᾶν...
1785 2285 1838 2351 καί

293 2402 349 2456 τοῦ
365 2392 483 2469 παντὸς
499 2394 573 2482 πρὸς
589 2399 683 2480 ἡμᾶς,
700 2395 782 2482 εἴπερ
803 2395 903 2482 [ἡμεῖς
919 2402 964 2476 τῷ
980 2393 1087 2479 παντί]
1106 2392 1350 2486 προσηγάγομεν
1366 2400 1449 2485 ἡμᾶς
1466 2394 1589 2471 αύτούς·
1604 2399 1632 2459 οἱ
1649 2386 1682 2461 δὲ
1705 2395 1838 2484 φύλακες

294 2500 352 2566 εἰσὶ
375 2512 433 2578 τῆς
458 2501 639 2592 ἀμφοτέρων
665 2503 832 2578 κοινωνίας·
858 2495 977 2590 μεταξύ
1002 2492 1035 2567 δὲ
1050 2511 1113 2566 τῶν
1132 2504 1238 2567 αἰτίων
1255 2511 1313 2578 τῆς
1331 2503 1449 2568 ἀτόπου
1467 2503 1587 2579 ταύτης
1612 2504 1764 2594 αἱρέσεως,
1788 2503 1840 2567 καὶ

293 2617 357 2673 τῶν
381 2609 538 2698 ἑπομένων
562 2621 604 2696 τῇ
630 2609 791 2676 ἐπιστάσει
814 2619 877 2674 τῶν
901 2608 1079 2676 ἀκολούθοιν
1102 2621 1148 2694 τῷ
1174 2613 1230 2695 βίῳ
1256 2612 1358 2696 τούτῳ
1382 2621 1498 2694 κακῶν,
1524 2613 1600 2678 αύτύ
1619 2615 1656 2678 τὸ
1681 2603 1759 2688 εἶδος
1783 2623 1839 2687 τῆς

295 2711 376 2796 ζωῆς
400 2718 454 2783 καί
477 2717 514 2782 τύ
539 2722 574 2783 ἐκ
598 2729 653 2783 τοῦ
676 2718 794 2795 παντὸς
817 2723 920 2802 ἑαυτῷ
945 2720 1178 2809 συνηρτημένον
1208 2719 1360 2809 ἀτύχημα
1392 2711 1611 2810 παραδέδωκεν
1635 2725 1651 2784 ὁ
1677 2719 1779 2810 μῦθος·
1804 2721 1840 2784 τύ

239 2839 266 2876 ²⁰
295 2826 350 2916 μὲν
374 2818 544 2917 τυραννίδα
568 2829 722 2920 μεγίστην
746 2827 863 2920 λέγων,
887 2823 949 2892 οἷον
980 2826 1083 2903 ἔθνους
1109 2831 1182 2894 ὅλου
1206 2829 1307 2906 τινὸς,
1331 2828 1369 2893 τύ
1394 2818 1426 2894 δὲ
1459 2831 1571 2918 βρῶσιν
1595 2819 1732 2893 παίδων·
1758 2826 1841 2891 ἀλλά

295 2927 464 3027 τυραννίδα
489 2935 543 3025 μέν
567 2936 605 3000 τύ
629 2945 690 3000 πᾶν
715 2936 813 3026 φέρειν
837 2935 891 3000 καί
906 2936 1089 3026 τυραννικὸν
1109 2937 1184 3020 βίον,
1202 2925 1272 3000 οὑδέ
1289 2933 1481 3024 θαυμαστόν·
1499 2932 1603 3022 ἐστιθ)
1627 2933 1687 3025 γάρ
1711 2935 1765 2997 καί
1787 2959 1843 2998 τυ-

298 3036 413 3136 ραννίδι
436 3043 614 3136 χρήσασθαι
637 3027 755 3120 καλῶς.Ι
768 3082 810 3094 -
828 3037 950 3109 Παίδων
973 3035 1006 3110 δέ
1024 3047 1134 3135 βρῶσιν
1160 3044 1219 3135 ἀρα
1236 3045 1399 3134 σημαίνειν
1421 3049 1506 3126 αύτῷ
1524 3044 1617 3133 μόνον
1635 3042 1757 3116 οἰητέον
1782 3042 1841 3114 τὴν

295 3165 350 3220 τοῦ
375 3155 492 3230 παντὸς
516 3153 623 3245 φοράν,
647 3160 687 3230 είς
711 3153 750 3228 ἢν
775 3147 954 3242 ἀποθλέψας
977 3145 1056 3220 εἶδεν
1079 3153 1228 3219 τοῦτοτί)
1245 3150 1340 3227 πάθος
1358 3153 1424 3217 ἐνὸν
1441 3161 1486 3235 τῷ
1507 3153 1563 3236 βίῳ
1588 3151 1669 3240 μετά
1692 3151 1751 3222 τὴν
1776 3153 1843 3217 ἐπί-

296 3288 405 3328 στασιν
429 3263 449 3335 ἢ
475 3264 528 3328 καὶ
551 3275 648 3328 ποιεῖν
672 3274 784 3347 τοῦτο,
809 3263 862 3328 καὶ
887 3257 963 3329 εἶναι
987 3263 1091 3327 αἰτίαν
1116 3260 1135 3335 θ
1162 3262 1322 3327 συναιτίαν
1347 3261 1512 3339 κάκείνην;
1536 3298 1579 3310 -
1603 3259 1663 3324 Καὶ
1691 3264 1725 3325 ού
1748 3270 1843 3324 τοῦτο

241 3396 268 3433 ιι
298 3371 391 3463 μόνον
416 3365 500 3450 ἀξιον
519 3374 657 3462 ἀπορίας,
684 3372 767 3436 ἀλλά
791 3376 926 3437 κάκεῖνο·
944 3381 1008 3448 πῶς
1025 3369 1109 3436 κατά
1126 3361 1216 3444 δίκην
1234 3365 1322 3446 ούτος
1339 3373 1355 3433 ὁ
1373 3370 1447 3453 βίος,
1467 3373 1493 3433 εἰ
1508 3378 1571 3433 τῶν
1595 3363 1627 3448 ἐξ
1645 3372 1770 3458 ούρανοῦ
1795 3369 1842 3444 τίς

297 3481 381 3547 ἐστίν
407 3481 574 3570 ἀφιγμένος
587 3478 623 3570 ⁸),
640 3474 752 3560 λέξεως
770 3472 803 3544 δέ
820 3480 931 3570 ἐτύχεν
949 3483 1090 3570 οὐρανίας
1107 3484 1137 3545 ἑν
1155 3481 1302 3563 πολιτείᾳ
1325 3489 1451 3568 χρηστῇ
1479 3470 1651 3562 βεθιωκώς;
1675 3476 1769 3542 πύθευ
1785 3476 1844 3568 γάρ

298 3591 376 3666 ὁλως
401 3592 486 3673 αὐτῷ
510 3598 648 3664 τοιοῦτος
672 3587 830 3679 πρυετάθη
855 3590 930 3672 βίος,
948 3589 1019 3652 τίνα
1035 3581 1118 3665 ζωὴν
1137 3580 1225 3665 ἀξίαν
1243 3589 1350 3677 ἐχοντι
1367 3597 1424 3662 τῆς
1441 3583 1638 3675 Εἱμαρμένης
1655 3585 1791 3664 ταύτης;
1809 3590 1844 3650 ού

297 3696 357 3789 γάρ
382 3699 493 3788 ἔχομεν
518 3696 652 3762 ἐνταῦθα
676 3689 847 3786 προθιοτιλν
873 3694 1032 3760 αἰτιᾶσθαί
1056 3719 1127 3759 τινα
1151 3703 1210 3770 τῆς
1234 3693 1384 3770 τοιαύτης
1408 3691 1565 3778 ποινῆςθ).

584 3965 687 4038 11025)
709 3970 730 4018 Η
751 3969 818 4018 ΤΩΝ
838 3970 964 4018 ΠΑΙΔΩΝ
983 3969 1103 4018 ΒΡΩΣΙΣ
1123 3968 1254 4017 ΤΙΝΕΤΑΙ
1273 3968 1314 4015 ΕΚ
1336 3967 1402 4016 ΤΟΥ
1421 3967 1566 4030 ΠΑΝΤΟΣ,

499 4061 559 4108 ΚΑΙ
583 4059 651 4108 ΠΩΣ
678 4059 791 4108 ΤΟΥΤΟ
815 4059 969 4108 ΦΙΛΕΙΤΑΙ
995 4057 1091 4126 ΨΥΧῌ
1117 4059 1159 4106 EK
1185 4057 1252 4106 ΤΟΥ
1278 4055 1436 4108 ΟΥΡΑΝΟΥ
1462 4057 1642 4124 ΚΑΤΙΟΥΣῌ.

299 4240 323 4305 f.
343 4241 406 4307 160
423 4263 465 4320 ν.,
484 4239 575 4324 quasi
590 4239 717 4324 liquore
735 4237 905 4304 diluuntur
920 4238 1059 4305 lotidem
1074 4259 1204 4304 versus:
1231 4237 1321 4328 [Πρὸς
1347 4236 1401 4325 μὲν
1415 4235 1440 4324 ⁶)
1465 4230 1515 4300 ούν
1540 4235 1578 4301 τὸ
1597 4237 1745 4327 πρότερον
1771 4241 1846 4302 ἀπο-

244 4365 271 4403 ³⁰
299 4345 475 4437 κρινόμεθκ,
499 4345 643 4437 λέγοντες
668 4346 712 4436 μὴ
739 4346 832 4436 μόνον
856 4347 942 4422 τοίας
966 4370 1002 4412 τε
1026 4345 1079 4412 καί
1094 4345 1250 4422 τοσαύτας
1266 4346 1400 4422 κινήσεις
1425 4336 1527 4410 δάνειν
1552 4346 1589 4409 τὀ
1612 4354 1685 4423 πᾶν,
1710 4351 1750 4423 ὡς
1773 4345 1844 4422 τούς

338 4621 361 4695 ¹)
380 4627 423 4675 και
441 4619 474 4676 ἰιι
492 4635 586 4692 marg.
606 4636 663 4676 om.
681 4621 718 4676 A.
1099 4613 1278 4688 apographo,
1289 4613 1379 4670 tertie
1392 4614 1475 4670 excl.
1486 4613 1558 4670 Maii
1571 4611 1700 4670 editione
1711 4614 1845 4672 inOlees.

335 4713 358 4787 ²)
376 4711 412 4768 In
434 4710 570 4784 margine
597 4711 812 4783 mecoenate,
831 4711 863 4784 Β,
884 4716 973 4784 elque
999 4709 1046 4768 bie
1098 4719 1164 4774 vm,
1185 4703 1246 4760 664.
1265 4705 1335 4762 Jem
1349 4703 1427 4760 enim
1439 4703 1552 4761 Alletio
1571 4703 1705 4761 succedit
1723 4704 1846 4761 Holele-

300 4803 442 4874 Ἀπόκρισις
461 4801 500 4859 ed
517 4807 675 4874 utramque
695 4805 806 4872 ἀπορίαν.
1099 4794 1181 4868 nius,
1200 4801 1340 4851 neutrum
1358 4811 1430 4851 vero
1453 4793 1552 4850 Maius
1575 4793 1667 4850 novit.
1687 4793 1846 4851 Caeterum

338 4893 362 4967 ³)
381 4895 416 4950 Α.
439 4894 589 4966 ἀφιγμένος.
1100 4885 1193 4942 fallax
1212 4892 1242 4941 et
1264 4884 1398 4942 lubricus
1422 4891 1469 4940 eet
1489 4883 1595 4940 titulus
1620 4883 1796 4956 majusculis
1813 4885 1846 4942 in

335 4987 360 5058 ⁴)
379 4982 495 5057 Pagina
514 4980 624 5039 desinit
642 4981 829 5054 insequente
849 4980 937 5037 tilulo
955 4981 1050 5053 meju-
1101 4977 1200 5034 codice
1219 4975 1398 5048 insignitus;
1417 4975 1542 5032 Procles
1556 4974 1635 5032 enim
1649 4993 1686 5031 ex
1704 4975 1847 5032 celhedre

304 5074 396 5132 ecelis
414 5071 584 5130 uncialibus
605 5071 757 5128 adornato.
777 5070 835 5128 Sed
859 5071 917 5128 hoc
939 5071 1049 5127 lemme
1101 5084 1159 5122 non
1178 5065 1312 5139 disputat
1330 5067 1367 5122 dc
1386 5065 1547 5122 liberalem
1566 5081 1632 5136 σου,
1651 5062 1704 5120 sed
1727 5062 1847 5136 perfun-

302 5163 355 5220 vix
374 5182 392 5218 ιι
409 5163 516 5219 Proclo
534 5159 740 5234 proficiscitur.
1103 5155 1202 5226 clorio,
1223 5155 1260 5209 ed
1280 5154 1339 5209 elic
1356 5172 1426 5210 mox
1444 5151 1550 5210 iturus.

339 5255 363 5326 ⁵)
381 5254 474 5311 Nobis
493 5252 599 5310 exinde
611 5252 765 5325 praelucet
776 5251 829 5306 fex
842 5250 1001 5324 conspicue
1020 5255 1051 5306 el
1138 5247 1160 5318 6)
1179 5245 1215 5300 Η.
1234 5243 1286 5300 fol.
1306 5243 1348 5300 92.
1362 5243 1483 5300 Inclusa
1502 5249 1572 5301 eunt
1583 5243 1681 5300 Holsl.
1695 5247 1749 5298 cul
1766 5241 1845 5297 Maii.

304 5342 426 5417 triplex,
446 5361 506 5400 une
532 5361 568 5398 ex
588 5341 701 5413 codice,
722 5341 817 5398 altere
839 5359 876 5397 ex
900 5339 1050 5398 Holslenii
1105 5333 1173 5392 eod.
1193 5339 1224 5389 el
1242 5333 1278 5388 Η.
1298 5336 1326 5386 τὸ
1346 5333 1477 5403 πρώτιριν.
