3978 6070
687 503 827 581 Sirenes
839 504 1061 600 planetarum
1079 505 1229 580 musicae
1241 503 1432 598 praesides.

555 692 600 755 -ζ-
624 685 731 758 ἱεῖσαν,
755 680 808 744 ἕνα
824 678 925 746 τόνον·
951 683 985 744 ἑκ
1008 687 1116 743 πασῶν
1142 668 1175 744 δέ
1198 677 1285 744 όκτω
1309 681 1406 743 οὐσῶν
1432 680 1506 766 μίαν
1530 690 1574 753 -ζ-

556 803 601 865 -ζ-
624 791 772 880 ἁρμονίαν
798 799 971 879 συμφωνεῖν
987 788 1023 876 ¹).
1047 801 1091 864 ÷

334 1003 387 1078 Τίς
413 1000 467 1090 μέν
492 1006 507 1066 6
532 1004 670 1093 μοίραιος
694 1002 860 1092 ἄτρακτος,
878 1001 931 1066 καί
948 1003 1054 1077 ὁποίας
1072 1003 1155 1091 ἔχειν
1172 1010 1235 1066 τῶν
1258 993 1436 1091 σφονδυλῶν
1461 992 1618 1092 διαφοράς,
1642 1004 1763 1091 εἴρηται
1787 993 1840 1066 διά

288 1119 351 1176 τῶν
376 1111 565 1201 ἔμπροσθην·
582 1115 612 1176 ἐν
638 1103 672 1177 δὲ
687 1111 810 1188 τούτοις
827 1111 944 1202 εἰσάγει
960 1113 1069 1177 λοιπόν
1093 1109 1150 1188 τάς
1170 1113 1377 1201 ἐφεστηκυίας
1394 1121 1434 1196 τῇ
1458 1112 1577 1184 κινήσει
1601 1120 1655 1173 τοῦ
1680 1108 1839 1198 ἀτράκτου

289 1217 373 1296 θείας
397 1220 451 1284 καί
474 1217 660 1308 ἀσωμάτους
684 1221 879 1305 ὑποστάσεις,
896 1221 951 1286 καί
969 1219 1090 1285 τούτων
1114 1219 1172 1296 τὰς
1189 1224 1340 1308 Σειρῆνας
1360 1219 1486 1310 πρώτας
1510 1220 1610 1309 λέγων
1635 1223 1681 1307 ἐφ’
1705 1217 1840 1283 ἑκάστου

290 1326 406 1392 κύκλου
432 1329 504 1417 μίαν
531 1319 709 1413 βεύηκέναι,
733 1328 787 1394 καί
810 1328 1090 1419 συμπεριφέρεσθαι
1114 1338 1160 1412 τῷ
1183 1327 1289 1410 κύκλῳ
1305 1337 1351 1411 τῷ

289 1545 313 1610 f.
333 1545 374 1612 71
393 1569 434 1625 v.‚
451 1546 486 1612 in
510 1547 628 1612 lacuna
652 1546 672 1611 4
696 1568 797 1614 vem:
823 1556 1044 1634 ...μουσικοῖς
1068 1545 1173 1637 λόγοις
1187 1597 1193 1610 .
1208 1597 1215 1608 .
1229 1595 1236 1608 .
1250 1546 1326 1610 αίνει
1350 1545 1404 1610 τόν
1424 1545 1477 1609 ἕνα
1500 1543 1702 1637 φθόγγον...
1728 1545 1846 1610 ἁπλού-

291 1676 408 1718 στατον
433 1649 523 1742 ἦχον·
547 1659 566 1726 ῆ
587 1653 641 1741 μὲν
658 1653 717 1746 γάρ
736 1657 812 1743 μία.
827 1656 918 1719 ..λοί
941 1654 1001 1727 τὴν
1026 1649 1224 1746 ἀμετάόολον
1242 1665 1297 1720 τοῦ
1322 1665 1380 1731 τῆς
1404 1655 1555 1744 ἐνεργείας
1578 1648 1675 1732 εἴδους
1699 1661 1741 1732 είς
1765 1656 1845 1720 ἄλλο

292 1760 346 1826 καί
370 1761 449 1826 ἄλλο
473 1761 567 1852 μέλος
591 1757 729 1853 ὕπαρξιν,
755 1769 794 1838 ὡς
819 1763 980 1850 ἐγκάστης]
1008 1768 1150 1853 Σειρῆνος
1169 1765 1217 1828 ἀεὶ
1233 1763 1293 1834 τήν
1319 1762 1417 1835 αὐτὴν
1445 1766 1540 1838 ἱείσης
1564 1765 1678 1853 φωνήν·
1702 1769 1718 1826 6
1742 1755 1777 1828 δὲ
1802 1760 1844 1838 εἷς

291 1871 379 1948 τόνος
403 1870 463 1944 τὴν
487 1869 579 1937 ποιάν
604 1872 708 1960 φωνὴν
725 1863 894 1954 ἐδήλωσεν,
919 1877 960 1949 είς
980 1873 1044 1948 ἑνός
1062 1874 1224 1962 ἀπηχησιν
1249 1872 1388 1964 φθόγγου
1404 1876 1566 1937 τελοῦσαν·
1590 1871 1675 1962 παρά
1697 1871 1757 1963 γάρ
1781 1870 1840 1944 τήν

291 1979 382 2045 τάσιν
406 1980 460 2044 καὶ
484 1985 499 2043 6
524 1978 659 2070 φθόγγος
683 1986 830 2046 καλεῖται
853 1981 958 2057 τόνος·
982 1982 1035 2045 καὶ
1059 1981 1147 2058 τέλος
1172 1985 1256 2046 ὄκτω
1279 1991 1341 2046 τῶν
1366 1979 1488 2046 κύκλων
1520 1981 1573 2046 καί
1600 1991 1662 2045 τῶν
1688 1980 1840 2071 Σειρήνων

291 2092 400 2170 οὐσῶν,
427 2089 500 2177 μίαν
526 2090 672 2178 ἀρμονίαν
697 2093 731 2153 ἐκ
748 2089 874 2154 πάντων
892 2089 1113 2156 ἀποτελεῖσθαι
1131 2093 1235 2179 φησίν·
1252 2088 1314 2155 οἷον
1331 2090 1390 2164 τὴν
1411 2082 1463 2156 διά
1486 2101 1604 2173 πασῶν,
1628 2093 1659 2155 ἐν
1684 2092 1762 2178 όροις
1788 2088 1842 2176 μὲν

291 2197 374 2264 ύκτὼ
400 2195 624 2287 θεωρουμένην,
649 2197 730 2262 ἑπτά
747 2191 780 2262 δὲ
797 2190 1019 2287 διαστήμασιν,
1036 2205 1075 2274 ὡς
1092 2209 1154 2264 τῶν
1174 2200 1325 2290 Σειρήνων
1343 2197 1399 2275 τάς
1416 2202 1567 2292 Ιενεργείας
1584 2197 1726 2266 εἰκάσθαι
1748 2197 1843 2290 φθόγ-

290 2331 367 2399 γοις,
392 2300 424 2384 ἐξ
449 2300 490 2370 ὧν
515 2312 533 2380 ῆ
554 2297 606 2371 διά
621 2317 729 2371 πασῶν
747 2312 766 2380 ή
784 2307 1045 2397 κατακορεστάτη
1064 2317 1127 2374 τῶν
1145 2317 1339 2397 συμφωνιῶν,
1356 2308 1410 2372 καί
1434 2306 1517 2372 κατά
1542 2307 1601 2381 τήν
1626 2301 1714 2385 τάξιν
1740 2310 1842 2370 αὐτῶν

237 2428 262 2463 ¹⁵
289 2411 367 2482 εἶναι
391 2414 433 2480 τά
458 2407 664 2506 διαστήματα
687 2426 749 2481 τῶν
768 2415 923 2508 φθόγγων,
941 2418 1100 2507 ἀρχόμενα
1118 2418 1178 2482 ἀπὸ
1195 2427 1252 2491 τῆς
1270 2417 1367 2491 νήτης
1389 2413 1540 2491 κάθωθεν,
1565 2415 1618 2479 καί
1641 2416 1842 2480 τελευτῶντα

292 2529 333 2601 είς
357 2523 416 2595 τήν
441 2523 565 2597 ύπάτην
590 2523 769 2589 κατωτάτω
781 2525 805 2610 ²)
829 2519 934 2589 οὖσαν·
952 2526 1000 2589 ἀεί
1016 2523 1076 2614 γάρ
1093 2523 1135 2589 τά
1153 2524 1296 2614 ἀνωτέρω
1313 2521 1462 2589 κινεῖσθαι
1479 2521 1607 2605 θᾶττον,
1629 2521 1686 2586 κάν
1712 2513 1842 2586 δοκῶσιν

291 2638 323 2695 αῖ
348 2630 620 2708 ἀποκαταστάσεις
646 2627 723 2698 εἶναι
739 2632 1034 2722 πολυχρονιωτέραι,
1051 2642 1097 2715 τῷ
1115 2627 1243 2721 μείζονα
1259 2633 1353 2723 λόγον
1373 2633 1456 2721 ἔχειν
1480 2631 1552 2707 τοὺς
1577 2631 1708 2706 κύκλους
1734 2629 1844 2704 αύτούς

291 2753 355 2818 τοῖς
381 2741 526 2832 μεγέθεσι
548 2742 623 2831 πρός
648 2740 719 2816 τοὺς
738 2740 881 2824 κύκλους,
898 2741 917 2812 ή
936 2740 992 2816 τάς
1009 2741 1142 2816 κινήσεις
1161 2745 1263 2805 αὐτῶν
1280 2741 1353 2829 πρὸς
1378 2740 1531 2816 ἀλλήλας·
1555 2751 1650 2805 τοῦτο
1673 2738 1733 2830 γάρ
1759 2729 1845 2803 δοκεῖ

292 2849 556 2941 συμπεφωνῆσθαι
568 2847 653 2939 παρά
666 2858 771 2917 πᾶσιν,
786 2887 829 2898 -
843 2855 868 2914 Τ
871 2849 969 2914 ούτων
984 2840 1009 2912 δ’
1024 2843 1075 2914 ούν
1090 2849 1186 2925 οὕτως
1200 2851 1284 2932 αὐτῷ
1299 2840 1565 2938 διατεταγμένων,
1578 2853 1618 2924 ὡς
1631 2849 1761 2937 εἴρηται,
1773 2847 1846 2909 τίνα

294 2954 372 3025 εἶναι
388 2958 498 3049 ῥητέον
514 2957 570 3032 τάς
590 2958 736 3047 Σειρήνας
754 2955 887 3035 ταύτας;
900 2959 944 3022 Τό
962 2957 1017 3046 μὲν
1035 2951 1086 3021 σύν
1104 2947 1142 3030 δῆ
1161 2957 1264 3049 λέγειν
1277 2955 1334 3032 τάς
1352 2956 1473 3033 Μούσας
1491 2951 1578 3038 εἶναι,
1596 2956 1649 3020 καὶ
1664 2956 1737 3045 παρ’
1754 2959 1844 3041 ήμῶν

291 3075 375 3157 ῆμῖις
398 3064 596 3157 προστιθέναι
620 3064 679 3139 τήν
703 3065 829 3149 λοιπήν,
854 3068 903 3130 ίνα
920 3066 974 3129 τόν
991 3075 1050 3142 τῆς
1068 3055 1206 3140 ἐννεάδος
1224 3063 1502 3155 συμπληρώσωμεν
1521 3063 1660 3155 ἀριθμόν,
1681 3066 1736 3128 οῦκ
1759 3064 1844 3127 ἔστιν

292 3175 487 3267 ἑπομένωνί)
513 3185 581 3251 ταῖς
598 3175 733 3265 ῥήσεσιν·
757 3174 831 3263 πρὸς
855 3183 901 3258 τῷ
926 3174 980 3238 καί
1002 3174 1039 3239 τό
1064 3173 1343 3264 συμπεριφέρεσθαι
1365 3185 1432 3250 τοῖς
1457 3173 1582 3249 κύκλοις
1606 3171 1663 3248 τάς
1688 3176 1845 3261 Σειρῆνας,

292 3281 378 3348 κατά
402 3273 436 3347 δὲ

294 3497 317 3566 f.
343 3499 395 3576 72,
419 3498 454 3562 in
477 3497 594 3563 lacuna
617 3498 636 3562 9
662 3519 763 3563 νοτες
789 3509 965 3588 ...φωναῖς
998 3509 1059 3564 τῶν
1092 3506 1286 3568 Μουσῶν...
1311 3501 1392 3588 ἔχειν
1417 3499 1568 3575 κινήσεις,
1593 3497 1646 3561 καί
1669 3507 1734 3572 τοῖς
1758 3520 1846 3563 κ...

296 3596 466 3688 βεόήκασιν
482 3595 637 3692 προξενεῖν
651 3601 740 3674 τήν...
753 3603 942 3681 πανάληθες·
961 3609 1031 3672 τίνα
1045 3601 1096 3672 οὖν
1111 3609 1216 3671 ούσίαν
1230 3606 1283 3670 καί
1342 3631 1407 3682 σας·
1423 3603 1472 3672 ότι
1488 3604 1543 3695 μὲν
1561 3595 1599 3676 δὴ
1618 3605 1676 3694 πρό
1694 3602 1847 3694 σωμάτων

294 3714 386 3788 οὔσας
411 3711 446 3777 ἀν
461 3763 468 3775 .
482 3762 489 3775 .
503 3762 508 3774 .
524 3735 568 3794 ον,
593 3710 647 3774 καί
670 3723 829 3801 προσεχῶς
847 3714 1024 3802 ὲφεστώσας
1040 3727 1104 3793 τοῖς
1121 3716 1246 3791 κύκλοις
1263 3711 1363 3804 ψυχάς
1380 3713 1487 3800 αύτάς,
1512 3704 1619 3788 δῆλον,
1645 3711 1711 3778 έπεί
1734 3710 1788 3776 καί
1810 3712 1849 3774 τὸ

295 3817 572 3910 συμπεριφέρεσθαι
596 3829 661 3893 τοῖς
686 3819 820 3902 κύκλοις,
845 3821 994 3888 κινεῖσθαι
1018 3815 1119 3895 δήπου
1145 3815 1366 3912 μεταόατικῶς
1388 3820 1485 3898 αὐτάς
1510 3811 1721 3887 ἀναδιδάσκει·
1746 3819 1799 3883 καὶ
1824 3824 1850 3882 εἰ

296 3927 338 4017 μὴ
366 3925 458 4015 μῦθος
482 3924 533 4010 ἦν,
556 3921 638 3993 εἶπεν
664 3927 699 3992 ἀν
724 3939 793 4004 ταῖς
819 3936 961 4020 Σειρῆσιν
978 3932 1050 4008 τοὺς
1067 3932 1198 4007 κύκλους
1221 3929 1496 4022 συμπεριάγεσθαι·
1520 3941 1571 3995 νῦν
1589 3921 1622 3994 δὲ
1646 3934 1685 4004 ὡς
1710 3933 1846 4017 φιλοῦσιν

295 4043 323 4102 οἱ
347 4035 569 4125 μυθοπλάσται
592 4047 711 4120 ποιεῖν,
736 4035 901 4130 ἀνέστρεψε
924 4040 984 4113 τήν
1007 4035 1117 4123 τάξιν,
1143 4042 1284 4117 καὶτοῖς
1308 4039 1431 4114 κύκλοις
1456 4032 1537 4103 εἶπεν
1571 4034 1848 4127 συμπεριφέρεσθαι

295 4143 352 4221 τάς
370 4151 527 4234 Σειρῆνας·
544 4149 571 4210 εί
584 4136 609 4210 δ’
625 4140 676 4211 οὖν
689 4157 847 4212 κινοῦνται
860 4149 913 4213 καί
929 4151 1023 4216 αὑταὶ
1039 4154 1192 4226 κυκλικῶς
1209 4147 1293 4215 κατά
1310 4147 1369 4222 τήν
1387 4147 1555 4236 ἀσώματον
1573 4148 1704 4222 κίνησιν,
1722 4145 1843 4236 ἀνάγκη

296 4243 399 4324 δήπου
423 4248 525 4341 ψυχάς
549 4276 635 4327 τινας
661 4253 756 4329 αὑτάς
782 4250 859 4320 εἶναι
883 4268 991 4348 νοερῶς
1004 4251 1115 4336 ζώσας·
1133 4269 1183 4323 νοῦ
1208 4257 1268 4349 γάρ
1293 4255 1417 4329 εἰκὼνῆ
1442 4251 1642 4346 περιφοράθ),
1666 4251 1806 4341 καθάπερ
1831 4257 1846 4315 6

296 4357 462 4434 Ἀθηναῖος
487 4359 580 4435 Ξένος
605 4351 753 4441 ἐδίδαξεν,
770 4365 823 4427 καί
839 4361 937 4455 ψυχαί
959 4365 1162 4459 περιάγονται
1187 4356 1238 4431 διά
1254 4376 1332 4430 νοῦν.
1352 4369 1388 4428 Et
1404 4355 1437 4428 δέ
1454 4372 1558 4426 ταῦτα
1580 4360 1697 4442 ἀληθῆ,
1722 4351 1848 4444 συνᾴδει

295 4477 399 4531 ταῦτα
423 4476 488 4543 τοῖς
512 4469 543 4532 έν
568 4471 691 4558 Τιμαίω
714 4472 785 4562 περί
808 4483 871 4538 τῶν
897 4473 985 4539 θείων
1010 4472 1115 4564 ψυχῶν
1131 4472 1443 4562 πεφιλοσοφημένοις,
1461 4475 1501 4546 ῶς
1525 4469 1584 4560 ἄρα
1607 4474 1642 4534 ἐκ
1665 4478 1728 4534 τῶν
1754 4473 1848 4558 άρμο-

296 4584 387 4638 νικῶν
411 4576 607 4664 ύφεστήκασι
630 4580 747 4669 λόγοιν·
774 4585 801 4644 εί
825 4579 884 4671 γάρ
909 4579 968 4651 τήν
993 4583 1114 4654 κίνησιν
1139 4586 1241 4645 αὐτῶν
1266 4579 1444 4670 ἐναρμόνιον
1469 4571 1562 4654 εἶπεν,
1587 4577 1688 4666 ἔχοιεν
1714 4573 1749 4640 ἂν
1774 4579 1849 4639 κατ’

296 4683 402 4746 οὐσίαν
426 4681 498 4759 τοὺς
522 4683 633 4774 λόγους
658 4686 729 4760 τοὺς
748 4687 940 4776 ἀρμονικούς,
957 4693 997 4764 ὡς
1013 4689 1069 4752 καί
1084 4693 1196 4763 ἐκεῖνος
1214 4682 1306 4752 εἶπεν·
1323 4685 1377 4750 καὶ
1395 4690 1422 4750 εί
1437 4685 1661 4775 περιφέρονται,
1679 4683 1733 4748 καὶ
1757 4683 1851 4746 αύταὶ

296 4789 406 4856 κύκλοι
430 4791 510 4867 τινές
535 4799 621 4877 εἰσιν,
647 4795 748 4884 ὥσπερ
773 4795 849 4885 φησί
873 4796 965 4861 καὶὸ
990 4798 1131 4886 Τίμαιος,
1148 4797 1202 4861 καὶ
1221 4800 1247 4861 εί
1271 4797 1345 4884 μίαν
1370 4793 1473 4884 φωνήν
1499 4795 1626 4882 ἀφίησιν
1651 4789 1769 4863 ἑκάστη
1796 4791 1850 4853 καὶ

333 4988 355 5061 ¹)
373 4987 510 5062 Reipubl.
529 5009 557 5062 x,
576 4989 638 5047 313.
657 4991 777 5063 Legunt
803 4991 868 5048 edd.
896 4997 972 5046 ἱεῖσαι
1001 4999 1047 5047 ὰιὰ
1135 4992 1158 5065 ²)
1171 4989 1322 5063 Ambigua
1335 4989 1478 5047 correctio
1489 4987 1595 5045 insidit
1606 4987 1638 5044 in
1654 4991 1801 5053 κατωτάτω,
1815 4991 1851 5040 ut

297 5080 375 5147 τίνω,
386 5079 557 5137 Hermanno
567 5087 636 5153 post
645 5081 828 5154 Stephanum
838 5089 969 5152 auctore,
983 5101 1047 5139 oon·
1100 5080 1200 5154 potius
1219 5081 1339 5154 legatur
1359 5085 1489 5147 ἀνωτάτω,
1509 5078 1540 5135 id
1556 5077 1634 5152 quod
1652 5076 1704 5134 vix
1724 5081 1787 5133 tom
1806 5093 1852 5132 εε-

298 5178 345 5222 tra
358 5168 437 5224 Astii
457 5168 659 5241 conjecturam
674 5173 798 5224 ὰνάτινοι.
812 5170 916 5227 Lectio
936 5171 1048 5228 codicis
1099 5170 1161 5226 ries
1181 5168 1323 5225 concedit.

297 5261 359 5311 tam
368 5256 630 5330 Parisiensiquam
639 5258 736 5315 Procli
747 5258 1050 5332 commentarioegro·
1138 5258 1162 5331 ³)
1181 5257 1229 5314 Sic
1248 5257 1311 5313 cod.
1333 5257 1435 5313 Malim
1454 5257 1578 5328 ἱκόμενον.

297 5345 346 5417 gie
367 5348 567 5405 confirmatur.
1138 5351 1161 5422 ⁴)
1182 5347 1254 5404 Maii
1273 5351 1361 5420 Ιῖοιιρκ
1379 5363 1412 5420 ιι,
1431 5348 1492 5419 227,
1511 5366 1539 5403 n.
1561 5348 1584 5402 l.
