3944 6074
304 397 355 452 192
825 394 880 466 De
897 393 1115 486 Philosophia
1134 397 1322 472 chaldaica.

303 565 423 636 πόλεως
443 561 518 646 βίον·
537 562 590 626 καί
607 565 737 653 εἴρηται,
757 565 836 641 ὅπως
854 565 904 631 ἐπὶ
920 590 955 630 τε
970 577 1124 658 γυναικῶν
1142 571 1245 645 αὐτοῖς
1263 582 1357 636 τοῦτο
1374 573 1538 664 πρόχειρον
1555 577 1642 640 ἔσται
1663 577 1716 640 καὶ
1730 568 1830 642 παίδων
1903 631 1904 656 ,

304 670 358 732 καί
381 671 432 733 ἐπί
456 680 518 733 τῶν
542 673 727 760 χρημάτων.

349 781 495 866 Πέμπτον
521 771 558 852 δή
585 776 636 844 οὖν
662 786 759 846 ἐκεῖνο
787 781 1001 872 προστίθησιν,
1028 785 1076 848 ὅτι
1102 777 1224 868 βλάόήν
1250 789 1316 875 ἔχει
1340 800 1433 854 τοῦτο
1457 791 1564 880 ἑτέραν
1591 793 1627 856 τό
1651 785 1747 879 μηδὲν
1769 784 1830 856 ἴδιον

303 887 465 977 ήγεΐσθαι,
491 888 596 953 πάντα
622 882 655 954 δὲ
678 888 777 970 κοινά,
802 890 857 964 τάς
882 902 1039 980 γυναῖκας,
1064 893 1135 968 τοὺς
1160 885 1284 979 παῖδας,
1310 895 1368 966 τήν
1394 907 1522 970 κτῆσιν·
1549 901 1675 987 ἀμελεῖν
1703 899 1760 988 γάρ
1781 909 1830 962 τῶν
1903 957 1904 960 ,

304 1007 413 1060 κοινῶν
431 996 502 1072 τοὺς
522 996 709 1084 ἀνθρώπους,
726 999 820 1063 πλέον
846 991 879 1064 δὲ
904 1011 965 1064 τῶν
990 992 1072 1067 ἰδίειν
1098 1000 1281 1093 φροντίζειν·
1301 999 1479 1093 συμόαίνειν
1500 1003 1552 1072 οὖν
1569 1010 1689 1084 πάντας
1714 1011 1831 1085 πάντων,

304 1111 342 1180 ὡς
368 1115 476 1169 κοινῶν
501 1107 598 1170 όντων
624 1111 795 1197 ὀλιγωρεῖν.
821 1114 930 1174 Ταῦτα
955 1101 988 1175 δὲ
1013 1115 1137 1201 ἀπορεῖν
1162 1115 1231 1202 περὶ
1255 1124 1317 1177 τῶν
1343 1115 1423 1179 οὕτω
1448 1119 1628 1205 τραφέντων
1646 1122 1662 1180 ὁ
1682 1117 1831 1206 Σωκράτας

303 1216 423 1302 εἴρηκεν
449 1213 577 1278 ἄτοπον·
600 1225 663 1289 πῶς
688 1215 747 1303 γάρ
773 1209 855 1294 ἀξιοῖ
878 1207 928 1281 διά
954 1231 1104 1308 μουσικῆς
1129 1221 1240 1297 αὐτοὺς
1264 1223 1381 1311 τρέφων
1397 1222 1420 1309 l)
1437 1277 1443 1289 .
1459 1277 1486 1290 ..
1506 1224 1591 1313 ἄγειν
1609 1215 1706 1297 δῆλον
1731 1227 1761 1288 ἐκ
1783 1233 1831 1286 τῶν

303 1346 373 1412 γενν
389 1375 395 1388 .
411 1374 440 1388 ..
464 1321 523 1411 γάρ
543 1318 719 1406 βασανίζειν
745 1325 781 1388 τό
794 1375 798 1385 .
813 1376 842 1388 ..
867 1328 993 1400 ήλικίαν
1018 1333 1036 1401 ή
1064 1333 1167 1414 ρυλατ
1181 1381 1187 1392 .
1202 1379 1208 1392 .
1226 1380 1231 1392 .
1257 1335 1353 1394 ἐκεῖνο
1378 1332 1415 1395 τό
1433 1323 1530 1420 μηδὲν
1555 1331 1765 1420 ἡγεῖσθαι...
1786 1343 1830 1405 τῆς

303 1430 446 1504 πόλεως.
463 1483 469 1496 .
486 1483 492 1498 .
510 1431 547 1494 τὸ
566 1429 684 1520 ἀγαθόν
702 1442 760 1507 τῆς
777 1435 940 1509 πόλεως..
957 1487 963 1498 .
980 1436 1112 1499 καὶτῶν
1130 1428 1378 1504 άπαιδευθέντων
1414 1489 1441 1502 ..
1467 1446 1486 1512 ῆ
1513 1439 1608 1528 ἀρετή
1635 1442 1689 1502 καί
1703 1493 1709 1506 .
1724 1492 1752 1505 ..
1775 1443 1830 1502 ἀλλ’

304 1531 611 1616 ἀποθανατίζειν...
641 1539 700 1629 γάρ
727 1539 964 1628 Σωκράτης...
989 1547 1005 1606 ὁ
1034 1547 1130 1608 καλοῦ
1155 1537 1343 1634 μερίδος...
1374 1547 1596 1636 άπέρήνεν...
1622 1572 1830 1637 καταρρον...

304 1636 366 1710 οὐδ’
386 1645 444 1737 ἄρα
469 1659 567 1713 τοῦτ.
584 1648 700 1716 ..σθαι
724 1658 785 1713 τῶν
810 1652 869 1716 όπθ
893 1659 979 1716 πᾶσα
1003 1677 1084 1742 κρατ
1099 1704 1105 1718 .
1121 1705 1128 1720 .
1144 1703 1151 1718 .
1165 1677 1256 1742 σομεν
1283 1655 1344 1718 άπὸ
1369 1665 1426 1730 τῆς
1452 1665 1581 1722 τῶν...
1608 1658 1675 1724 Nec
1691 1659 1796 1740 plura.

396 1759 407 1786 θ

1052 1960 1109 2026 IV.

641 2153 809 2243 Πρόκλου
839 2157 879 2218 ὲκ
911 2165 977 2231 τῆς
1009 2146 1225 2231 Χαλδαίκῆς
1256 2154 1518 2244 ριλοσορίοιςί)

732 2265 876 2345 Ρνυσίιιε,
901 2287 940 2330 σε
965 2263 1198 2332 Οἰιοῖιίυοονιιωι
1216 2267 1430 2348 philosophia.

1054 2463 1102 2528 A'.

349 2625 449 2689 Αόλαί
463 2626 486 2712 ³)
504 2635 565 2689 τῶν
585 2623 671 2689 θείων
689 2622 743 2688 καί
760 2623 905 2708 οἰκήσεις,
923 2629 954 2686 αἰ
972 2615 1068 2687 άίδιαι
1084 2617 1198 2701 τάξεις.
1223 2624 1283 2687 Καὶ
1299 2629 1317 2696 ῆ
1336 2614 1530 2696 πανδεκτικῆ
1551 2625 1629 2696 αὐλή
1650 2635 1705 2690 τοῦ
1729 2621 1829 2711 [ἰατρός

303 2739 322 2806 ή
349 2733 486 2822 πατρική
513 2727 600 2812 τάξις
625 2731 720 2812 ἐστίν,
745 2738 763 2805 ή
789 2731 891 2806 πάσας
916 2725 1128 2820 ὑποδεχομένη
1156 2733 1209 2794 καί
1234 2732 1406 2820 συνέχουσα
1430 2733 1486 2808 τάς
1504 2733 1670 2810 άναθείσας
1695 2731 1829 2821 ψυχάςί,

305 2835 338 2908 δὲ
362 2853 424 2905 τῶν
450 2842 593 2932 ἀγγέλων
612 2841 697 2930 μερὶς
720 2849 785 2915 πῶς
811 2839 919 2929 ἀνάγει
944 2837 1064 2929 ψυχήν;
1090 2841 1253 2929 φερομένη,
1279 2842 1365 2930 φησί,
1389 2843 1459 2927 περί
1483 2840 1541 2910 τήν
1567 2840 1684 2930 ψυχήν,
1704 2839 1829 2904 τουτέστι

249 2965 275 3003 ¹⁵
303 2950 544 3037 πεοιλάμπουσα
570 2950 669 3017 αὑτήν
693 2947 903 3036 πανταχόθεν,
921 2949 974 3011 καὶ
990 2949 1095 3038 πλήρη
1115 2959 1246 3012 ποιοῦσα
1264 2960 1318 3013 τοῦ
1344 2949 1501 3038 άχράντον
1524 2950 1627 3037 πυρὸς,
1655 2949 1670 3013 ό
1695 2937 1829 3012 ἐνδίδωσιν

305 3063 385 3144 αὐτῆ
414 3052 502 3136 τάξιν
528 3059 657 3122 ἄκλιτον
683 3059 737 3121 καί
761 3049 901 3146 δύναμιν,
921 3049 960 3121 δι’
978 3058 1016 3129 ήν
1034 3061 1088 3121 οὐκ
1113 3053 1298 3146 ἑκροιζεῖται
1322 3063 1362 3133 εἰς
1387 3057 1446 3128 τήν
1471 3057 1579 3130 ὑλικήν
1606 3051 1746 3136 ἀταξίαν,
1766 3051 1829 3118 ἀλλά

305 3169 499 3232 συνάπτεται
523 3177 568 3250 τῷ
593 3167 674 3256 (ρωτὶ
691 3177 753 3230 τῶν
769 3165 867 3240 θείων,
887 3165 939 3228 καὶ
956 3168 1078 3254 συνέχει
1097 3157 1130 3230 δὲ
1148 3166 1245 3236 αὐτήν
1263 3170 1293 3230 ἐν
1318 3167 1419 3248 οἰκείῳ
1444 3167 1541 3249 τόπῳ,
1566 3168 1619 3230 καὶ
1645 3172 1743 3258 ἀμιγῆ
1765 3170 1832 3227 ποιεῖ

303 3279 377 3367 πρὸς
402 3277 460 3348 τήν
485 3277 574 3350 ὕλην,
598 3285 644 3359 τῷ
670 3275 770 3364 θερμῷ
794 3275 950 3363 πνεόματι
965 3270 1164 3363 κουρίζουσα,
1183 3275 1235 3338 καί
1251 3285 1381 3338 ποιοῦσα
1399 3275 1551 3364 μετέωρον
1577 3265 1628 3338 διά
1645 3277 1669 3358 ⁴)
1694 3285 1747 3348 τῆς
1770 3273 1829 3332 άντ-

304 3395 407 3474 γωγοῦ
432 3378 524 3462 ζωῆς·
549 3384 586 3447 τὸ
612 3383 671 3474 γάρ
696 3394 816 3473 πνεῦμα
836 3385 874 3446 τό
892 3381 1001 3471 θερμόν
1019 3376 1100 3460 ζωῆς
1118 3388 1184 3447 ἐστι
1202 3373 1368 3470 μετάδοσις
1378 3381 1415 3464 ⁵).
1440 3377 1629 3470 Κουρίζεται
1652 3373 1686 3448 δὲ
1708 3381 1780 3446 ἅπαν
1801 3375 1827 3436 τί

305 3483 437 3558 σπεῦδον
463 3497 504 3566 εἰς
528 3493 582 3556 τον
608 3492 671 3556 ἄνω
695 3493 809 3574 τόπον,
835 3491 938 3580 ὥσπερ
965 3489 1061 3579 βρίθει
1086 3491 1122 3554 τό
1148 3495 1190 3565 εἰς
1220 3489 1279 3558 τήν
1304 3491 1382 3560 ὕλην
1408 3491 1587 3577 φερόμενον.
1612 3491 1707 3563 Τέλος
1731 3477 1760 3550 δὲ
1780 3491 1827 3545 τῶν

306 3593 421 3666 ἀνόδων
446 3608 465 3674 ῆ
493 3604 644 3690 μετουσία
670 3609 732 3664 τῶν
757 3599 846 3664 θείων
872 3609 1009 3688 καρπῶν,
1035 3599 1088 3662 καὶ
1111 3604 1129 3670 ῆ
1157 3596 1318 3685 αότοραής
1336 3606 1391 3660 τοῦ
1408 3598 1501 3684 πυρός
1526 3599 1753 3686 ἀποπλήρωσις,
1774 3592 1828 3660 ἥτῑὲ

305 3710 388 3774 ἐστίν
413 3716 431 3782 ή
459 3708 526 3774 θεοῦ
552 3707 628 3798 όψις,
653 3714 692 3784 ῶς
710 3709 760 3774 ὑπ’
778 3710 916 3797 όμμασιν
936 3708 1034 3775 αῠτήν
1052 3705 1173 3770 τιθεῖσα
1190 3716 1244 3769 τοῦ
1263 3705 1395 3794 Πατρός.
1420 3695 1576 3793 Ὑμνῳδός
1602 3697 1635 3769 δὲ
1654 3705 1830 3768 ἀποτελεῖται

305 3828 367 3881 τῶν
393 3817 481 3883 θείων
506 3825 524 3892 ῆ
552 3815 650 3906 ψυχή,
675 3815 759 3880 κατά
783 3819 821 3880 τὸ
845 3817 964 3906 λόγιον,
988 3815 1030 3878 τά
1056 3813 1244 3901 συνθήματα
1268 3823 1323 3876 τοῦ
1348 3815 1470 3901 Πατρός
1495 3813 1537 3877 τά
1561 3813 1684 3902 ἄρρητα
1707 3800 1828 3898 προόαλ·
1895 3840 1900 3887 2

305 3926 420 4015 λομένη
447 3927 500 3990 καὶ
524 3925 738 4014 προσφέρουσα
763 3923 844 3989 αὐτά
857 3921 883 4010 ⁶)
899 3935 945 4008 τῷ
963 3923 1072 4013 Πατρὶ,
1092 3921 1111 3987 ά
1128 3921 1269 3994 ἑνέθησεν
1287 3927 1302 3984 ό
1320 3921 1429 4010 Πατήρ
1447 3927 1487 3997 εἰς
1510 3919 1609 3990 αὑτήν
1627 3925 1658 3985 ἐν
1676 3929 1714 4004 τῇ
1738 3913 1825 4000 πρώτῃ

305 4027 431 4125 παρόδῳ
455 4047 512 4109 τῆς
537 4037 652 4111 οὐσίας.
677 4043 820 4098 Τοιοῦτοι
844 4033 903 4124 γάρ
928 4039 956 4097 οἱ
979 4032 1078 4122 νοεροὶ
1101 4031 1156 4094 καί
1180 4033 1302 4118 ἀρανεῖς
1327 4031 1417 4118 ὕμνοι
1433 4041 1491 4104 τῆς
1517 4030 1712 4120 ἀνοιγομένης
1734 4023 1825 4112 ψυχῆς,

306 4146 522 4217 ἀνακινοόντες
546 4141 605 4210 τήν
632 4139 759 4227 μνήμην
784 4149 846 4203 τῶν
873 4144 1045 4229 ἁρμονικῶν
1069 4138 1183 4227 λόγων,
1209 4143 1237 4202 οί
1259 4140 1400 4227 φέρουσιν
1425 4138 1619 4227 ἀπορρήτους
1644 4135 1757 4206 εἰκόνας
1778 4136 1824 4190 τῶν

306 4251 394 4316 θείων
419 4255 448 4316 ἐν
474 4252 555 4331 αὐτῇ
583 4242 756 4338 δυνάμεων.

343 4429 365 4502 ¹)
384 4429 452 4485 Ood.
473 4429 523 4484 fol.
537 4429 592 4483 ult.
605 4429 659 4482 200
672 4447 699 4484 v.
713 4429 780 4485 Ηυυ
799 4445 894 4500 usque
913 4427 1051 4482 Holsten.
1107 4421 1327 4479 commentario.
1341 4422 1424 4489 Quae
1437 4441 1529 4496 quum
1540 4422 1722 4488 Holstenius,
1736 4421 1765 4472 ut
1779 4411 1825 4466 ine·

305 4521 406 4576 Pauca
418 4537 494 4590 quae
507 4525 676 4591 sequuntur
688 4521 781 4576 verba
794 4519 919 4590 disjecta
935 4516 983 4574 vix
997 4516 1053 4572 eri·
1107 4511 1176 4581 dita,
1196 4511 1443 4585 praecedentibus
1457 4511 1566 4568 libellis
1579 4508 1824 4594 addidit,inpr0113·

304 4609 428 4681 piuutur
439 4627 475 4663 ex
486 4613 550 4663 tota
560 4607 622 4662 folii
636 4609 732 4664 altera
742 4607 851 4679 pagina
864 4607 928 4662 diro
938 4605 1051 4678 liquore
1106 4607 1161 4673 ptu
1178 4601 1263 4657 nobis
1282 4601 1341 4656 fui)
1354 4603 1458 4658 eadem
1471 4602 1528 4658 viri
1546 4601 1625 4657 (106θὶ
1643 4602 1739 4673 leem
1757 4599 1823 4686 *⁶3¹¹

306 4717 339 4754 ιο
358 4699 433 4755 dura
453 4699 555 4754 decem
568 4699 754 4756 saeculorum
768 4699 874 4754 tritura
892 4697 1001 4754 mirum
1021 4699 1051 4754 in
1106 4692 1163 4762 gia·
1183 4693 1218 4746 111
1238 4690 1338 4746 codice
1359 4690 1501 4747 Vaticam
1527 4691 1600 4746 *1³00
1619 4687 1776 4762 frssgmssffl
1790 4691 1822 4728 ω’

305 4788 426 4842 modum
444 4787 646 4858 pessumdata.
666 4789 824 4848 Caeterum
843 4787 930 4843 inane
950 4794 981 4844 et
1000 4805 1052 4861 pu·
1104 4782 1287 4840 scribuntur:
1311 4783 1422 4851 ΙΙρὲκλιν
1436 4783 1462 4834 ἐκ
1476 4785 1518 4842 τῆς
1532 4782 1607 4842 αὐτῆς
1623 4779 1756 4832 Χαλδιϊιήι
1770 4773 1821 4838 φθῆ
1897 4802 1901 4819 =

306 4874 417 4930 tridum
436 4881 483 4931 est
501 4875 600 4931 Procli
620 4883 836 4948 argumentum.
1106 4877 1202 4945 σοφίας·

341 4965 363 5038 ²)
382 4966 427 5019 Ex
447 4965 508 5021 cod.
529 4966 623 5022 Vatio.
646 4968 722 5035 1026,
736 4968 756 5022 f.
770 4968 822 5022 231
843 4985 868 5024 v.
888 4967 961 5024 Post
980 4973 1052 5023 nota
1140 4963 1163 5036 ³)
1182 4963 1219 5017 H.
1240 4961 1288 5016 fol.
1311 4961 1370 5015 147.

305 5054 398 5111 Pselli
418 5056 532 5112 scholia
552 5055 587 5113 de
607 5055 826 5113 Chaldaeorum
844 5057 984 5126 oraculis,
1004 5073 1051 5111 ευ·
1140 5053 1162 5124 ⁴)
1182 5051 1216 5106 H·
1238 5050 1287 5106 fol·
1310 5051 1369 5104 148·

306 5141 415 5198 cedunt
433 5145 533 5202 Procli
552 5145 736 5218 fragmenta,
756 5163 833 5217 quae
857 5146 996 5202 videntur
1014 5163 1052 5201 ox
1142 5142 1165 5214 5)
1184 5141 1219 5195 Η.
1241 5145 1388 5211 μετάδοσις.

305 5229 411 5288 iisdem
430 5236 558 5292 oraculis
577 5240 724 5307 excerpta,
738 5233 786 5290 vel
805 5234 900 5289 libero
917 5233 1052 5306 exposita
1141 5235 1163 5304 ὅ)
1183 5233 1218 5286 Η.
1239 5232 1404 5303 προφέρουσα,
1425 5249 1479 5287 om.
1501 5233 1572 5285 αἰτόν.
