4006 6074
689 563 844 636 Metrum
862 561 901 634 iu
919 561 1044 636 librum
1063 564 1230 639 Judieum

421 735 451 778 ⁴⁵
473 738 566 805 Esset
589 743 626 805 ut
650 743 793 822 extorris,
817 745 850 807 et
873 763 999 827 semper
1021 741 1107 809 fecta
1130 745 1232 810 sevise
1246 740 1282 828 ¹),

472 846 580 914 Solem
603 869 668 913 uon
691 848 797 932 potuit
820 849 954 935 sceptris
977 849 1171 934 subiungere
1193 849 1324 930 Geram,

472 956 610 1024 Ascalon
634 961 730 1043 etque
752 957 890 1038 Aeeten,
914 980 972 1025 uec
994 959 1073 1024 fines
1096 959 1229 1025 subdere
1252 959 1328 1025 lecti
1340 955 1366 1040 ²)

470 1063 543 1150 Ipse
567 1063 637 1131 Deo
659 1066 769 1148 fideus,
793 1066 996 1151 Dominoque
1019 1067 1186 1134 adiunctus
1210 1071 1350 1147 esterno,

471 1171 642 1240 Successus
665 1172 750 1239 bello
772 1173 882 1240 faciles
905 1174 1054 1258 cepiebet
1076 1175 1110 1240 iu
1133 1175 1229 1240 omni.

418 1275 446 1314 ⁸⁰
469 1280 614 1347 Possedit
637 1284 790 1362 montem,
814 1303 944 1348 curvem
966 1283 1041 1366 quia
1064 1282 1199 1348 subdere
1222 1282 1338 1348 vellem

470 1387 544 1455 Non
568 1387 680 1470 veluit,
703 1389 782 1456 forti
804 1389 912 1456 fueret
934 1411 1014 1475 quae
1039 1394 1113 1456 vote
1138 1389 1266 1456 Celebo.

514 1498 575 1566 His
598 1496 680 1564 eutis
702 1497 832 1582 Iosephi
854 1499 969 1566 cohors
992 1519 1064 1566 eum
1086 1498 1191 1565 iudice
1214 1498 1294 1565 lude

470 1605 640 1672 Bethelem
664 1608 841 1690 properent
862 1605 1002 1690 pugnaci
1026 1606 1170 1672 excidere
1193 1591 1305 1686 ferros

470 1711 559 1778 Luze
580 1713 670 1798 prius
692 1713 808 1794 fueret,
832 1713 969 1780 mutevit
992 1717 1135 1799 tempore
1159 1735 1285 1779 nomeu.

419 1815 447 1852 ⁸⁸
470 1820 513 1887 Hi
536 1844 636 1906 quum
658 1822 798 1888 terrifico
820 1821 992 1890 vellessent
1015 1823 1139 1890 moenie
1161 1826 1266 1904 coetu,

470 1928 644 2012 Egressum
667 1952 741 1997 essu
765 1929 935 2015 quemdem
958 1931 1151 2016 cepiuutque
1175 1935 1365 2016 rogentque,

470 2036 518 2102 Ut
539 2036 651 2104 deeset
675 2037 765 2103 urbis
788 2037 903 2120 editus,
928 2038 1044 2124 quibus
1067 2039 1195 2124 agmine
1218 2037 1315 2104 denso

471 2143 644 2224 letrantes,
668 2145 797 2212 releent
821 2145 959 2213 ferretus
982 2147 1132 2232 frangere
1154 2150 1275 2232 portes.

472 2252 594 2319 Merces
615 2253 722 2338 prime
745 2253 808 2320 fuit
830 2254 939 2321 iuveni
963 2254 1132 2340 deposcere
1155 2255 1255 2320 vitem

420 2354 447 2393 ⁶⁰
473 2359 575 2438 Quem
599 2362 728 2443 meruit,
751 2361 893 2447 petrium
916 2361 1059 2448 gaudeus
1081 2361 1261 2431 convellere
1283 2359 1415 2427 vellum.

471 2467 621 2536 Proditor
645 2470 770 2538 occulto
794 2474 966 2555 penetrans
988 2495 1047 2538 sue
1068 2472 1194 2538 moenie
1216 2471 1315 2551 furto,

470 2575 556 2642 Dum
580 2577 710 2644 redimit
733 2600 814 2660 sese,
839 2582 1013 2664 eoguetem
1036 2577 1179 2645 vendidit
1202 2577 1324 2643 urbem.

474 2682 522 2750 Ac
545 2689 619 2768 post
642 2685 809 2751 interitum
832 2686 1001 2766 sociorum,
1025 2686 1065 2752 ed
1088 2686 1203 2770 iugere
1225 2684 1344 2750 Oetbee

472 2789 600 2872 Avolet,
625 2796 658 2857 et
680 2792 788 2877 petrio
812 2792 851 2858 de
876 2792 1003 2859 nomine
1023 2792 1184 2860 construit
1207 2789 1324 2870 sulem,

423 2891 453 2937 ⁶⁵
475 2896 522 2962 Ut
544 2902 638 2982 peret
651 2894 687 2980 ³).
711 2898 757 2965 At
780 2899 844 2966 eliu
866 2899 1029 2966 Menesses
1052 2897 1181 2985 praedis
1204 2897 1319 2964 Beetee

471 3003 548 3072 Nou
571 3007 686 3088 tenuit,
709 3006 861 3093 scythicis
884 3007 1012 3074 fuerent
1035 3029 1117 3094 quee
1140 3011 1235 3092 cepte
1256 3004 1388 3084 colonis,

474 3111 544 3181 Nee
567 3113 684 3196 Teura,
707 3114 938 3202 Germanusque
952 3115 990 3201 ¹),
1013 3138 1072 3184 nee
1096 3115 1236 3184 culmine
1257 3112 1364 3180 Doree

473 3219 543 3288 Nec
564 3222 714 3304 Abelem,
737 3245 795 3291 nee
817 3246 900 3308 quoe
923 3229 998 3292 sunt
1020 3225 1130 3292 iuncte
1152 3245 1229 3290 erse
1250 3219 1391 3305 Medogi.

515 3329 601 3398 Hine
625 3330 776 3415 quonism
800 3333 908 3417 coepit
931 3331 1126 3399 Oheueunus
1149 3331 1247 3397 fidere
1269 3327 1376 3407 terris,

423 3431 452 3470 ⁷⁰
475 3435 537 3514 Qui
560 3437 646 3504 solus
660 3435 700 3525 ⁵),
723 3440 847 3506 cunctis
869 3439 982 3506 iudeeo
1006 3440 1127 3506 vindice
1151 3438 1264 3523 ceptis,

477 3545 625 3612 Emeruit
647 3547 769 3614 medius
792 3548 913 3632 patries
937 3567 1001 3613 non
1024 3547 1157 3632 perdere
1180 3545 1281 3624 sedes,

476 3650 651 3720 commodo
672 3655 819 3740 perpetui
844 3655 958 3721 solitus
981 3658 1145 3739 praestare
1168 3652 1293 3720 tributi.

473 3759 533 3826 His
556 3765 683 3828 tentum
705 3784 788 3847 ques
811 3763 912 3830 Midfe
934 3758 1062 3842 fovet⁶)
1086 3766 1120 3828 et
1142 3783 1223 3847 ques
1247 3758 1346 3827 cultio
1370 3757 1513 3823 Bethsee

471 3867 627 3935 Immunis
648 3869 774 3936 nullum
797 3871 935 3956 vectigal
958 3869 1120 3957 praestitit
1142 3869 1239 3950 besti,

423 3970 451 4008 ⁷⁵
476 3975 545 4044 Nee
567 3977 672 4044 miuus
695 3978 872 4064 intrepidus
894 3980 970 4046 dum
993 3979 1116 4046 bellum
1137 3977 1253 4044 temnit
1275 3976 1450 4043 Amorreus
1463 3969 1502 4058 ⁷).

478 4083 640 4152 Exturbet
662 4086 804 4153 sobolem
827 4087 936 4168 Derris,
960 4087 1108 4173 ferroque
1131 4089 1266 4153 coercet.

477 4191 634 4278 'surgenti
657 4195 807 4278 quonism
829 4194 961 4262 molitus
984 4196 1099 4280 degere
1122 4195 1213 4274 colle,

427 4319 428 4322 ’
472 4298 549 4366 Nou
571 4300 701 4368 dederet
723 4300 832 4369 feciles
855 4302 895 4368 ed
918 4303 1045 4370 subdite
1067 4303 1165 4388 plene
1187 4323 1342 4369 recursus.

477 4407 615 4475 Incoluit
637 4413 778 4476 montem
801 4431 865 4495 quo
888 4411 1028 4496 plurime
1051 4412 1147 4478 turbe
1169 4410 1312 4478 ferarum

233 4669 256 4741 ¹)
273 4669 344 4728 Jud„
356 4672 434 4745 1‚17.
449 4671 851 4746 ‹Voestumqueestnomen
859 4673 942 4734 urbis
995 4679 1127 4733 Βαιθσὰν...
1147 4681 1258 4731 eecce..
1278 4679 1360 4745 sep...
1381 4673 1500 4746 Μαγιδώ.
1521 4671 1557 4728 In
1583 4687 1662 4728 nove
1687 4670 1748 4728 edi·

193 4759 313 4831 Horma,
333 4761 364 4817 id
383 4767 431 4818 est
449 4763 645 4820 anathema».
996 4765 1077 4823 tione
1095 4763 1247 4824 Lucienee
1265 4765 1300 4822 P.
1319 4762 1503 4836 Delegerde:
1522 4767 1643 4818 Breues...
1663 4761 1749 4832 ’detq

232 4850 256 4923 ²)
273 4852 369 4910 Juxta
394 4868 463 4927 Lxx,
488 4872 541 4927 pro
567 4858 617 4914 leti
637 4855 799 4930 legendum
820 4857 943 4916 videtur
996 4862 1085 4914 redd...
1105 4861 1254 4932 Μαγιδδὼν.
1273 4855 1333 4912 Pro
1346 4859 1468 4912 Messene
1482 4851 1572 4910 etiem
1583 4851 1625 4909 ibi
1637 4851 1748 4926 legitur

193 4943 283 5000 Aeoli.
999 4951 1115 5008 Μωυσῆς.

229 5029 254 5103 ³)
272 5033 376 5089 autam
396 5037 547 5104 apparent
564 5039 600 5093 nt
618 5035 648 5094 O.
667 5059 685 5094 e
696 5035 875 5095 Aedifieevit
901 5036 944 5095 ibi
1034 5040 1058 5112 ὓ)
1076 5036 1133 5112 Ele
1152 5039 1317 5110 recurrunt,
1337 5033 1373 5106 Α,
1393 5035 1424 5107 (t,
1443 5031 1578 5092 lecnnosi
1593 5031 1749 5108 archetypi

194 5117 357 5194 eivitetern,
378 5122 556 5196 vooevitqus
575 5141 642 5182 seru
659 5126 780 5198 Luzem,
806 5127 946 5201 quesite
991 5119 1178 5202 'epogrepbe

195 5208 362 5282 appelletur
382 5211 528 5284 usquein
546 5217 735 5286 praesentem
754 5215 832 5272 diem
842 5236 868 5271 ».
1033 5220 1057 5291 ο)
1075 5221 1101 5275 ie
1119 5219 1237 5274 tantum
1255 5233 1342 5290 quem
1362 5217 1431 5274 idea
1449 5215 1527 5288 fecit
1551 5213 1588 5272 A.
1611 5213 1673 5272 Nee
1696 5213 1750 5270 lux

228 5299 253 5370 ⁴)
273 5315 342 5357 eum
355 5302 462 5358 viculis
474 5304 537 5360 sule
550 5303 632 5376 vulg.
646 5321 780 5362 euenere
792 5321 851 5362 vox
867 5324 946 5364 nove
997 5308 1034 5365 st
1052 5323 1090 5364 ex
1108 5321 1176 5363 uxr.

193 5384 321 5460 videtur,
347 5403 530 5464 prorsusque
556 5389 668 5465 ignote
693 5393 783 5466 Apud
806 5409 875 5450 cxx·
901 5398 945 5454 cle
1034 5397 1058 5472 Ἰ)
1077 5411 1216 5454 amorres
1235 5397 1270 5452 A.
1290 5394 1322 5452 0.
