4006 6074
277 479 311 534 16
707 467 922 562 Porphyrius
939 471 982 542 de
1000 467 1166 560 Epicuro.
1188 511 1202 523 -
1219 471 1385 546 Alcimus.

274 637 495 714 Ἀτλαντίνους
519 637 620 731 λόγῳ,
645 639 697 703 καί
720 648 797 705 ποῖοι
820 650 885 717 τοῖς
910 643 1035 728 ὁμοίοις.
1060 647 1121 708 Τοῦ
1145 634 1178 708 δέ
1210 642 1358 708 Κολώτου
1390 640 1620 734 ψυχρευομένου
1650 641 1735 708 κατά
1759 641 1819 715 τήν

273 739 356 823 λέξιν
380 745 487 827 ὄντως,
512 744 565 809 καί
588 749 809 824 ἐπικαλοῦντος
834 759 874 834 τῇ
902 741 1028 835 εἰσύολῇ
1054 760 1109 815 τοῦ
1134 741 1343 840 διηγήματος,

274 963 297 1028 f.
322 965 364 1028 24
392 963 442 1044 [ὡς
468 951 683 1051 μειρακιώδει,
708 953 759 1026 διά
789 961 830 1026 τά
855 963 999 1027 Ἀλκίνου
1031 963 1084 1028 καί
1108 963 1259 1052 Ἀλκίμου
1290 963 1484 1054 παράλληλοι
1515 967 1642 1054 κείμενα
1666 966 1820 1054 ὀνόματα,

276 1073 403 1153 (κα)λῶς
428 1069 483 1158 μὲν
508 1070 561 1133 καί
585 1069 785 1159 όῐίορφύριος
802 1071 897 1134 αὐτόν
920 1069 1123 1160 έπερράπισεν
1141 1077 1180 1148 ὡς
1205 1071 1358 1162 ἄγευστον
1382 1075 1615 1164 λογογραφικῆς
1639 1074 1692 1137 καὶ
1716 1097 1823 1163 σοφισ-

236 1206 248 1246 a
274 1187 364 1251 τικῆς
388 1175 515 1265 χάριτος
539 1176 593 1240 καί
616 1176 744 1266 μούσης,
764 1181 840 1265 ὁμοῦ
858 1170 891 1242 δὲ
908 1171 1058 1254 ὀνειδίσας
1076 1181 1172 1260 αύτῷ,
1189 1180 1242 1243 καί
1258 1181 1308 1245 ότι
1325 1179 1523 1270 Κολωτάριον
1541 1183 1646 1266 αὑτὸν]
1673 1185 1689 1244 ὑ
1714 1172 1822 1244 διδάσ-

275 1287 370 1359 καλος
387 1283 493 1349 ἐκάλει
508 1281 617 1372 [θαμίη
629 1285 683 1348 καί
696 1287 751 1350 οὑκ
763 1283 869 1374 όρθῶς]
883 1286 1005 1368 ἤκουεν,
1018 1281 1277 1376 ὑποκοριζομένου
1294 1298 1349 1352 τοῦ
1364 1286 1572 1379 Ἐπιίκούρου]
1586 1290 1641 1354 τὀν
1655 1287 1821 1362 Κολώτην·

274 1397 309 1458 σύ
334 1391 395 1480 μὴν
419 1390 502 1456 ἀλλά
533 1395 657 1466 κάκεῖνο
685 1394 839 1484 [ρητέ]ον,
864 1395 914 1458 ὅτι
944 1405 1008 1470 τοῖς
1033 1393 1151 1471 ἠθικοῖς
1180 1395 1363 1484 πλάσμασι,
1389 1395 1529 1483 μάλιστα
1554 1387 1623 1484 [δεῖ]
1649 1408 1820 1475 ποιητικῆς

273 1499 412 1590 χάριτος,
435 1500 504 1565 έπεί
527 1501 581 1564 καί
596 1503 729 1589 πο[λλῆς
747 1503 928 1591 με]τέχουσι
944 1513 1002 1578 τῆς
1019 1502 1168 1579 τοιαύτης
1190 1494 1280 1581 ἰδέας,
1297 1504 1371 1594 πρός
1392 1495 1426 1568 δὲ
1449 1506 1574 1577 ποίησιν
1599 1496 1756 1594 εὐδοκιμεῖ
1777 1506 1819 1572 τά

273 1617 417 1685 τοιαῦτα,
444 1607 584 1697 μάλιστα
603 1609 680 1695 [καί]
698 1619 760 1674 τῶν
778 1619 832 1673 τοῦ
849 1609 984 1686 κάλλους
1003 1608 1178 1699 σχημάτων
1195 1610 1279 1675 ἐστίν
1296 1611 1425 1696 ἑᾷκείνη]
1447 1601 1601 1701 διακορής.
1627 1613 1663 1678 ‘0
1688 1613 1743 1702 μέν
1767 1608 1819 1678 ούν

219 1746 246 1784 ιο
274 1718 419 1780 Ἀλκίνου
445 1717 600 1806 ἀπόλογος
625 1708 718 1788 δηλοῖ
741 1715 800 1788 τήν
818 1718 884 1800 ἑνί)
903 1709 1047 1782 Ἀλκίνου
1064 1728 1119 1783 τοῦ
1136 1708 1308 1793 Ὀδυσσέως
1329 1720 1487 1804 [νεκυί]αν·
1504 1712 1538 1783 ού
1563 1710 1600 1790 δή
1625 1717 1666 1786 τά
1690 1723 1720 1784 ἐν
1744 1710 1819 1804 ᾅδου

274 1815 433 1917 διηγεῖται
457 1824 603 1910 θεάματα
627 1825 682 1888 καί
714 1825 771 1890 όσα
802 1816 863 1890 ίδεν
888 1824 941 1892 καί
965 1821 1014 1889 οἷα
1038 1826 1189 1907 ἀκήκοεν,
1213 1836 1278 1902 τοῖς
1304 1827 1445 1916 σφαγίοις
1474 1826 1669 1916 χρησάμενος
1697 1828 1819 1909 καὶτῷ

273 1937 385 2024 αἵματι
409 1943 453 2016 τῷ
477 1930 655 2022 ψυχουλκῶ.
680 1934 740 1996 Καί
755 1931 814 2023 γάρ
832 1935 882 2000 ἐπί
897 1932 1024 2008 πάντων
1043 1944 1105 1998 τῶν
1126 1926 1256 2000 τοιῶνδε
1281 1925 1489 2024 διηγημάτων
1506 1926 1681 2011 ἐξενίκησεν
1706 1939 1745 2009 ὡς
1770 1934 1820 1999 ἐπὶ

271 2043 452 2132 παροιμίας,
476 2042 531 2112 τόν
555 2040 701 2104 Ἀλκίνου
727 2040 883 2130 ἀπόλογον
907 2040 1025 2133 λέγειν·
1050 2051 1104 2106 τοῦ
1129 2032 1164 2106 δὲ
1184 2041 1384 2132 προκειμένου
1410 2040 1506 2129 μύθου
1526 2041 1580 2105 καὶ
1604 2045 1698 2105 αὑτοῦ
1722 2039 1818 2106 τάἑν

272 2140 347 2233 ᾅδου
369 2149 553 2238 ποιουμένου
578 2141 712 2236 φράζειν,
739 2147 867 2224 εἰκότως
888 2147 1154 2238 ἀντιπαρατείνειν
1173 2148 1266 2213 αὐτόν
1289 2139 1479 2212 ἐνδείκνυται
1503 2157 1548 2230 τῷ
1574 2149 1717 2211 Ἀλκίνου
1742 2149 1820 2212 ἀπο-

219 2283 244 2326 νο
270 2257 368 2346 λόγῳ,
392 2266 542 2323 τοσοῦτον
567 2255 660 2342 μόνον
684 2249 877 2333 ὑπαλλάξας,
895 2256 945 2320 ότι
968 2259 1031 2320 ἐκεῖ
1047 2255 1101 2344 μὲν
1126 2260 1141 2318 ό
1166 2255 1285 2320 ἀκούων
1310 2254 1507 2340 Ἀλκίνους’)
1530 2251 1568 2330 ἦν
1593 2259 1628 2320 ού
1651 2255 1817 2342 πολεμικός

273 2363 361 2453 ἀνὴρ,
387 2361 457 2427 ἀλλ’
484 2367 525 2439 εἰς
549 2363 672 2452 εἰρήνην
698 2363 821 2446 βλέπων
845 2363 899 2427 καί
922 2363 1055 2452 τρυφήν·
1080 2367 1095 2426 ό
1121 2354 1155 2432 δὲ
1176 2363 1230 2426 τόν
1256 2360 1350 2450 μῦθον
1375 2374 1485 2428 τοῦτον
1510 2353 1741 2452 διηγησάμενος
1765 2361 1819 2425 καί

271 2473 363 2547 αὑτός
388 2473 615 2562 ἀπαγγείλας,
630 2469 783 2560 Ἀλκιμός
807 2495 853 2545 τις
878 2465 927 2546 ἦν,
952 2474 983 2534 ἑν
1007 2469 1134 2557 πολέμῳ
1158 2493 1193 2534 τε
1225 2468 1405 2548 ἀποθανὼν,
1428 2471 1481 2533 καί
1504 2457 1546 2534 τα
1570 2467 1654 2533 κατά
1677 2469 1815 2557 πόλεμον

272 2571 342 2644 ἰδὼν
367 2577 444 2668 άπερ
469 2580 680 2671 ἀπήγγειλεν,
704 2576 906 2668 χωρισθείοης
931 2582 1016 2661 αὑτῷ
1040 2587 1097 2651 τῆς
1122 2574 1223 2666 ψυχῆς
1247 2581 1282 2642 ἑκ
1306 2587 1361 2642 τοῦ
1394 2575 1556 2666 σώματος·
1581 2579 1648 2666 ἔχοι
1667 2568 1698 2640 ’δ’
1724 2577 1760 2641 άν
1785 2601 1818 2642 τι

268 2686 375 2765 πλέον,
399 2691 439 2762 ὡς
462 2686 516 2750 καί

215 2929 242 2967 ιο
268 2904 292 2970 f.
316 2905 361 2970 24
384 2925 413 2970 v.
439 2903 474 2993 [.
500 2952 506 2965 .
531 2952 538 2964 .
563 2952 569 2966 .
594 2903 734 2990 εἴπαμεν,
759 2907 778 2976 νή
804 2911 866 2966 τῶν
892 2895 1100 2994 διηγημάτων
1125 2901 1244 2966 τούτων
1269 2893 1395 2972 εἰσόολή
1420 2901 1494 2991 πρός
1518 2891 1657 2979 ἔνδειξιν,
1681 2902 1731 2966 ότι
1754 2899 1816 2974 τὴν

269 3009 468 3099 μέν’ἑκείνην
492 3011 615 3074 νεκυίαν
640 3011 696 3074 οὑκ
720 3000 891 3100 ἀπεδέχετο
915 3021 1015 3086 σκιαῖς
1038 3005 1221 3090 εἰκάζουσαν
1245 3012 1309 3085 τάς
1326 3013 1356 3074 έν
1382 2999 1457 3093 ᾅδου
1481 3007 1581 3098 ψυχάς
1606 3009 1658 3074 καί
1682 3011 1815 3074 τόν...

269 3109 496 3207 ἀνδρειοτάτων
519 3116 676 3182 ποθοῦντα
700 3117 759 3190 τήν
783 3121 814 3182 ἐν
838 3109 914 3202 ᾅδου
939 3110 1029 3191 δίκην
1049 3117 1314 3208 εἰσάγουσαν,καί
1335 3115 1442 3182 πάντα
1466 3119 1523 3181 όοα
1537 3168 1544 3180 .
1559 3167 1589 3181 ..
1612 3120 1643 3182 έν
1657 3168 1663 3181 .
1679 3167 1706 3180 ..
1731 3121 1818 3182 ἑπισ-

266 3223 387 3302 τάοεως
409 3219 554 3312 ήξίωᾷσεν
578 3227 823 3291 κατατείνουσαν
838 3227 864 3312 ⁸)
891 3225 1001 3310 [αὐτὴν
1026 3217 1069 3312 δὲ]
1095 3227 1191 3302 όντως
1216 3215 1357 3314 ἀνδρικοῦ
1381 3225 1473 3314 φησὶν
1499 3217 1606 3315 ἀνδρός
1634 3221 1723 3309 εἶναι,
1746 3237 1816 3302 ταῖς

268 3333 365 3408 ὁσίαις
389 3327 502 3421 ψυχαῖς
526 3333 580 3397 τόν
604 3337 670 3398 ἐκεῖ
684 3332 779 3396 τόπον
797 3333 989 3423 μακάριστον
1007 3325 1215 3399 ἀποδιδοῦσαν
1233 3333 1286 3398 καὶ
1303 3341 1372 3408 ταῖς
1393 3335 1524 3408 ἀνοσίοις
1547 3333 1816 3410 κολαστικόν,καί

212 3465 240 3502 ιε
268 3443 302 3504 ού
326 3441 380 3505 τόν
405 3440 501 3503 τόπον
527 3439 640 3522 αὐτόν,
664 3439 748 3504 ἀλλά
772 3440 831 3512 τήν
863 3434 945 3518 ζωήν
978 3441 1165 3530 αἰτιωμένην
1198 3439 1364 3528 μονονουχὶ
1396 3449 1499 3528 σαφῶς
1513 3440 1537 3527 ¹)
1564 3441 1619 3503 τόν
1645 3433 1815 3530 Σωκράτην

266 3548 378 3638 λέγειν·
403 3549 472 3636 ούχί
496 3549 550 3614 τόν
574 3549 739 3622 ποιητικόν
765 3549 888 3639 τρόπον,
908 3549 991 3632 ἀλλά
1007 3551 1062 3614 τόν
1079 3551 1241 3614 πολιτικόν
1259 3542 1417 3622 διαθήσειν
1439 3547 1497 3619 τήν
1523 3540 1669 3639 διήγησιν
1693 3547 1815 3619 ταύτην

267 3656 320 3720 καί
351 3656 433 3720 οὑτω
467 3654 713 3747 μυθολογήσειν,
736 3661 776 3732 ὡς
799 3658 965 3746 προσήκειν
996 3667 1061 3732 τοῖς
1092 3647 1317 3747 ἀνδριζομένοις
1349 3658 1402 3722 καί
1424 3656 1498 3746 πρός
1526 3655 1661 3719 θάνατον
1692 3657 1814 3744 ἔχουσιν

267 3755 374 3840 ἀδεῶς,
399 3766 470 3827 ἀλλ’
496 3767 530 3828 ού
553 3774 618 3839 τοῖς
643 3767 779 3854 φρίττειν
804 3761 984 3851 εἰθισμένοις
1001 3765 1055 3828 τόν
1072 3754 1161 3847 ᾅδην·
1180 3763 1233 3828 καί
1249 3763 1340 3854 γάρό
1363 3775 1417 3829 τοῦ
1442 3762 1539 3852 μύθου
1562 3761 1668 3853 πατὴρ
1693 3755 1815 3828 τοιόσδε

266 3896 314 3946 τις
336 3867 374 3940 ἦν
398 3861 549 3961 γεννάδας
574 3876 613 3946 ὡς
638 3869 777 3947 άληθῶς,
801 3871 854 3935 καί
878 3867 981 3961 ψυχήν
1006 3873 1086 3960 ἔχων
1110 3869 1256 3960 σώματος
1280 3876 1493 3960 ὑπερορῶσιν,
1517 3869 1667 3958 καὶπρὸς
1690 3871 1728 3934 τό
1752 3868 1815 3932 άνω

211 4001 238 4040 ιο
267 3979 393 4063 βλέπειν
418 3971 610 4056 ἑπιτήδειαν,
635 3979 688 4042 καί
712 3969 750 4043 δι’
775 3973 812 4054 ἧς
835 3981 946 4054 ἀλκῆς,
971 3976 1055 4042 κατά
1080 3977 1117 4042 τό
1140 3978 1258 4067 λόγιον,
1283 3971 1504 4067 χωριζωμένην
1528 3975 1589 4040 ἀπό
1613 3984 1675 4038 τῶν
1700 3979 1813 4040 ὑλικῦν

266 4085 416 4176 Ιοργοίνων·
440 4085 494 4152 καί
511 4091 552 4162 εἰς
576 4087 614 4151 τό
632 4085 762 4161 ἄναντες
780 4084 850 4150 εύθύ
867 4096 922 4150 τοῦ
939 4089 1066 4175 ούρανοῦ
1082 4095 1253 4175 χωροῦσαν·
1270 4083 1290 4148 ἀ
1307 4076 1344 4156 δή
1363 4083 1417 4148 καί
1432 4082 1473 4148 τά
1489 4076 1559 4160 ἑξῆς
1576 4082 1764 4171 παρίστησιν
1777 4077 1813 4164 ⁵).

599 4315 644 4376 -ζ-
661 4299 720 4377 ’ος
736 4323 814 4366 ποτε
831 4303 862 4366 ἐν
879 4301 1006 4387 πολέμῳ
1023 4300 1227 4382 τελευτήσας,
1242 4299 1413 4389 ἀναιρεθέν·
1436 4311 1480 4373 ÷

599 4423 643 4485 ÷
666 4434 728 4474 των
754 4401 928 4474 δεκαταίων
953 4418 1016 4472 τῶν
1040 4417 1164 4497 νεκρῶν,
1181 4399 1242 4482 ήδη
1270 4401 1413 4496 διεφθαρ-
1436 4419 1480 4480 -ζ-

598 4531 642 4592 ÷
666 4518 783 4606 μένων,
807 4514 896 4605 ὑγιής
925 4516 979 4604 μὲν
1013 4515 1166 4602 ἀνῃρέθη,
1190 4515 1347 4604 κομισθεὶς
1380 4505 1413 4580 δὲ
1437 4527 1481 4588 -2-

598 4638 643 4701 ÷
666 4615 791 4698 οἴκαδε,
817 4623 940 4710 μέλλων
973 4621 1162 4700 θάπτεσθαι,
1187 4614 1413 4700 δωδεκαταῖος,
1437 4635 1482 4696 -2-

1232 4723 1299 4795 όίω.
1324 4743 1368 4807 -ζ-

709 4746 754 4807 -ζ-
777 4731 827 4796 ἐπὶ
850 4741 892 4815 τῇ
916 4739 998 4819 πυρᾷ
1021 4733 1158 4821 κείμενος
1177 4733 1230 4794 ἀνε

264 4933 329 4985 θεία
346 4926 474 4986 historia
493 4934 559 4982 κατὰ
577 4933 618 4981 τόν
632 4927 710 5000 Γύγου
729 4927 856 4999 πρόγονον,
877 4924 913 4980 de
926 4923 1012 4998 Gyge
1106 4925 1127 4998 ¹)
1147 4925 1169 4978 ἰν
1189 4923 1308 4982 videtur
1327 4923 1487 4980 abundare.

262 5018 379 5092 Lydico
391 5018 516 5092 Dascyli
531 5018 598 5089 filio,
614 5023 679 5074 tum
693 5015 841 5088 colloquia
853 5015 969 5073 Solonis
982 5013 1013 5073 in
1102 5015 1125 5088 ²)
1143 5014 1245 5072 Prima
1263 5029 1355 5068 manu
1374 5015 1483 5069 ἀλαίνει.
1527 5015 1529 5022 ’

263 5111 402 5182 Aegypto
421 5108 502 5182 apud
514 5108 685 5165 sacerdotes
699 5115 765 5160 κατὰ
783 5110 949 5176 &fla-evium,
969 5104 1012 5162 sic
1102 5102 1126 5176 ³)
1144 5101 1193 5158 fol.
1214 5102 1249 5156 63
1267 5101 1304 5156 H.

263 5197 326 5254 eod.
346 5214 400 5272 pro
414 5199 581 5259 ἀτλαντυιούς.
596 5201 643 5251 Τόν
657 5199 735 5270 Γύγου
748 5199 878 5250 δακτύλιον
891 5194 1014 5268 respicit
1101 5194 1125 5263 ⁴)
1145 5196 1232 5264 σαφῶς
1252 5208 1347 5263 usque
1366 5190 1404 5247 ad
1421 5192 1476 5260 ούχί
1494 5209 1550 5248 om.
1569 5190 1607 5246 Η.

262 5287 350 5344 Plato
369 5286 400 5342 in
419 5287 543 5356 nepum.
564 5301 582 5342 x
602 5304 630 5342 n.
650 5301 702 5356 πει,
722 5283 807 5344 nobis
825 5303 853 5358 p.
872 5283 934 5340 397.
1102 5283 1230 5354 5)Ρ1ιιιο
1249 5281 1267 5336 l.
1287 5297 1306 5336 1.
1326 5299 1352 5352 p.
1372 5280 1435 5337 310.
