4006 6074
481 482 630 557 Animas
648 497 785 576 corpore
802 484 929 558 solutas
946 484 1170 564 Providentia
1180 486 1278 576 justa
1297 485 1470 560 discernit.
1718 495 1753 551 11

204 660 386 748 ἀναγκαίοιν
410 655 512 720 ὄντοιν
530 657 560 720 ἑν
578 665 642 731 τοῖς
659 653 733 745 ὑπὲρ
749 663 812 719 τῶν
831 652 947 744 μισθῶν
971 653 1088 744 λόγοις,
1109 646 1215 729 ἐπειδή
1236 654 1364 746 θάτερον
1376 656 1399 738 ¹)
1426 659 1528 722 αὐτῶν
1553 649 1751 746 προκαταθέ-

204 758 323 836 ύληται
348 755 387 828 δι’
413 754 599 840 ἀποδείξεων
618 763 827 852 ἀνελέγκτων,
843 761 998 852 χωριστὰς
1014 756 1092 827 εἶναι
1109 761 1164 838 τάς
1181 759 1281 852 ψυχάς
1298 761 1464 852 σωμάτων,
1483 761 1524 852 μή
1552 763 1752 854 φθειρομένας

204 874 345 948 ὑπὸτῆς
370 880 453 961 σφῶν
478 875 580 935 αὐτῶν
604 873 754 959 πονηρίας
784 881 842 945 τῆς
866 869 1022 959 ἐσχάτης,
1046 861 1108 935 ἔδει
1131 871 1168 935 τύ
1196 872 1305 934 λοιπόν
1337 873 1540 961 ὑπομνήσεως
1574 867 1753 952 ἀξιώσαντα

206 971 449 1053 καταδήσασθαι
473 969 513 1042 δι’
538 981 670 1067 ἀμφοῖν,
696 976 745 1052 οθς
770 968 955 1055 ἀναδιδάξαι
978 976 1130 1068 προύθετο
1155 987 1217 1042 τῶν
1247 969 1373 1042 δικαίων
1398 979 1450 1042 καὶ
1475 971 1589 1046 ἀδίκων
1614 981 1752 1070 μισθούς,

167 1122 179 1162 ι
207 1095 307 1154 Τοῦτο
332 1079 370 1158 δὴ
396 1080 448 1151 ούν
473 1085 527 1150 καὶ
551 1087 643 1161 αὐτὸς
666 1079 881 1175 ἐργαζόμενος,
904 1091 943 1160 ὡς
966 1085 1036 1175 ἐμοί
1060 1077 1155 1162 δοκεῖ,
1179 1085 1232 1150 καὶ
1255 1086 1310 1150 τόν
1333 1087 1402 1178 περὶ
1426 1098 1488 1152 τῶν
1513 1089 1635 1155 κύκλων
1658 1091 1753 1181 λόγον

152 2294 179 2330 15

153 3363 180 3401 2⁵

206 1201 247 1273 εἰς
272 1195 364 1286 μέσον
388 1193 584 1285 παρήγαγεν,
609 1193 662 1256 καί
686 1195 740 1258 τόν
764 1193 835 1283 περὶ
858 1203 920 1258 τῶν
946 1203 1070 1284 μοιρῶν,
1088 1196 1136 1258 ἵνα
1154 1185 1190 1264 δὴ
1210 1192 1364 1285 γνώριμον
1385 1196 1526 1287 γένηται,
1551 1198 1605 1260 καί
1629 1199 1678 1262 ότι
1702 1199 1754 1264 τέ-

206 1328 323 1368 τακται
340 1304 377 1368 τό
392 1313 465 1380 πᾶν,
482 1303 536 1366 καὶ
552 1303 602 1366 ότι
625 1300 819 1391 προυπάρχει
843 1299 884 1366 τά
908 1300 1070 1367 τάττοντα
1094 1312 1156 1366 τῶν
1175 1303 1379 1392 ταττομένων
1395 1303 1431 1385 ²).
1449 1310 1484 1368 Εἰ
1507 1305 1566 1397 γάρ
1584 1309 1650 1371 ἐστι
1666 1299 1754 1385 τάξις

207 1416 238 1478 έν
255 1422 300 1494 τῷ
318 1412 425 1500 κόσμῳ
443 1412 510 1499 μία,
527 1410 581 1474 καί
603 1410 731 1500 πρόνοια
755 1420 812 1484 τῆς
836 1402 954 1486 τάξεώς
978 1411 1046 1475 ἐστι
1069 1397 1123 1474 κάί
1146 1409 1277 1486 ταύτης,
1301 1411 1356 1474 καὶ
1379 1401 1465 1476 οὐδὲν
1489 1411 1609 1486 ταύτης
1627 1404 1685 1488 ἔξω
1701 1435 1755 1502 γε-

208 1520 312 1586 νέσθαι
335 1545 367 1585 τι
381 1517 406 1604 ⁸)
431 1518 556 1608 θεμιτόν
580 1527 643 1582 τῶν
668 1515 843 1582 τελούντων
860 1520 900 1592 εὶς
916 1518 954 1580 τό
970 1525 1041 1582 πᾶν·
1060 1517 1127 1582 ἔστι
1144 1507 1182 1591 δή
1200 1541 1260 1582 που
1276 1517 1330 1581 καὶ
1350 1521 1390 1594 εἰς
1414 1517 1471 1595 τάς
1496 1515 1596 1609 ψυχάς
1620 1543 1667 1596 τις
1692 1519 1753 1584 ἀπό

209 1630 328 1706 ταύτης
353 1627 536 1702 καθήκουσα
560 1618 693 1715 διανομή
719 1635 774 1690 τοῦ
798 1629 870 1690 κατ’
897 1619 995 1703 ἀξίαν·
1021 1627 1051 1690 έν
1069 1625 1165 1690 παντί
1181 1624 1241 1715 γάρ
1265 1619 1334 1709 ζώῳ
1357 1625 1441 1692 κατά
1457 1626 1545 1716 φύσιν
1571 1617 1754 1717 διακειμένῳ

207 1735 250 1801 τά
273 1735 349 1826 μέρη
378 1733 487 1820 βλέπει
510 1735 584 1825 πρός
607 1734 644 1798 τό
669 1735 751 1809 ὅλον,
777 1732 830 1797 καὶ
853 1737 919 1798 ἐκεῖ
941 1733 1095 1798 τάττεται

207 1957 230 2020 f.
252 1958 290 2022 19
310 1953 464 2039 [έκαστοη
481 1945 515 2015 ού
539 1949 655 2040 ταχθὲν
674 1953 707 2014 ού
725 1947 867 2016 σαλεύσει
882 1948 942 2020 τήν
958 1959 1014 2014 τοῦ
1031 1951 1105 2014 ὅλου
1122 1942 1221 2027 τάξιν.
1240 1954 1277 2014 Οί
1293 1949 1347 2039 μὲν
1365 1943 1415 2015 ούν
1438 1960 1483 2034 τῷ
1509 1949 1679 2039 αὐτομάτῳ
1703 1949 1756 2015 καί

206 2073 246 2146 τῇ
272 2072 355 2150 τυχῇ
381 2060 419 2124 τό
435 2068 496 2124 πᾶν
513 2054 744 2148 ἐπιτρέψαντες,
762 2050 849 2122 οὐδέν
866 2049 937 2123 ούδὲ
953 2056 1093 2148 γίνεσθαι
1110 2056 1202 2147 φασίν
1219 2057 1303 2123 κατά
1326 2059 1471 2149 πρόνοιαν
1496 2059 1549 2124 καὶ
1574 2049 1675 2141 δίκην,
1699 2060 1754 2123 τόν

206 2180 274 2235 νοῦν
299 2169 353 2233 καί
377 2169 430 2232 τόν
454 2167 549 2258 λόγον
574 2167 687 2256 ύστερα
711 2175 948 2241 ποιοῦντεςιτοῖι
973 2165 1164 2254 αὐτομάτου,
1189 2165 1243 2230 καί
1266 2176 1412 2258 γεννῶσιν
1437 2166 1497 2231 ἀπὸ
1521 2175 1583 2231 τῶν
1607 2165 1754 2256 χειρόνων

207 2276 248 2342 τά
273 2277 421 2365 ἀμείνονα
444 2275 498 2339 καί
521 2278 567 2362 ἐκ]
592 2285 656 2339 τῶν
680 2273 802 2365 ἀλόγως
828 2274 1025 2366 [κινουμένων
1050 2273 1092 2338 τά
1117 2274 1201 2339 κατά
1224 2275 1319 2365 λόγον
1343 2269 1458 2354 ζῶντα.
1479 2280 1550 2352 Τοῖς
1575 2267 1608 2341 δέ
1631 2280 1670 2352 είς
1694 2275 1755 2348 τήν

207 2377 296 2462 τάξιν
322 2384 498 2468 βλέπουσιν,
525 2383 561 2457 ἢν
585 2383 720 2472 ἔχουσιν]
746 2387 778 2447 αἱ
800 2393 855 2447 τοῦ
882 2385 1009 2472 ούρανοῦ
1033 2377 1185 2473 περίοδοι,
1209 2383 1328 2458 ταύτας
1354 2382 1408 2474 μέν
1434 2387 1474 2459 εἰς
1498 2383 1604 2473 νοεράς
1628 2383 1754 2461 εἰκότως

207 2483 307 2557 ἐδόκει
329 2493 384 2556 καί
407 2490 488 2567 θείας
513 2488 639 2581 ἀνάγειν
664 2491 780 2564 αἰτίας·
805 2488 936 2565 ταύταις
961 2481 995 2555 δὲ
1017 2490 1153 2579 ἑπόμενα
1176 2489 1282 2554 πάντα
1307 2492 1427 2578 [ποιεῖν]
1452 2489 1493 2556 τά
1517 2491 1603 2568 ἐντός
1627 2496 1754 2580 ούρανοῦ

209 2599 261 2664 καί
284 2611 353 2675 ταῖς
377 2602 575 2689 κυριωτέραις
593 2599 747 2672 κινήσεσιν
766 2596 995 2674 ἀκολουθούσας
1012 2597 1068 2675 τάς
1086 2597 1291 2688 ἀκυρωτέρας·
1309 2599 1376 2663 ἐπεί
1388 2597 1415 2684 4)
1435 2601 1488 2663 καὶ
1512 2602 1543 2664 ἐν
1566 2609 1643 2664 πᾶσι
1665 2594 1754 2679 ζώοις

208 2712 273 2778 τοῖς
290 2703 484 2792 κυριωτέροις
502 2706 611 2772 ἕπεται
628 2708 743 2796 μορίοις
761 2704 802 2771 τά
819 2705 1010 2797 ἀκυρώτερα·
1028 2707 1082 2770 καὶ
1098 2707 1179 2772 ούτω
1197 2699 1234 2778 δὴ
1250 2705 1276 2793 ⁵)
1291 2707 1346 2772 τόν
1359 2707 1583 2797 εύνομούμενον
1600 2699 1756 2772 δεικνύναι

208 2809 334 2875 πάντων
355 2815 395 2888 εἰς
413 2811 489 2877 θεῶν
500 2811 525 2898 ⁸)
544 2816 766 2906 ἀνηρτημένον
783 2824 845 2878 τῶν
862 2816 1021 2906 ούρανίων.
1039 2819 1073 2879 Εἰ
1090 2815 1149 2906 ἄρα
1164 2807 1228 2880 ἔδει
1244 2814 1315 2891 τούς
1334 2814 1458 2904 μισθούς
1476 2817 1664 2906 ἀναγκαίους
1681 2818 1757 2879 ἀπο-

209 2908 306 2995 δεῖξαι
330 2928 391 2983 τῶν
417 2917 533 3009 ψυχῶν,
551 2913 613 2988 ἔδει
630 2922 770 2999 καίτούς
787 2924 929 3014 περὶτῆς
946 2934 1099 3013 κοσμικῆς
1117 2917 1233 3002 τάξεως
1253 2924 1365 3016 λόγους
1390 2925 1484 2989 αὐτόν
1510 2925 1553 3014 μή
1578 2921 1755 3015 παρελθεῖν,

210 3029 281 3090 ἀλλ’
306 3031 485 3117 ὑπομνῆσαι
509 3029 563 3095 καί
585 3029 656 3120 περί
679 3031 799 3108 ταύτης
817 3038 856 3108 ὡς
872 3029 911 3106 ἦν
928 3043 992 3108 τοῖς
1008 3031 1220 3123 προκειμένοις
1240 3026 1419 3122 συμόαῖνον.
1436 3035 1496 3098 Καί
1521 3057 1573 3122 μοι
1597 3025 1685 3098 δοκεῖ
1705 3023 1757 3096 διά

208 3143 311 3199 ταῦτα
335 3135 388 3200 καί
412 3134 428 3202 θ
452 3129 561 3226 μηδείς
585 3139 649 3226 ἔχει
674 3147 736 3202 τῶν
754 3137 857 3227 μύθων
873 3145 946 3229 παρ’
966 3142 1051 3223 αύτῷ
1068 3140 1121 3204 καὶ
1138 3138 1188 3204 ἐπί
1205 3151 1267 3204 τῶν
1285 3137 1353 3205 καθ’
1379 3140 1498 3205 ἕκαστα
1520 3140 1674 3205 ποιεῖσθαι
1696 3140 1756 3213 τὴν

209 3242 378 3331 ἀφήγησιν,
402 3245 458 3307 ούκ
482 3233 676 3335 ἀρκούμενος
691 3255 757 3321 τοῖς
780 3256 892 3322 κοινοῖς
916 3246 987 3336 περὶ
1011 3255 1073 3310 τῶν
1098 3245 1203 3335 ψυχῶν
1228 3246 1342 3336 λόγοις
1367 3250 1399 3310 ἑν
1424 3247 1479 3334 μὲν
1503 3247 1562 3339 γάρ
1579 3259 1643 3323 τοῖς
1661 3253 1759 3313 κολα-

207 3342 356 3438 ζομένοις,
374 3354 389 3414 ό
406 3342 596 3442 Ἀρδίαιοςί)
619 3355 844 3442 παρείληπται,
863 3364 926 3418 τῶν
943 3379 989 3431 τις
1006 3365 1194 3445 τυραννικῶς
1213 3348 1421 3440 βεύιωκότων·
1439 3360 1469 3421 ἐν
1487 3347 1521 3421 δέ
1536 3367 1604 3432 ταῖς
1622 3358 1756 3447 αἱρέσεσι

209 3467 271 3522 τῶν
288 3456 404 3548 ψυχῶν,
423 3465 451 3524 οί
464 3465 595 3550 Ὀρφεῖς,
609 3467 638 3526 οἱ
651 3463 791 3540 Αἴαντες,
805 3467 832 3527 οί
846 3453 1016 3545 Ὀδυσσεῖς,
1034 3464 1127 3540 αύτός
1145 3455 1178 3528 δὲ
1194 3469 1210 3527 ό
1227 3475 1289 3528 τῶν
1303 3463 1499 3552 πλασμάτων
1514 3461 1538 3547 ⁸)
1557 3454 1756 3546 διδάσκαλος,

209 3558 297 3656 όἯρ
322 3570 337 3629 ύ
361 3565 542 3656 Πάμφυλος,
568 3573 616 3633 ίνα
641 3559 691 3632 διά
715 3567 841 3633 πάντων
866 3570 998 3660 γένηται
1021 3569 1189 3662 γνώριμον,
1214 3571 1263 3635 ότι
1287 3570 1378 3660 μέχρι
1399 3579 1463 3634 τῶν
1488 3568 1704 3658 ἀτομωτάτων
1729 3571 1759 3632 οἱ

209 3671 311 3762 μισθοὶ
333 3684 391 3750 τῆς
416 3698 452 3739 τε
477 3666 671 3752 δικαιοσύνης
695 3677 752 3744 εἰσί
776 3678 829 3742 καί

209 3893 232 3958 f.
252 3896 292 3960 19
310 3915 339 3958 v.
358 3893 427 3978 [τῆς
445 3883 588 3976 ἀψδικίας·
606 3891 660 3955 καί
676 3895 710 3957 ού
728 3886 769 3956 τά
788 3890 859 3978 [όλα
875 3903 1054 3983 προνοεῖται
1070 3891 1160 3982 μόνα,
1179 3890 1272 3980 ἀλλά]
1290 3892 1344 3957 καί
1367 3891 1409 3958 τά
1431 3889 1510 3976 [καθ’
1528 3891 1658 3968 ἕκαστα,
1683 3889 1758 3956 θεῶν

209 3999 318 4082 όντων,
342 3999 396 4064 καί
421 3991 589 4089 δαι]μόνων
612 3999 849 4089 ὑπουργούντων
875 4001 950 4086 [τοῖς
976 3998 1065 4082 θεοῖς,
1085 4009 1147 4065 τῶν
1165 3999 1381 4088 τατ]τομε’νων
1399 4001 1455 4088 μίᾳ
1472 3992 1559 4078 τάξει
1581 3999 1759 4089 χρωμένων,

210 4105 336 4193 [ἀνωθεν
361 4105 445 4198 ἄχρι)
471 4117 534 4172 τῶν
559 4107 702 4197 ἐσχάτων
728 4109 967 4198 ἀνελισσομένη·
996 4099 1058 4196 [διά
1082 4133 1131 4172 τοι
1154 4111 1268 4193 ταῦτα)
1295 4108 1348 4171 καί
1372 4111 1402 4173 έν
1427 4110 1541 4199 Γοργίᾳ
1564 4117 1626 4172 τῶν
1657 4109 1759 4172 αὐτῶν

209 4213 316 4298 ἕνεκα,
347 4214 430 4305 λέγω
455 4207 493 4286 δὴ
519 4225 581 4280 τῶν
606 4215 680 4306 ὑπὲρ
704 4207 901 4293 δικαιοσύνης
925 4216 978 4281 καί
1002 4215 1170 4305 συμπάσης
1194 4219 1306 4306 ἀρετῆς
1330 4214 1470 4306 ἀγώνων,
1496 4217 1550 4280 τόν
1582 4215 1759 4306 κατήγορον

210 4326 307 4400 αὐτῆς
329 4323 531 4412 ἀμυνόμενος·
549 4329 576 4389 εἰ
592 4323 646 4388 καί
663 4323 706 4413 μὴ
725 4325 762 4388 τό
780 4315 985 4415 διηγούμενον
1002 4326 1146 4396 ἐποίησεν
1163 4324 1200 4388 τό
1218 4322 1428 4415 μυθολόγημα
1444 4323 1607 4414 πρόσωπον
1625 4323 1759 4411 μερικύν,

210 4431 229 4504 ἢ
254 4431 325 4507 τοὺς
350 4425 576 4519 κολαζομένους
600 4442 662 4496 τῶν
686 4430 756 4497 καθ’
781 4431 899 4497 ἕκαστά
923 4457 1020 4509 τινας,
1039 4431 1109 4497 ἀλλ’
1128 4427 1179 4497 ούν
1203 4436 1238 4497 ού
1261 4437 1424 4508 παντελῶς
1447 4432 1604 4521 ἀπέσχετο
1628 4428 1759 4514 τούτων,

212 4546 253 4616 είς
277 4539 337 4611 τήν
362 4539 646 4628 Ὀμήρουποίησιν
665 4543 822 4630 ἀναφέρων
840 4550 902 4605 τῶν
921 4541 1046 4630 ἀτόμων
1064 4540 1123 4612 τὴν
1141 4541 1279 4631 μνήμην
1297 4545 1410 4608 ἐκεῖνον
1435 4538 1495 4630 γάρ
1519 4539 1649 4612 ποιῆσαί
1672 4560 1759 4613 τινας

248 4769 271 4842 ¹)
290 4769 359 4827 cod.
379 4771 400 4821 θ’
419 4775 513 4842 ἀτιρον,
533 4769 571 4825 al.
590 4769 611 4822 θ’
631 4769 720 4841 ατέρφ,
744 4768 834 4826 attice
857 4787 911 4842 pro
931 4775 958 4824 τὸ
1048 4773 1072 4848 ⁴)
1091 4776 1143 4827 ίπιί
1163 4790 1219 4829 om.
1238 4771 1276 4828 Η.

212 4861 290 4930 ἕτερον
310 4864 366 4917 εει.
382 4859 412 4916 Η
424 4865 523 4931 θάτεραι
536 4877 618 4916 ιιιοιε
633 4858 804 4932 sequiomm
819 4864 850 4915 et
868 4859 960 4932 negli·
1048 4863 1071 4936 ⁵)
1089 4861 1140 4919 fol.
1154 4862 1189 4916 56
1201 4861 1238 4918 Η.
1252 4861 1323 4918 Mox
1341 4859 1435 4917 codex
1449 4857 1571 4916 videtur
1589 4861 1758 4930 corruptus.

212 4949 390 5023 geniorum,
410 4968 536 5022 quorum
553 4967 629 5007 usus
649 4949 788 5007 obtinuit.
1048 4953 1110 5026 Θ’)
1092 4975 1124 5014 εις
1144 4951 1186 5008 sio
1204 4951 1234 5008 H
1253 4957 1283 5008 et
1302 4951 1366 5009 εοά.
1385 4951 1443 5008 Sed
1461 4947 1640 5023 quidinde?
1659 4966 1697 5004 ιιι
1717 4947 1758 5014 εἷς,

248 5042 272 5116 ²)
291 5040 387 5114 Supra
404 5041 515 5098 lineam
534 5059 606 5099 corr.
626 5041 731 5098 eadem
752 5058 899 5098 ιιιειιυεπ
901 5045 959 5113 ρ-άτ
1013 5039 1067 5098 sed
1085 5039 1194 5097 iterum
1214 5039 1305 5111 quid?

213 5151 287 5184 τιιτα
306 5135 337 5186 et
355 5149 419 5200 πρυ.
409 5149 484 5199 ττιμ.
487 5151 539 5182 νυν.
1048 5131 1070 5203 ⁷)
1085 5129 1154 5186 eod.
1168 5135 1339 5187 constanter
1352 5131 1473 5202 Ἀρδιαισς
1486 5129 1537 5201 εἰσ,
1547 5145 1615 5185 cum
1627 5128 1691 5185 solo
1704 5102 1761 5200 spi·

248 5219 271 5288 3)
291 5239 315 5271 ιι
327 5236 383 5275 om
396 5217 434 5275 Η.
448 5219 515 5276 Duo
531 5219 651 5291 quidem
670 5225 781 5292 puncta
794 5217 904 5276 codicis
921 5217 960 5274 li·
1011 5217 1074 5273 ritu
1092 5217 1227 5289 ριιενὶος
1247 5218 1290 5275 sio
1304 5224 1334 5274 et
1349 5219 1387 5291 Η,
1400 5217 1455 5275 sed
1472 5217 1622 5275 interdum
1642 5221 1760 5288 ἂρδιαῖιν.

212 5308 330 5367 brat-ius
349 5309 546 5384 superposuit.
1048 5309 1071 5382 ⁸)
1090 5307 1190 5365 Primo
1209 5308 1404 5382 εοιίφιιιιιιρ
1372 5305 1390 5362 ἰι
1382 5313 1537 5383 ραγμάιιιν,
1552 5306 1597 5365 εἰσ
1614 5306 1652 5363 Η.
