4006 6074
259 532 294 586 νο
633 522 763 594 Divino
781 523 917 596 οοιιείῖῖο
935 523 992 594 Er
1009 526 1151 598 nuntius
1167 526 1209 616 fil
1225 527 1428 617 inferorum.

260 697 309 760 ὅτι
332 695 391 766 τήν
407 705 566 785 παροῦσαν
582 688 665 772 ζωήν
684 693 805 786 ἀνάγκη
827 697 903 781 [τόν]
924 695 1058 786 ἄγγελον
1076 697 1206 776 τούτων,
1227 699 1435 788 ὑπερέχουσαν
1460 700 1718 790 προστησάμενον
1742 711 1805 766 τῶν

260 807 439 892 ὁμοταγῶν,
464 795 548 880 ἄξιον
571 802 739 890 πεφηνέναι
763 813 821 878 τῆς
846 807 1018 894 ἀγγελικῆς
1041 805 1160 882 ταὸτης
1178 801 1295 884 τάξεως
1319 809 1393 897 πρὸς
1417 811 1543 886 ὲκείνας.
1563 809 1623 872 Καὶ
1646 809 1706 902 γάρ
1731 813 1803 898 ὁρᾶν

260 906 388 996 ἔξεστιν,
410 912 490 987 ὅπως
507 917 526 985 ή
545 904 664 998 μέθεξις
681 922 739 987 τῆς
756 911 840 977 κατά
856 913 1001 1003 πρόνοιαν
1019 905 1142 997 δόσεως,
1159 913 1273 980 ἄνωθεν
1292 919 1345 979 ἀπ’
1364 919 1466 981 αὐτῶν
1483 917 1623 1006 ἠργμένη
1642 928 1705 982 τῶν
1719 917 1807 999 θεῶν,

259 1020 354 1094 καὶὴ
381 1017 466 1084 κατά
490 1029 558 1083 νοῶν
583 1021 789 1110 ἔκφαντορικῆ
816 1031 878 1086 τῶν
904 1022 990 1088 θείων
1008 1015 1137 1113 δύναμις
1154 1023 1238 1088 κατά
1256 1026 1363 1115 μικρόν
1385 1021 1584 1116 όριζάνουσα,
1608 1027 1730 1116 πρόεισι
1754 1019 1805 1092 διά

221 1163 233 1203 ⁵
260 1139 322 1194 τῶν
348 1129 460 1218 μέσων,
485 1132 515 1194 έν
540 1125 583 1204 οἷς
608 1129 645 1192 τὸ
661 1128 810 1219 προσεχὲς
828 1122 929 1204 δήπου
946 1143 1009 1207 τοῖς
1027 1130 1104 1207 θεοῖς
1121 1133 1311 1222 ὁμοιότερον,
1330 1133 1361 1198 ’όν
1387 1140 1490 1210 αὐτοῖς
1514 1145 1576 1199 τῶν
1600 1135 1805 1226 πορρώτερον,

260 1240 342 1304 οὕτω
366 1229 585 1326 διαπορθμεύει
602 1237 660 1303 τήν
678 1243 751 1328 παρ’
769 1240 894 1314 ἐκείνοις
913 1232 1076 1330 ἱδρυμένην
1095 1239 1254 1312 ἀλήθειαν·
1270 1251 1390 1330 πρῶτος
1409 1241 1463 1327 μὲν
1481 1237 1569 1316 οὗτος
1586 1247 1642 1332 ὁρᾷ
1665 1242 1707 1306 τά
1731 1241 1807 1306 θεῖα·

262 1346 343 1437 μετά
367 1337 401 1411 δὲ
423 1357 554 1430 τοῦτον,
578 1345 773 1435 παρέχονται
796 1346 854 1417 τήν
880 1351 1038 1436 αυτορανῆ
1065 1359 1177 1437 γνῶσιν
1203 1339 1243 1412 δι’
1270 1352 1381 1425 ἀκοῆς,
1406 1346 1448 1424 οἷς
1473 1353 1584 1424 ἐκεῖνος
1608 1345 1806 1441 ἐξήγγειλεν·

262 1452 316 1522 εἷθ’
342 1461 370 1520 οἱ
395 1461 463 1543 μετ’
489 1457 622 1530 ἐκείνους
645 1447 904 1545 παραδεξάμενοι,
929 1457 982 1520 καὶ
1006 1456 1058 1521 ἀπ’
1084 1459 1208 1522 ἐκείνων
1241 1457 1311 1546 περὶ
1334 1451 1375 1521 ὧν
1404 1457 1543 1529 ἥκουσαν
1568 1457 1627 1531 τήν
1653 1459 1758 1547 φωνήν
1773 1457 1807 1539 ¹).

263 1571 364 1628 Τοῦτο
390 1555 422 1628 δὲ
446 1563 614 1652 τεκμήριον
639 1560 762 1652 ἐναργὲς
786 1573 841 1626 τοῦ
865 1561 1058 1653 πορρώτερον
1076 1564 1095 1636 ἢ
1114 1565 1281 1655 ἐγγύτερον
1299 1567 1386 1641 ὄντος
1408 1570 1509 1630 αὐτῶν
1534 1577 1596 1630 τῶν
1621 1565 1708 1631 θείων
1734 1590 1810 1655 ροισ-

208 1695 234 1732 ιο
262 1670 388 1760 μάτων·
413 1665 455 1744 οἷς
480 1674 496 1731 ὁ
519 1667 695 1758 πρώτιστος
719 1671 883 1757 ὁμιλήσας,
910 1662 1010 1745 δήπου
1035 1683 1097 1736 τῶν
1123 1672 1227 1737 ἄλλων
1251 1665 1473 1764 θεοειδέστερος
1508 1667 1578 1740 οὐδὲ
1605 1675 1665 1766 γάρ
1688 1677 1725 1738 τό
1750 1675 1808 1736 τήν

262 1776 360 1850 ἀκοήν
386 1780 560 1866 εὐτυχῆσαι
583 1776 703 1840 τούτων
729 1776 799 1842 ἄνευ
825 1789 881 1856 τῆς
906 1781 940 1844 ἐκ
965 1779 1041 1844 θεῶν
1066 1780 1276 1865 καθηκούσης,
1294 1783 1354 1873 ἐγὼ
1372 1783 1456 1856 θείην
1478 1783 1513 1848 ἀν
1538 1785 1703 1874 εὐμοιρίας,
1728 1784 1809 1848 ώστε

263 1889 371 1968 πολλῷ
396 1888 518 1974 μᾶλλον
543 1883 602 1956 τήν
627 1882 722 1961 θείαν,
748 1887 788 1960 είς
812 1911 884 1951 τινα
907 1897 965 1962 τῆς
983 1882 1063 1967 ζωῆς
1080 1881 1254 1976 ὁπερθολῆν
1273 1896 1314 1966 εἰς
1332 1891 1424 1979 ἀκρον
1445 1891 1625 1964 ἀνήκουσαν
1650 1889 1799 1981 ὑπάρχειν

262 2105 285 2169 f.
304 2106 345 2168 62
363 2127 393 2168 v.
417 2103 531 2169 lacuna
556 2106 575 2169 6
596 2126 694 2169 νοτες
720 2099 821 2192 ψυχῆς
846 2105 948 2179 οὔσης,
974 2103 1191 2191 ἀσώματος...
1217 2107 1313 2178 οὕτως
1331 2109 1369 2180 ὡς
1391 2109 1421 2169 ἐν
1448 2105 1640 2198 ὑποκειμένῳ
1664 2108 1810 2181 οὔσης...

263 2210 441 2301 ἀχωριστήν
459 2211 526 2299 ἔχει
544 2210 690 2300 σώματος
708 2214 865 2276 οὐσίαν...
884 2205 1002 2277 εἴσοδον
1021 2214 1075 2300 μὲν
1094 2217 1191 2288 αὐτῆς
1208 2220 1226 2287 ή
1245 2216 1319 2301 πρός
1344 2216 1421 2279 αὐτὸ
1442 2219 1587 2281 καλεῖται
1600 2239 1683 2290 ...ος
1707 2205 1809 2292 ἔξοδος

210 2339 237 2382 15
264 2309 339 2390 δὲή
367 2327 424 2392 τῆς
449 2318 583 2406 σχέσεως
608 2318 756 2394 ἀπόλυσις
788 2321 885 2394 αὐτῆς
917 2314 1063 2400 ζωτικῆς,
1087 2321 1126 2394 ήν
1150 2322 1353 2410 προστίθησιν
1379 2315 1431 2388 διά
1460 2324 1519 2396 τήν
1548 2334 1649 2388 νεῦσιν
1674 2323 1728 2387 καὶ
1750 2322 1809 2394 τήν

264 2425 339 2515 πρὸς
364 2425 419 2490 τὸν
445 2417 558 2515 δεσμόν
584 2425 787 2515 συμπάθειαν,
813 2427 896 2492 ἀλλά
913 2439 970 2504 τῆς
987 2441 1128 2518 φυσικῆς,
1145 2432 1215 2520 περὶ
1230 2427 1266 2508 ἧς
1284 2437 1299 2496 ὁ
1317 2439 1448 2522 Τιμαῖος
1472 2436 1603 2523 εἴρηκεν,
1628 2435 1677 2498 ότι
1701 2457 1812 2521 κατερ-

266 2527 404 2624 ριζοῦντο
427 2545 485 2610 τῆς
510 2532 610 2625 ψυχῆς
636 2540 664 2599 οῖ
687 2546 742 2600 τοῦ
767 2537 835 2619 βίου
861 2527 970 2625 δεσμοὶ
993 2538 1062 2627 περὶ
1078 2539 1131 2603 τὸν
1150 2541 1274 2626 μυελόν·
1295 2532 1371 2606 ἴδιον
1396 2533 1430 2606 δὲ
1453 2551 1556 2606 ταῦτα
1579 2540 1737 2631 λέγοντος,
1761 2541 1811 2604 ότι

263 2635 519 2731 προσελάμόανεν
545 2646 579 2707 ἐκ
603 2651 664 2705 τῶν
683 2640 757 2706 θεῶν
775 2644 828 2707 καὶ
844 2637 927 2721 ζωήν
946 2644 1218 2738 θεοπρεπεστέραν,
1235 2647 1482 2739 παρακολουθεῖν
1506 2657 1599 2713 πᾶσιν
1624 2647 1718 2711 αὐτόν
1743 2671 1812 2711 ποι-

265 2761 358 2815 οῦσαν
382 2761 447 2826 τοῖς
472 2741 644 2835 δικάζουσι,
668 2761 733 2827 τοῖς
758 2742 980 2840 δικαζομένοις,
998 2767 1063 2830 τοῖς
1081 2747 1202 2845 δρῶσιν,
1219 2768 1283 2834 τοῖς
1307 2757 1493 2847 πάσχουσιν,
1516 2767 1581 2832 τοῖς
1604 2755 1722 2838 τόποις,
1746 2765 1811 2830 τοῖς

211 2877 238 2912 ²⁰
264 2859 397 2949 χρόνοις,
422 2869 487 2934 τοῖς
510 2857 627 2949 λόγοις,
651 2870 716 2936 τοῖς
741 2861 857 2949 ἔργοις·
882 2860 1003 2926 τοὸτων
1028 2863 1088 2953 γάρ
1114 2864 1260 2928 ἁπάντων
1286 2859 1325 2928 αὸ
1349 2867 1403 2928 τὸν
1428 2865 1572 2954 ἔσόμενον
1597 2862 1727 2948 θεατὴν,
1750 2853 1814 2927 ἔδει

265 2965 337 3031 τινά
353 2967 519 3056 κρείττονα
537 2977 645 3056 μοῖραν
662 2960 769 3032 λαθεῖν
787 2983 827 3036 :÷
845 2983 885 3038 -::·
901 2986 937 3038 ·::·
955 2969 1040 3059 παρά
1057 2982 1119 3035 τῶν
1137 2973 1334 3062 κρειττόνων,
1348 2975 1414 3048 οἵης
1427 2974 1556 3063 ἔμελλεν
1571 2973 1704 3063 ἄγγελον
1719 2971 1813 3036 αὸτὸν

265 3083 466 3145 καταστῆναι
491 3083 552 3138 τῶν
578 3074 743 3162 θεαμάτων
759 3077 881 3140 ἐκείνων
898 3077 1076 3168 ἀνθρώποις.
1088 3080 1158 3143 Ἔτι
1175 3082 1278 3144 τοίνυν
1295 3080 1354 3151 τήν
1371 3083 1497 3170 πορείαν
1516 3072 1563 3144 δεῖ
1587 3080 1629 3168 μή
1655 3080 1814 3171 παρέργως

266 3185 407 3265 ἀκοῦσαι,
427 3194 482 3247 τοῦ
507 3182 605 3271 μόθου
628 3183 826 3273 προσθέντος,
851 3185 934 3250 ἀλλά
959 3188 1189 3262 συννοήσαντας
1214 3192 1324 3266 εἰπεῖν,
1349 3194 1389 3264 ὡς
1414 3188 1495 3260 άλλη
1524 3188 1579 3276 μέν
1603 3191 1687 3251 ἐστιν
1712 3191 1814 3250 αὐτῶν

265 3301 328 3356 τῶν
353 3288 458 3381 ψυχῶν
483 3285 600 3369 ζωτική
627 3317 673 3368 τις
699 3286 776 3356 οὖσα
802 3287 974 3383 μετάόασις
999 3297 1059 3359 ἀπό
1084 3305 1140 3360 τοῦ
1165 3299 1195 3359 έν
1220 3289 1394 3372 κατατάζει
1420 3296 1487 3380 βίου
1511 3297 1585 3385 πρὸς
1610 3297 1647 3359 τὸ
1671 3294 1815 3384 ἄσχετον·

212 3410 239 3446 ⁸⁵
267 3399 305 3472 ήν
331 3393 506 3479 ἀπεικάζων
531 3411 601 3477 ταῖς
624 3400 709 3465 κατά
725 3401 822 3466 τόπον
839 3402 1008 3486 κινήσεσιν,
1024 3407 1150 3494 πορείαν
1169 3408 1184 3467 ὁ
1202 3401 1294 3492 μῦθος
1310 3407 1524 3495 προσείρηκεν·
1543 3415 1650 3470 πασῶν
1675 3403 1735 3495 γάρ
1752 3413 1814 3468 τῶν

267 3499 488 3598 σωματοειδῶν
512 3510 676 3593 κινήσεων,
700 3512 730 3574 ἐν
755 3521 795 3595 τῇ
822 3507 906 3601 ψυχῇ
932 3511 975 3576 τά
998 3503 1244 3605 παραδείγματα
1267 3514 1515 3604 προϋρέστηκεν·
1539 3513 1620 3586 άλλη
1648 3503 1682 3578 δὲ

267 3727 289 3791 f.
308 3729 350 3792 63
367 3726 482 3792 desunt
499 3728 518 3791 5
538 3748 635 3792 versa
652 3727 793 3816 γίνομεν.
806 3778 828 3790 ..
845 3739 899 3792 τοῦ
917 3728 1028 3818 χρόνον
1046 3731 1304 3820 συνεπαιρομένου
1315 3781 1319 3794 .
1331 3781 1351 3795 ..
1369 3732 1423 3796 καὶ
1436 3729 1750 3820 συγκαταρερομένου
1763 3727 1816 3790 καὶ

268 3832 360 3922 μέχρι
376 3841 438 3896 τῶν
455 3843 513 3908 τῆς
530 3843 589 3922 γῆς
607 3844 724 3923 μυχῶν·
739 3834 808 3926 περὶ
826 3836 885 3927 γάρ
902 3861 951 3902 τοι
966 3849 1029 3902 τῶν
1046 3839 1195 3903 τοιοότων
1213 3840 1397 3929 ὀχημάτων,
1416 3839 1469 3903 καὶ
1485 3843 1500 3901 ὁ
1518 3841 1548 3903 ἐν
1566 3829 1706 3902 Φαίδωνι
1722 3835 1814 3923 μῦθος

267 3941 368 4030 ἔλεγε,
385 3945 424 4016 ὡς
441 3942 501 4029 ἄρα
519 3934 674 4005 ἀναὸῖισαι
691 3947 723 4006 αἱ
739 3939 837 4032 ψυχαὶ
853 3944 1010 4022 ἔπ’·αὸτά,
1037 3951 1078 4022 εἰς
1094 3948 1149 4012 τὸν
1168 3947 1341 4036 Ἀχέροντα
1364 3947 1519 4036 φέρονται·
1544 3947 1597 4010 καὶ
1620 3951 1659 4020 ὡς
1684 3937 1813 4033 ἑμόριθῆ

213 4053 241 4092 ³⁰
268 4049 323 4139 μέν
348 4053 414 4113 ἐστι
439 4049 490 4112 καὶ
507 4047 663 4134 σκοτεινά,
680 4049 723 4116 τά
739 4061 801 4115 τῶν
818 4055 944 4116 πολλῶν
965 4053 1119 4143 ἀϋλότερα
1136 4044 1169 4118 δὲ
1189 4054 1242 4116 καὶ
1265 4052 1492 4144 καθαιρώτερα,
1511 4055 1623 4144 ὀλίγων
1648 4041 1686 4123 δή
1713 4074 1814 4114 τινων.

264 4155 356 4220 Ἔστι
380 4147 417 4228 δή
444 4150 495 4221 οὖν
513 4162 532 4230 ῆ
551 4160 659 4248 πορεία
676 4159 730 4223 καὶ
747 4158 913 4248 ἀσώματος
938 4161 993 4224 καὶ
1012 4162 1190 4250 σωματικὴ,
1209 4155 1326 4241 ζωτική
1346 4184 1382 4224 τε
1398 4161 1452 4224 καὶ
1468 4161 1594 4233 τοπική·
1612 4159 1699 4231 καίῆ
1726 4155 1817 4246 ἑτέρα

268 4275 326 4340 τῆς
350 4263 456 4354 ἑτέρας
480 4264 581 4350 εἰκὼν,
607 4258 704 4341 δῆλον
729 4257 762 4332 δὲ
784 4264 903 4355 ποτέρα
927 4269 1059 4356 ποτέρας
1074 4264 1111 4354 9)·
1137 4277 1224 4332 πᾶσα
1250 4267 1304 4356 μὲν
1330 4257 1366 4340 δή
1393 4262 1476 4355 ψυχὴ
1503 4267 1653 4355 γλίχεται
1676 4274 1731 4329 τοῦ
1755 4264 1818 4327 ἄνω

269 4370 353 4436 κατά
377 4371 476 4461 φάσιν,
502 4377 541 4448 ὡς
565 4378 606 4450 εἰς
624 4379 734 4438 οἰκεῖον
752 4378 879 4464 ὁρμῶσα
896 4373 1004 4457 τόπον,
1023 4373 1103 4462 μετά
1121 4373 1180 4446 τήν
1197 4379 1232 4440 ἐκ
1247 4386 1302 4440 τοῦ
1323 4367 1512 4464 ὁστρεώδους
1537 4373 1682 4462 σώματος
1706 4373 1817 4463 ὁρμήν·

185 4469 188 4476 ’
269 4479 517 4569 κατασπώμεναι
542 4473 575 4547 δὲ
592 4483 650 4547 ὐπὸ
667 4491 729 4547 τῶν
747 4481 924 4572 σόντρόρων
943 4492 1007 4556 τοῖς
1024 4481 1165 4570 σώμασιν
1182 4482 1300 4569 παθῶν,
1318 4488 1359 4560 εἰς
1376 4485 1413 4548 τὸ
1430 4481 1519 4547 κάτω
1537 4481 1701 4572 βρίθουσιν·
1726 4473 1820 4554 δηλοῖ

216 4591 243 4628 ³⁵
270 4577 303 4652 δὲ
326 4585 379 4651 καί
402 4589 440 4653 τό
464 4589 571 4678 λόγιον
595 4601 698 4656 ταῦτα
723 4580 870 4653 διδάσκον
885 4589 921 4670 3)·

554 4804 658 4880 Πάσας
683 4804 737 4893 μὲν
761 4804 821 4896 γάρ
846 4808 911 4895 ἔχει
934 4805 1084 4896 γλυκερός
1108 4803 1212 4887 πόθος,
1237 4807 1276 4880 ὥς
1300 4831 1351 4872 κεν
1373 4805 1538 4897 Ὄλυμπον

556 4910 756 4977 Ἀθανάτοισι
781 4912 860 4990 θεοῖς
885 4914 1074 5004 συνέμπορον
1100 4913 1163 4978 αἰέν
1188 4917 1309 5004 ἔχωσιν,

556 5025 600 5085 Οὐ
623 5021 736 5096 πάσαις
762 5013 795 5087 δὲ
820 5021 905 5112 θέμις
930 5015 1118 5111 έπιόήμεναι
1142 5031 1203 5086 τῶν
1230 5013 1263 5087 δὲ
1287 5021 1459 5112 μελάθρων.

309 5284 332 5357 ¹)
350 5284 485 5343 Primum
504 5291 596 5358 φήμην.
1108 5291 1133 5364 ³)
1152 5289 1265 5346 Eadem
1283 5288 1459 5345 hexametra
1471 5288 1582 5361 recepit
1598 5287 1696 5344 Maius
1715 5287 1746 5343 iu
1764 5276 1821 5344 Re-

308 5373 333 5446 ²)
352 5375 457 5448 πντίρας
476 5376 596 5434 additur
615 5394 706 5450 supra
724 5377 840 5437 lineam.
1066 5383 1152 5453 publ.
1171 5380 1216 5437 ed.
1235 5396 1255 5452 1,
1274 5397 1301 5452 p.
1321 5378 1382 5451 358,
1402 5397 1430 5434 n.
1450 5380 1479 5451 l;
1499 5377 1723 5450 od.a1t.p.220‚
1743 5395 1771 5433 n.
1791 5378 1820 5432 5.
