3944 6074
397 527 540 622 Τείρίοω
558 529 710 604 custodia
728 509 880 623 quatuor·
893 531 1072 606 commissa
1089 533 1231 625 σίρίίιικι
1248 533 1451 625 affininibus.
1642 547 1695 602 119

891 909 959 1003 [Θ’·]
1013 906 1017 912 ’

150 1237 220 1322 (fol.
239 1241 317 1322 151)
336 1240 423 1325 [σεως
438 1239 462 1322 ¹)
485 1241 560 1328 τῶν]
578 1239 710 1330 πρῶτων
727 1239 853 1305 καὶτοῦ
871 1252 1042 1332 καιροῦ...
1068 1243 1242 1332 ὐφελήσεις,
1259 1243 1443 1334 εἰσάγονται
1467 1244 1522 1335 μὲν
1548 1244 1609 1309 ἀπὸ
1634 1227 1704 1308 τῶν

148 1339 463 1414 τοιούτων...ώδων
487 1351 621 1439 γενέσεις
644 1352 700 1414 οὐκ
724 1351 852 1438 εὐφυῶν,
877 1341 941 1414 οὐδ’
965 1353 1105 1439 εὐτυχῶν
1121 1352 1231 1416 ὄντων·
1248 1352 1303 1416 καί
1326 1343 1422 1424 δῆλον
1447 1353 1497 1417 ὅτι
1521 1356 1537 1416 ὁ
1563 1351 1696 1416 Πλάτων

148 1453 276 1520 ἔπεσθαι
300 1455 449 1540 βούλεται
465 1455 525 1528 τὴν
542 1447 680 1529 σπουδὴν
690 1455 716 1541 ²)
734 1469 773 1544 τῆ
792 1449 899 1542 τοιᾷδε
919 1473 1079 1550 καταρχῆ,
1096 1461 1150 1526 καί
1165 1459 1226 1533 τῆν
1243 1452 1368 1526 τοιάνδε
1391 1461 1521 1551 γένεσιν·
1546 1465 1618 1525 ἀλλ’
1642 1462 1698 1524 οὐκ

111 1597 123 1634 η
150 1556 228 1627 εἶναι
250 1563 310 1635 τῆν
334 1575 392 1640 τῆς
416 1565 555 1642 κυήσεως
578 1565 668 1631 νόσον
689 1565 801 1656 ἀρχὴν,
818 1567 877 1640 τὴν
895 1558 929 1632 δέ
943 1578 1003 1644 τῆς
1019 1581 1075 1634 τοῦ
1090 1568 1256 1660 τεχθέντος
1274 1563 1367 1651 ζωῆς,
1391 1567 1475 1634 ἀλλά
1498 1569 1552 1634 καί
1575 1567 1697 1640 ταύτην

151 1673 193 1746 είς
209 1672 329 1744 ἐκείνην
346 1672 552 1762 ἀνηρτῆσθαι,
569 1674 623 1739 καί
640 1674 799 1764 συνέχειαν
816 1677 890 1765 πρὸς
908 1675 1007 1749 αὐτὴν
1024 1680 1116 1768 ἔχειν.
1135 1717 1176 1727 -·
1195 1675 1372 1767 Τεχθέντας
1391 1669 1417 1742 δ’
1436 1673 1488 1743 οὐν
1518 1679 1610 1761 οὕτω,
1626 1675 1698 1754 τούς

151 1769 313 1870 δευτέρους
329 1781 492 1871 ἐσομένους
509 1779 664 1874 ἄρχοντας
681 1785 737 1848 οὐκ
753 1786 882 1872 εὐφυεῖς,
900 1775 963 1850 οὐδ’
982 1788 1131 1874 εὐτυχεῖς,
1149 1775 1201 1850 διά
1217 1785 1277 1856 τὴν
1293 1786 1378 1875 παρὰ
1395 1787 1501 1876 καιρόν
1518 1783 1633 1874 σπυράν
1648 1835 1655 1848 .
1670 1835 1697 1849 ..

150 1883 275 1974 πρώτον
300 1889 472 1977 ἀμελήσειν
496 1897 559 1953 τῶν
584 1895 724 1972 Μουσῶν,
748 1890 802 1954 καί
825 1889 885 1962 τὴν
909 1881 1052 1957 παιδείαν
1063 1891 1089 1978 ³)
1113 1892 1211 1958 οὐκέθ’
1236 1894 1410 1984 ὁλόκληρον
1434 1894 1610 1959 λύεται...
1634 1903 1697 1958 τῶν

150 1992 284 2084 πρώτων
300 1996 513 2087 ἀρχόντων...
531 1998 584 2062 καί
597 1989 648 2063 διά
661 2010 811 2088 μουσικῆς
824 1998 982 2090 ἤχθησαν,
1000 2006 1039 2076 ὡς
1058 2001 1178 2090 ἀνόμως
1194 2001 1304 2078 αὐτοὺς
1314 2001 1339 2086 ⁴)
1355 1999 1579 2093 ἐφαψαμένους,
1594 2003 1698 2068 οὐκέτι

99 2137 124 2174 η
151 2103 204 2168 καί
220 2101 291 2182 τούς
308 2103 377 2194 μεθ’
401 2104 530 2182 ἑαυτούς
547 2096 727 2170 παιδεύσειν
743 2109 866 2194 ὁμοίως,
884 2105 968 2171 ἀλλά
985 2097 1035 2172 διά
1053 2108 1150 2195 μόνης
1175 2097 1391 2199 γυμναστικῆς
1403 2111 1437 2192 ⁵),
1455 2109 1576 2186 ταύτης
1592 2109 1653 2200 γάρ
1670 2115 1699 2174 οί

151 2211 245 2301 μέσον
264 2211 444 2304 εἰσάγονται
461 2205 523 2279 δεῖν
540 2213 756 2302 ἐπιμελεῖσθαι
772 2225 828 2279 τοῦ
846 2209 999 2294 σώζεσθαι
1014 2214 1116 2306 χάριν.
1136 2255 1176 2264 -
1194 2215 1384 2306 Ἀμελήσειν
1401 2212 1452 2283 οὐν
1471 2227 1622 2307 μουσικῆς
1646 2209 1697 2282 διά

150 2315 257 2410 ψυχῶν
282 2321 393 2410 ἀφυίαν
410 2325 441 2385 έν
461 2332 501 2408 τῆ
520 2313 645 2407 παιδείᾳ
660 2331 723 2388 τῶν
741 2323 855 2411 τρίτων
873 2322 1025 2412 ἐσομένων
1043 2322 1215 2413 ἀρχόντων,
1232 2322 1281 2401 οὐς
1305 2315 1477 2415 δευτέρους,
1501 2327 1557 2390 οὐκ
1580 2327 1698 2414 εὐφυεῖς

151 2428 254 2513 ὄντας,
279 2419 343 2493 οὐδ’
368 2431 508 2519 εὐτυχεῖς
534 2419 585 2494 διά
608 2428 669 2497 τῆν
692 2428 777 2521 παρά
801 2431 907 2521 καιρύν
924 2429 1051 2520 σποράν·
1071 2436 1127 2495 οὐκ
1144 2437 1262 2522 εὐφυεῖς
1287 2433 1354 2522 μὲν,
1378 2435 1428 2497 ὅτι
1452 2433 1495 2521 μὴ
1520 2433 1595 2522 πρδς
1619 2435 1697 2505 ὅλην

151 2533 211 2610 την
233 2526 378 2602 παιδείαν
402 2539 525 2627 ἔχουσιν
549 2529 742 2614 ἐπιτηδείως·
767 2542 822 2603 οὐκ
847 2541 988 2629 εὐτυχεῖς
1013 2531 1057 2621 δέ,
1082 2529 1162 2604 διότι
1185 2549 1248 2604 τῶν
1272 2531 1423 2631 περιόδων
1446 2541 1579 2628 τοιαύτη
1606 2565 1698 2606 συνε-

99 2673 124 2712 ιι
151 2643 318 2735 τάχθησαν
342 2645 443 2736 ἀρχὴν
460 2647 619 2736 ἑπαγούση
637 2657 678 2732 τῇ
692 2647 809 2737 ἀρίστῃ
828 2648 974 2732 πολιτείᾳ
989 2646 1114 2723 λύσεως·
1131 2653 1150 2718 ῆ
1169 2646 1230 2739 γάρ
1246 2648 1328 2737 τύχη
1354 2657 1418 2714 τῶν
1442 2653 1478 2714 ἐκ
1501 2657 1558 2714 τοῦ
1580 2649 1698 2727 παντός

152 2756 237 2819 ἐστιν
260 2758 336 2843 ημῖν
361 2755 597 2846 ἀπογενομένων
622 2750 920 2845 ἀποπληρωτικὴθ),
945 2753 1165 2820 συντάττόυσα
1181 2754 1223 2819 τά
1247 2757 1387 2846 ἡμέτερα
1410 2767 1480 2833 ταῖς
1503 2765 1559 2822 τοῦ
1582 2758 1699 2833 παντὸς

151 2853 293 2927 τοιαῖσδε
308 2853 471 2953 περιόδοις,
488 2864 556 2929 κατ’
573 2856 662 2941 ἀξίαν
680 2863 836 2954 ἀμείνοσιν
851 2864 955 2940 οὐσαις
971 2861 990 2936 ἢ
1008 2865 1154 2952 χείροσιν.
1168 2855 1389 2930 Παιδεύσουσιν
1407 2855 1433 2929 δ’
1447 2859 1499 2930 οὐν
1517 2871 1545 2930 οί
1562 2856 1699 2954 δεύτεροι

151 2969 224 3046 τούς
242 2973 294 3060 ἀφ’
311 2975 442 3055 ἑαυτῶν,
459 2971 564 3037 οὐκέτι
580 2963 614 3036 δέ
631 2963 683 3038 διά
698 2971 813 3056 πάσης,
830 2977 869 3049 ὡς
887 2975 1021 3062 εἴρηται,
1039 2971 1132 3060 τῆςί)
1148 2964 1299 3049 παιδείας,
1319 2975 1467 3056 (101151
1486 2973 1530 3058 ν.)
1548 2970 1631 3037 ἀλλά
1649 2962 1700 3036 διά

153 3079 249 3167 μόνης
262 3090 491 3169 γυμναστικῆς,
504 3079 558 3144 καί
571 3079 691 3158 ταύτης
704 3086 744 3158 ὡς
759 3083 930 3173 ἀναγκαίας
945 3082 1020 3171 πρύς
1032 3082 1071 3146 τύ
1085 3075 1171 3146 εἶναι.
1188 3121 1227 3131 -
1242 3081 1319 3156 Τούς
1336 3073 1370 3146 δέ
1386 3071 1424 3153 δέ
1439 3081 1562 3171 τρίτους
1575 3079 1697 3171 ἀνάγκη

97 3228 126 3265 ,0
152 3185 224 3261 τούς
242 3187 395 3277 ἀμούσους
409 3187 501 3264 ὄντας
516 3188 625 3253 λοιπόν
643 3180 837 3264 ἀπαιδεύτως
854 3191 936 3278 ἔχειν
952 3191 1027 3279 προς
1044 3190 1082 3254 τὸ
1100 3181 1278 3278 διαψμέν]ειν
1294 3187 1337 3254 τά
1354 3178 1540 3278 διαφέροντα
1557 3177 1622 3260 εἴδη
1641 3197 1699 3262 τῆς

153 3289 234 3373 ζωῆς
251 3293 293 3360 τά
309 3295 467 3385 φυλακικά
479 3295 533 3359 καί
550 3294 592 3382 μὴ
611 3295 780 3385 φυλακικά,
794 3294 848 3361 καί
865 3292 1008 3384 συνάψειν
1025 3295 1067 3362 τά
1089 3296 1221 3387 ἀνόμοια
1239 3297 1399 3371 ἀλλήλοις.
1415 3333 1460 3346 -
1477 3294 1699 3388 Συγχεθέντων

153 3393 187 3468 δέ
196 3400 222 3486 ⁸)
235 3411 297 3466 τῶν
310 3405 482 3468 πολιτικῶν
495 3412 602 3494 γενῶν,
611 3401 737 3468 έσεσθαι
749 3401 820 3479 τούς
833 3402 1004 3493 τετάρτους
1018 3405 1079 3468 ἀπύ
1092 3413 1155 3468 τῶν
1167 3404 1299 3495 πρώτων
1313 3403 1564 3480 στασιαστικοὺς,
1576 3394 1627 3468 διά
1640 3401 1699 3476 τὴν

152 3510 302 3604 σύγχυσιν
319 3511 460 3578 ἑκάστων
477 3513 696 3602 ἀντεχομένων
713 3522 768 3578 τοῦ
785 3512 964 3602 πρωτεύειν·
981 3515 1010 3576 ἐν
1028 3511 1087 3604 γάρ
1104 3523 1168 3588 τοῖς
1187 3513 1440 3602 συγκεχυμένοις,
1454 3513 1585 3576 ἕκαστον
1603 3509 1700 3576 ἐθέλει

152 3619 212 3693 τὴν
235 3624 347 3686 ἑαυτοῦ
371 3613 461 3699 τάξιν
477 3613 683 3712 ὐπερύαίνειν,
706 3621 788 3710 μήτε
805 3629 861 3684 τοῦ
878 3619 965 3709 φύσει
980 3623 1128 3710 χείρονος,
1145 3623 1193 3686 έτι
1209 3623 1303 3712 ὅμοια
1320 3631 1504 3709 φρονοῦντας
1515 3617 1541 3706 ⁹)
1565 3611 1617 3684 διά
1639 3618 1700 3692 τῆν

97 3761 125 3801 ,ε
153 3732 183 3794 ἑν
207 3739 248 3814 τῆ
275 3729 394 3821 γενέσει
417 3721 509 3817 μίξιν,
536 3729 619 3819 μήτε
641 3738 697 3793 τοῦ
721 3719 885 3804 δοκοῦντος
910 3730 1068 3818 ἀμείνονος
1086 3729 1210 3818 ἄμεινον
1227 3728 1322 3793 ἑαυτὸ
1347 3727 1447 3817 μόνως
1471 3718 1624 3793 δεικνῦναι
1648 3716 1702 3791 δυ-

153 3839 295 3926 ναμένου,
321 3828 373 3902 διὰ
397 3835 457 3910 τὴν
473 3841 504 3901 έν
522 3847 562 3922 τῇ
581 3835 670 3928 φύσει
686 3825 873 3927 παραδοχὴν
888 3845 946 3900 τοῦ
962 3838 1107 3926 χείρονος.
1125 3835 1279 3925 Τέταρτοι
1295 3826 1323 3900 δ’
1342 3829 1393 3899 οὐν
1411 3835 1472 3900 ἀπὸ
1489 3843 1552 3898 τῶν
1568 3831 1700 3924 πρώτων

152 3947 227 4012 είσίν
252 3943 400 4036 ἄρχοντες
424 3949 452 4011 οί
475 3943 708 4023 στασιάσοντες,
726 3947 798 4009 ἀλλ’
817 3947 875 4034 οὐχ
890 3950 929 4020 ὡς
953 3955 1072 4034 πρῶτοι
1087 3942 1135 4028 ¹⁰).
1154 3943 1214 4008 Καὶ
1230 3945 1361 4009 λέλυται
1384 3944 1422 4008 τὸ
1447 3941 1613 4032 ἀπορηθὲν,
1636 3951 1701 4017 πῶς

153 4055 206 4121 καί
228 4063 285 4120 τοῦ
308 4064 496 4145 κρατοῦντος
520 4052 745 4129 στασιάσοντος
769 4058 789 4127 ῆ
814 4055 960 4118 πολιτεία
984 4051 1166 4124 λυθήσεται·
1184 4052 1238 4116 καί
1261 4052 1298 4116 τὸ
1324 4050 1549 4142 ἀναμάρτητον
1573 4043 1701 4140 ὑπάρξει

152 4173 217 4240 τοῖς
234 4173 337 4253 σοφοῖς
361 4161 518 4254 ἄρχουσιν.
538 4165 582 4226 Οὐ
599 4159 659 4252 γάρ
676 4164 707 4226 έν
724 4162 848 4236 ἐκείνοις
871 4165 891 4233 ῆ
911 4159 1030 4240 στάσις,
1056 4157 1129 4223 ἀλλ’
1144 4161 1175 4223 ἒν
1191 4169 1256 4235 τοῖς
1272 4162 1460 4233 πολλοστοῖς
1485 4162 1539 4222 ἀπ’
1564 4158 1700 4222 ἐκείνων·

96 4301 126 4339 ιο
153 4275 182 4336 σί
196 4279 256 4346 τῆς
280 4271 377 4346 αὐτῆς
400 4271 449 4336 έτι
471 4269 633 4343 πολιτείας
657 4266 815 4357 ἄρχοντες,
834 4270 868 4332 οὐ
885 4276 943 4342 τῆς
961 4270 1058 4343 αὐτῆς
1076 4267 1230 4356 μετέσχον
1253 4258 1397 4342 παιδείας
1421 4268 1547 4340 ἐκείνοις
1571 4273 1636 4340 τοῖς
1660 4269 1700 4339 ὡς

153 4375 278 4454 ἀληθῶς
302 4375 459 4468 ἄρχουσιν.
478 4384 543 4453 Τῆς
559 4367 593 4442 δέ
609 4377 641 4442 ἐν
657 4386 723 4452 τοῖς
741 4376 934 4450 τελευταίοις
950 4373 1073 4452 τούτοις
1090 4374 1221 4465 ἄρχουσι
1238 4374 1377 4450 στάσεως
1395 4375 1481 4438 αίτία
1500 4381 1563 4436 τῶν
1587 4372 1700 4461 τρίτων

152 4491 173 4558 ἡ
199 4487 335 4574 ἀμουσία
358 4485 575 4578 γεννησαμένη
600 4473 727 4568 παῖδας,
752 4488 808 4548 οὐκ
824 4486 872 4548 έτι
888 4482 1076 4572 φυλακικούς
1095 4473 1146 4548 διά
1169 4485 1230 4556 τῆν
1254 4491 1316 4548 τῶν
1341 4483 1495 4572 ἀνομοίων
1520 4471 1700 4569 ἀδιάκριτον

154 4592 314 4684 σύγχυσιν·
338 4604 398 4670 τῆς
422 4585 456 4659 δέ
478 4603 541 4659 τῶν
565 4594 680 4684 τρίτων
705 4593 866 4680 ἀμουσίας,
891 4597 910 4666 v)
930 4600 993 4656 τῶν
1010 4582 1161 4681 δευτέρων
1180 4589 1314 4682 ῥᾳθυμία
1329 4591 1399 4681 περὶ
1421 4588 1479 4666 τάς
1502 4587 1634 4662 Μούσας,
1660 4575 1699 4650 δι’

191 4823 213 4899 ¹)
232 4824 269 4881 In
288 4841 403 4882 summo
421 4841 516 4896 marg.
535 4821 599 4880 folii
620 4824 671 4880 151
689 4829 760 4880 nota
786 4821 900 4896 prolixa
952 4827 1131 4897 γυμναστικῆς,
1151 4821 1231 4895 quod
1253 4819 1319 4878 edd.
1342 4817 1501 4876 includunb
1521 4817 1568 4874 uti
1590 4817 1699 4892 spuria.

153 4916 285 4975 evanuit.
298 4914 460 4990 Incipimus
472 4913 725 4972 εσυό.Βετ1)οι-ἰιι.
738 4913 758 4970 f.
769 4915 795 4968 4.
809 4913 901 4970 Refer
952 4915 1066 4972 Eadem
1083 4932 1154 4971 mox
1172 4917 1339 4982 recurrunt,
1358 4909 1404 4967 bis
1419 4929 1438 4966 ε
1450 4909 1556 4966 Ρτοσίο
1570 4917 1699 4983 recepta.

153 5005 400 5066 commentarium
418 5005 456 5061 ειί
474 5021 553 5062 νοτε.
573 5005 637 5060 ί>10
654 5021 681 5076 μ
698 5003 750 5059 141
771 5001 899 5060 circiter.
987 5005 1010 5078 θ)
1030 5003 1072 5060 Οί.
1093 5019 1184 5076 supra
1201 5019 1227 5074 p.
1249 5001 1310 5057 112.

95 5145 101 5154 .
188 5099 213 5171 ²)
231 5096 269 5153 Η.
289 5101 321 5169 τῇ
339 5099 442 5150 σπουδ...
463 5099 494 5166 τῇ
512 5096 598 5164 τοιῷδε
617 5093 667 5150 εἰσ.
986 5093 1011 5164 Ἴ)
1029 5091 1066 5146 Π.
1087 5109 1143 5148 om.
1164 5097 1218 5150 τῆς·

187 5187 212 5262 3)
230 5186 268 5243 Η.
288 5189 412 5259 μουσῶν...
432 5189 481 5258 γὰρ
500 5184 543 5236 οὐκ
562 5182 595 5236 io*
614 5185 696 5238 ίλόκ...
987 5181 1010 5252 ⁸)
1029 5180 1066 5234 H.
1086 5179 1106 5234 f.
1128 5179 1152 5234 5.

187 5278 211 5349 ⁴)
227 5275 266 5332 H.
286 5279 355 5332 ἀει...
374 5273 451 5335 αὐτῆς
470 5271 560 5345 έφιιψ...
986 5271 1010 5342 9)
1028 5270 1067 5324 H.
1088 5273 1238 5341 φρονοῦντες,
1258 5267 1325 5326 sort.
1346 5271 1499 5340 φρονοῦντος.

188 5364 212 5437 ⁵)
231 5364 302 5420 Mox
320 5362 358 5420 ef.
378 5379 469 5435 supra
489 5379 516 5434 p.
537 5361 598 5434 148,
622 5360 664 5432 13,
685 5361 795 5432 δεύτερον
818 5365 844 5415 δι
867 5366 899 5414 τὰ
977 5361 1010 5432 ¹⁰)
1028 5361 1066 5416 H.
1086 5359 1141 5413 ἀλλ’
1163 5361 1189 5414 οὐ
1209 5363 1309 5432 πρῶτοι.
1328 5359 1398 5416 Mox
1418 5357 1549 5430 ἀπιρωθέν.
