<?xml version="1.0" encoding="UTF-8"?>
<!DOCTYPE html PUBLIC "-//W3C//DTD XHTML 1.0 Transitional//EN"
    "http://www.w3.org/TR/xhtml1/DTD/xhtml1-transitional.dtd">
<html xmlns="http://www.w3.org/1999/xhtml" xml:lang="en" lang="en">
 <head>
  <title>
</title>
<meta http-equiv="Content-Type" content="text/html;charset=utf-8" />
  <meta name='ocr-system' content='tesseract 3.04.00' />
  <meta name='ocr-capabilities' content='ocr_page ocr_carea ocr_par ocr_line ocrx_word'/>
</head>
<body>
  <div class='ocr_page' id='page_1' title='image "./analectasacrasp02pitrgoog_0185.png"; bbox 0 0 4022 6072; ppageno 0'>
   <div class='ocr_carea' id='block_1_1' title="bbox 284 508 1296 602">
    <p class='ocr_par' dir='ltr' id='par_1_1' title="bbox 284 508 1296 602">
     <span class='ocr_line' id='line_1_1' title="bbox 284 508 1296 602; baseline 0.006 -24"><span class='ocrx_word' id='word_1_1' title='bbox 284 521 337 578; x_wconf 81' lang='lat'>136</span> <span class='ocrx_word' id='word_1_2' title='bbox 814 511 1017 602; x_wconf 72' lang='lat' dir='ltr'>Aaoayuus</span> <span class='ocrx_word' id='word_1_3' title='bbox 1038 508 1296 584; x_wconf 79' lang='lat' dir='ltr'>Autanicaeaus</span> 
     </span>
    </p>
   </div>
   <div class='ocr_carea' id='block_1_2' title="bbox 201 685 1831 2392">
    <p class='ocr_par' dir='ltr' id='par_1_2' title="bbox 283 685 1824 864">
     <span class='ocr_line' id='line_1_2' title="bbox 283 685 1824 776; baseline 0.001 -21"><span class='ocrx_word' id='word_1_4' title='bbox 283 712 356 756; x_wconf 86' lang='lat' dir='ltr'>rum</span> <span class='ocrx_word' id='word_1_5' title='bbox 371 687 406 771; x_wconf 84' lang='grc' dir='ltr'>Ι).</span> <span class='ocrx_word' id='word_1_6' title='bbox 430 687 497 754; x_wconf 85' lang='lat' dir='ltr'>Vae</span> <span class='ocrx_word' id='word_1_7' title='bbox 520 689 575 774; x_wconf 90' lang='lat' dir='ltr'>qui</span> <span class='ocrx_word' id='word_1_8' title='bbox 597 691 760 754; x_wconf 88' lang='lat' dir='ltr'>sectantur</span> <span class='ocrx_word' id='word_1_9' title='bbox 774 687 864 768; x_wconf 90' lang='lat' dir='ltr'>illud,</span> <span class='ocrx_word' id='word_1_10' title='bbox 880 686 1026 752; x_wconf 87' lang='lat' dir='ltr'>lucratur</span> <span class='ocrx_word' id='word_1_11' title='bbox 1042 685 1245 770; x_wconf 85' lang='lat' dir='ltr'>imperatoris</span> <span class='ocrx_word' id='word_1_12' title='bbox 1253 687 1444 774; x_wconf 84' lang='lat' dir='ltr'>imaginem,</span> <span class='ocrx_word' id='word_1_13' title='bbox 1462 693 1494 754; x_wconf 88' lang='lat' dir='ltr'>at</span> <span class='ocrx_word' id='word_1_14' title='bbox 1511 689 1633 756; x_wconf 89' lang='lat' dir='ltr'>amittit</span> <span class='ocrx_word' id='word_1_15' title='bbox 1650 690 1824 776; x_wconf 77' lang='lat' dir='ltr'><strong>imaginem</strong></span> 
     </span>
     <span class='ocr_line' id='line_1_3' title="bbox 283 797 414 864; baseline -0.008 0"><span class='ocrx_word' id='word_1_16' title='bbox 283 797 414 864; x_wconf 77' lang='lat' dir='ltr'><strong>Christi.</strong></span> 
     </span>
    </p>

    <p class='ocr_par' dir='ltr' id='par_1_3' title="bbox 282 903 1829 1954">
     <span class='ocr_line' id='line_1_4' title="bbox 325 903 1822 990; baseline 0.002 -20"><span class='ocrx_word' id='word_1_17' title='bbox 325 904 377 970; x_wconf 84' lang='lat' dir='ltr'>An</span> <span class='ocrx_word' id='word_1_18' title='bbox 400 909 561 990; x_wconf 88' lang='lat' dir='ltr'>putamus,</span> <span class='ocrx_word' id='word_1_19' title='bbox 584 903 710 983; x_wconf 84' lang='lat' dir='ltr'>fratres,</span> <span class='ocrx_word' id='word_1_20' title='bbox 726 905 801 988; x_wconf 91' lang='lat' dir='ltr'>quia</span> <span class='ocrx_word' id='word_1_21' title='bbox 813 904 949 988; x_wconf 87' lang='lat' dir='ltr'>jocando</span> <span class='ocrx_word' id='word_1_22' title='bbox 964 903 1140 987; x_wconf 87' lang='lat' dir='ltr'>prophetae</span> <span class='ocrx_word' id='word_1_23' title='bbox 1155 903 1364 986; x_wconf 83' lang='lat' dir='ltr'>praedicant?</span> <span class='ocrx_word' id='word_1_24' title='bbox 1380 904 1510 970; x_wconf 87' lang='lat' dir='ltr'>ridendo</span> <span class='ocrx_word' id='word_1_25' title='bbox 1529 905 1705 990; x_wconf 87' lang='lat' dir='ltr'>loquuntur</span> <span class='ocrx_word' id='word_1_26' title='bbox 1728 929 1822 990; x_wconf 88' lang='lat' dir='ltr'>apos·</span> 
     </span>
     <span class='ocr_line' id='line_1_5' title="bbox 282 1009 1824 1099; baseline -0.001 -18"><span class='ocrx_word' id='word_1_27' title='bbox 282 1014 367 1081; x_wconf 79' lang='lat' dir='ltr'>toli?</span> <span class='ocrx_word' id='word_1_28' title='bbox 390 1013 536 1080; x_wconf 81' lang='lat' dir='ltr'>Christus</span> <span class='ocrx_word' id='word_1_29' title='bbox 559 1013 750 1078; x_wconf 89' lang='lat' dir='ltr'>infantiliter</span> <span class='ocrx_word' id='word_1_30' title='bbox 775 1013 930 1097; x_wconf 88' lang='lat' dir='ltr'>judicium</span> <span class='ocrx_word' id='word_1_31' title='bbox 953 1011 1188 1077; x_wconf 83' lang='lat' dir='ltr'>comminatur?</span> <span class='ocrx_word' id='word_1_32' title='bbox 1212 1009 1274 1076; x_wconf 85' lang='lat' dir='ltr'>Sed</span> <span class='ocrx_word' id='word_1_33' title='bbox 1292 1013 1357 1093; x_wconf 81' lang='lat' dir='ltr'>joci</span> <span class='ocrx_word' id='word_1_34' title='bbox 1380 1034 1443 1078; x_wconf 92' lang='lat' dir='ltr'>non</span> <span class='ocrx_word' id='word_1_35' title='bbox 1466 1019 1558 1094; x_wconf 85' lang='lat' dir='ltr'>sunt,</span> <span class='ocrx_word' id='word_1_36' title='bbox 1582 1015 1637 1080; x_wconf 91' lang='lat' dir='ltr'>ubi</span> <span class='ocrx_word' id='word_1_37' title='bbox 1665 1014 1824 1099; x_wconf 87' lang='lat' dir='ltr'>supplicia</span> 
     </span>
     <span class='ocr_line' id='line_1_6' title="bbox 282 1119 1824 1206; baseline -0.001 -18"><span class='ocrx_word' id='word_1_38' title='bbox 282 1123 495 1188; x_wconf 86' lang='lat' dir='ltr'>intercedunt.</span> <span class='ocrx_word' id='word_1_39' title='bbox 520 1121 554 1187; x_wconf 88' lang='lat' dir='ltr'>Si</span> <span class='ocrx_word' id='word_1_40' title='bbox 573 1121 709 1206; x_wconf 87' lang='lat' dir='ltr'>jocando</span> <span class='ocrx_word' id='word_1_41' title='bbox 732 1121 816 1204; x_wconf 83' lang='lat' dir='ltr'>passi</span> <span class='ocrx_word' id='word_1_42' title='bbox 840 1123 926 1200; x_wconf 86' lang='lat' dir='ltr'>sunt,</span> <span class='ocrx_word' id='word_1_43' title='bbox 949 1119 1121 1184; x_wconf 88' lang='lat' dir='ltr'>creduntur</span> <span class='ocrx_word' id='word_1_44' title='bbox 1137 1123 1170 1183; x_wconf 89' lang='lat' dir='ltr'>et</span> <span class='ocrx_word' id='word_1_45' title='bbox 1182 1119 1317 1204; x_wconf 85' lang='lat' dir='ltr'>jocando</span> <span class='ocrx_word' id='word_1_46' title='bbox 1336 1119 1473 1204; x_wconf 88' lang='lat' dir='ltr'>loquuti.</span> <span class='ocrx_word' id='word_1_47' title='bbox 1498 1120 1608 1186; x_wconf 80' lang='lat' dir='ltr'>Esaias</span> <span class='ocrx_word' id='word_1_48' title='bbox 1631 1143 1719 1187; x_wconf 86' lang='lat' dir='ltr'>serra</span> <span class='ocrx_word' id='word_1_49' title='bbox 1741 1121 1824 1187; x_wconf 85' lang='lat' dir='ltr'>acin·</span> 
     </span>
     <span class='ocr_line' id='line_1_7' title="bbox 283 1225 1825 1312; baseline -0.002 -16"><span class='ocrx_word' id='word_1_50' title='bbox 283 1230 380 1310; x_wconf 85' lang='lat' dir='ltr'>ditur,</span> <span class='ocrx_word' id='word_1_51' title='bbox 403 1228 519 1295; x_wconf 79' lang='lat' dir='ltr'>Daniel</span> <span class='ocrx_word' id='word_1_52' title='bbox 541 1229 686 1295; x_wconf 87' lang='lat' dir='ltr'>leonibus</span> <span class='ocrx_word' id='word_1_53' title='bbox 709 1228 891 1312; x_wconf 90' lang='lat' dir='ltr'>deputatur,</span> <span class='ocrx_word' id='word_1_54' title='bbox 916 1225 1035 1292; x_wconf 87' lang='lat' dir='ltr'>Paulus</span> <span class='ocrx_word' id='word_1_55' title='bbox 1058 1230 1226 1292; x_wconf 87' lang='lat' dir='ltr'>truncatur</span> <span class='ocrx_word' id='word_1_56' title='bbox 1249 1226 1368 1312; x_wconf 83' lang='lat' dir='ltr'>gladio,</span> <span class='ocrx_word' id='word_1_57' title='bbox 1386 1227 1499 1294; x_wconf 86' lang='lat' dir='ltr'>Petrus</span> <span class='ocrx_word' id='word_1_58' title='bbox 1522 1230 1555 1294; x_wconf 92' lang='lat' dir='ltr'>in</span> <span class='ocrx_word' id='word_1_59' title='bbox 1577 1251 1670 1296; x_wconf 89' lang='lat' dir='ltr'>cruce</span> <span class='ocrx_word' id='word_1_60' title='bbox 1693 1229 1825 1295; x_wconf 88' lang='lat' dir='ltr'>Domini</span> 
     </span>
     <span class='ocr_line' id='line_1_8' title="bbox 285 1333 1827 1422; baseline -0.001 -18"><span class='ocrx_word' id='word_1_61' title='bbox 285 1337 428 1422; x_wconf 87' lang='lat' dir='ltr'>exemplo</span> <span class='ocrx_word' id='word_1_62' title='bbox 450 1338 673 1421; x_wconf 87' lang='lat' dir='ltr'>suspenditur;</span> <span class='ocrx_word' id='word_1_63' title='bbox 698 1339 731 1402; x_wconf 91' lang='lat' dir='ltr'>et</span> <span class='ocrx_word' id='word_1_64' title='bbox 754 1335 815 1401; x_wconf 88' lang='lat' dir='ltr'>hoo</span> <span class='ocrx_word' id='word_1_65' title='bbox 838 1339 943 1402; x_wconf 90' lang='lat' dir='ltr'>totum</span> <span class='ocrx_word' id='word_1_66' title='bbox 965 1339 1003 1400; x_wconf 89' lang='lat' dir='ltr'>ut</span> <span class='ocrx_word' id='word_1_67' title='bbox 1027 1333 1084 1399; x_wconf 80' lang='lat' dir='ltr'>no&#39;s</span> <span class='ocrx_word' id='word_1_68' title='bbox 1099 1356 1119 1399; x_wconf 90' lang='lat' dir='ltr'>a</span> <span class='ocrx_word' id='word_1_69' title='bbox 1133 1335 1273 1420; x_wconf 87' lang='lat' dir='ltr'>peccatis</span> <span class='ocrx_word' id='word_1_70' title='bbox 1296 1358 1353 1402; x_wconf 90' lang='lat' dir='ltr'>sua</span> <span class='ocrx_word' id='word_1_71' title='bbox 1376 1336 1522 1402; x_wconf 89' lang='lat' dir='ltr'>doctrina</span> <span class='ocrx_word' id='word_1_72' title='bbox 1545 1343 1741 1404; x_wconf 78' lang='lat' dir='ltr'>revocarent.</span> <span class='ocrx_word' id='word_1_73' title='bbox 1766 1336 1827 1402; x_wconf 86' lang='lat' dir='ltr'>Sed</span> 
     </span>
     <span class='ocr_line' id='line_1_9' title="bbox 285 1442 1829 1530; baseline 0.001 -21"><span class='ocrx_word' id='word_1_74' title='bbox 285 1445 383 1509; x_wconf 88' lang='lat' dir='ltr'>timeo</span> <span class='ocrx_word' id='word_1_75' title='bbox 406 1465 446 1509; x_wconf 92' lang='lat' dir='ltr'>ne</span> <span class='ocrx_word' id='word_1_76' title='bbox 469 1443 724 1510; x_wconf 81' lang='lat' dir='ltr'>inobedientibus</span> <span class='ocrx_word' id='word_1_77' title='bbox 738 1443 772 1507; x_wconf 91' lang='lat' dir='ltr'>in</span> <span class='ocrx_word' id='word_1_78' title='bbox 789 1443 950 1508; x_wconf 85' lang='lat' dir='ltr'>contraria</span> <span class='ocrx_word' id='word_1_79' title='bbox 965 1443 1118 1509; x_wconf 89' lang='lat' dir='ltr'>beneficia</span> <span class='ocrx_word' id='word_1_80' title='bbox 1132 1443 1336 1526; x_wconf 89' lang='lat' dir='ltr'>deputentur,</span> <span class='ocrx_word' id='word_1_81' title='bbox 1352 1446 1385 1509; x_wconf 83' lang='lat' dir='ltr'>et</span> <span class='ocrx_word' id='word_1_82' title='bbox 1400 1443 1570 1528; x_wconf 87' lang='lat' dir='ltr'>proficiant</span> <span class='ocrx_word' id='word_1_83' title='bbox 1586 1442 1613 1530; x_wconf 79' lang='lat'>²)</span> <span class='ocrx_word' id='word_1_84' title='bbox 1631 1446 1672 1511; x_wconf 90' lang='lat' dir='ltr'>ad</span> <span class='ocrx_word' id='word_1_85' title='bbox 1693 1467 1829 1530; x_wconf 85' lang='lat' dir='ltr'>poenam</span> 
     </span>
     <span class='ocr_line' id='line_1_10' title="bbox 286 1549 1828 1637; baseline 0.001 -20"><span class='ocrx_word' id='word_1_86' title='bbox 286 1551 320 1617; x_wconf 93' lang='lat' dir='ltr'>in</span> <span class='ocrx_word' id='word_1_87' title='bbox 339 1551 459 1637; x_wconf 90' lang='lat' dir='ltr'>judicio</span> <span class='ocrx_word' id='word_1_88' title='bbox 482 1551 568 1636; x_wconf 91' lang='lat' dir='ltr'>quod</span> <span class='ocrx_word' id='word_1_89' title='bbox 589 1551 642 1617; x_wconf 90' lang='lat' dir='ltr'>hic</span> <span class='ocrx_word' id='word_1_90' title='bbox 666 1551 776 1616; x_wconf 88' lang='lat' dir='ltr'>datum</span> <span class='ocrx_word' id='word_1_91' title='bbox 798 1549 897 1615; x_wconf 89' lang='lat' dir='ltr'>fuerit</span> <span class='ocrx_word' id='word_1_92' title='bbox 919 1549 959 1615; x_wconf 86' lang='lat' dir='ltr'>ad</span> <span class='ocrx_word' id='word_1_93' title='bbox 982 1550 1129 1616; x_wconf 86' lang='lat' dir='ltr'>salutem.</span> <span class='ocrx_word' id='word_1_94' title='bbox 1146 1549 1257 1615; x_wconf 78' lang='lat' dir='ltr'>Timeo</span> <span class='ocrx_word' id='word_1_95' title='bbox 1273 1573 1312 1616; x_wconf 90' lang='lat' dir='ltr'>ne</span> <span class='ocrx_word' id='word_1_96' title='bbox 1327 1551 1405 1616; x_wconf 88' lang='lat' dir='ltr'>fides</span> <span class='ocrx_word' id='word_1_97' title='bbox 1423 1556 1532 1617; x_wconf 90' lang='lat' dir='ltr'>nostra</span> <span class='ocrx_word' id='word_1_98' title='bbox 1555 1552 1659 1637; x_wconf 84' lang='lat' dir='ltr'>magis</span> <span class='ocrx_word' id='word_1_99' title='bbox 1678 1551 1828 1636; x_wconf 82' lang='lat' dir='ltr'>jocabilis</span> 
     </span>
     <span class='ocr_line' id='line_1_11' title="bbox 286 1653 1829 1744; baseline -0.003 -18"><span class='ocrx_word' id='word_1_100' title='bbox 286 1659 329 1726; x_wconf 87' lang='lat' dir='ltr'>sit</span> <span class='ocrx_word' id='word_1_101' title='bbox 351 1681 447 1744; x_wconf 87' lang='lat' dir='ltr'>quam</span> <span class='ocrx_word' id='word_1_102' title='bbox 471 1659 572 1724; x_wconf 85' lang='lat' dir='ltr'>virtus</span> <span class='ocrx_word' id='word_1_103' title='bbox 594 1657 734 1724; x_wconf 88' lang='lat' dir='ltr'>illorum.</span> <span class='ocrx_word' id='word_1_104' title='bbox 758 1656 869 1723; x_wconf 79' lang='lat' dir='ltr'>&#39;limae</span> <span class='ocrx_word' id='word_1_105' title='bbox 892 1679 931 1722; x_wconf 91' lang='lat' dir='ltr'>ne</span> <span class='ocrx_word' id='word_1_106' title='bbox 956 1678 1013 1722; x_wconf 91' lang='lat' dir='ltr'>nos</span> <span class='ocrx_word' id='word_1_107' title='bbox 1040 1656 1176 1742; x_wconf 86' lang='lat' dir='ltr'>jocando</span> <span class='ocrx_word' id='word_1_108' title='bbox 1198 1656 1370 1738; x_wconf 89' lang='lat' dir='ltr'>credentes,</span> <span class='ocrx_word' id='word_1_109' title='bbox 1391 1657 1527 1742; x_wconf 89' lang='lat' dir='ltr'>jocando</span> <span class='ocrx_word' id='word_1_110' title='bbox 1551 1658 1711 1724; x_wconf 86' lang='lat' dir='ltr'>salvemur</span> <span class='ocrx_word' id='word_1_111' title='bbox 1725 1653 1762 1738; x_wconf 78' lang='lat'>³).</span> <span class='ocrx_word' id='word_1_112' title='bbox 1787 1657 1829 1722; x_wconf 85' lang='lat' dir='ltr'>Et</span> 
     </span>
     <span class='ocr_line' id='line_1_12' title="bbox 287 1759 1829 1851; baseline -0.002 -19"><span class='ocrx_word' id='word_1_113' title='bbox 287 1766 446 1851; x_wconf 91' lang='lat' dir='ltr'>quomodo</span> <span class='ocrx_word' id='word_1_114' title='bbox 469 1788 527 1851; x_wconf 87' lang='lat' dir='ltr'>per</span> <span class='ocrx_word' id='word_1_115' title='bbox 549 1765 649 1832; x_wconf 85' lang='lat' dir='ltr'>risum</span> <span class='ocrx_word' id='word_1_116' title='bbox 671 1764 874 1831; x_wconf 88' lang='lat' dir='ltr'>introibimus</span> <span class='ocrx_word' id='word_1_117' title='bbox 885 1759 927 1848; x_wconf 78' lang='lat'>4),</span> <span class='ocrx_word' id='word_1_118' title='bbox 949 1765 976 1830; x_wconf 89' lang='lat' dir='ltr'>si</span> <span class='ocrx_word' id='word_1_119' title='bbox 999 1764 1101 1830; x_wconf 89' lang='lat' dir='ltr'>rideat</span> <span class='ocrx_word' id='word_1_120' title='bbox 1116 1764 1172 1829; x_wconf 91' lang='lat' dir='ltr'>ille</span> <span class='ocrx_word' id='word_1_121' title='bbox 1188 1764 1226 1830; x_wconf 90' lang='lat' dir='ltr'>de</span> <span class='ocrx_word' id='word_1_122' title='bbox 1241 1765 1343 1846; x_wconf 84' lang='lat' dir='ltr'>nobis,</span> <span class='ocrx_word' id='word_1_123' title='bbox 1359 1765 1442 1831; x_wconf 89' lang='lat' dir='ltr'>sicut</span> <span class='ocrx_word' id='word_1_124' title='bbox 1465 1766 1621 1851; x_wconf 85' lang='lat' dir='ltr'>scriptum</span> <span class='ocrx_word' id='word_1_125' title='bbox 1644 1770 1711 1832; x_wconf 86' lang='lat' dir='ltr'>est:</span> <span class='ocrx_word' id='word_1_126' title='bbox 1739 1765 1829 1842; x_wconf 79' lang='lat' dir='ltr'>‘Qui</span> 
     </span>
     <span class='ocr_line' id='line_1_13' title="bbox 287 1872 1578 1954; baseline -0.002 -14"><span class='ocrx_word' id='word_1_127' title='bbox 287 1874 414 1940; x_wconf 87' lang='lat' dir='ltr'>habitat</span> <span class='ocrx_word' id='word_1_128' title='bbox 435 1875 469 1938; x_wconf 92' lang='lat' dir='ltr'>in</span> <span class='ocrx_word' id='word_1_129' title='bbox 492 1873 598 1954; x_wconf 87' lang='lat' dir='ltr'>coelis,</span> <span class='ocrx_word' id='word_1_130' title='bbox 622 1872 768 1939; x_wconf 89' lang='lat' dir='ltr'>irridebit</span> <span class='ocrx_word' id='word_1_131' title='bbox 791 1894 844 1938; x_wconf 86' lang='lat' dir='ltr'>eos</span> <span class='ocrx_word' id='word_1_132' title='bbox 859 1875 883 1954; x_wconf 87' lang='lat'>⁵)</span> <span class='ocrx_word' id='word_1_133' title='bbox 902 1923 927 1952; x_wconf 93' lang='lat'>,.</span> <span class='ocrx_word' id='word_1_134' title='bbox 1122 1873 1125 1880; x_wconf 70' lang='grc'><strong>“</strong></span> <span class='ocrx_word' id='word_1_135' title='bbox 1575 1941 1578 1948; x_wconf 67' lang='grc'>,</span> 
     </span>
    </p>

    <p class='ocr_par' dir='ltr' id='par_1_4' title="bbox 201 1978 1831 2392">
     <span class='ocr_line' id='line_1_14' title="bbox 333 1978 1829 2066; baseline -0.003 -19"><span class='ocrx_word' id='word_1_136' title='bbox 333 1981 437 2047; x_wconf 90' lang='lat' dir='ltr'>Multa</span> <span class='ocrx_word' id='word_1_137' title='bbox 460 1986 536 2047; x_wconf 89' lang='lat' dir='ltr'>sunt</span> <span class='ocrx_word' id='word_1_138' title='bbox 558 2003 639 2066; x_wconf 89' lang='lat' dir='ltr'>quae</span> <span class='ocrx_word' id='word_1_139' title='bbox 663 1982 819 2048; x_wconf 88' lang='lat' dir='ltr'>dicantur.</span> <span class='ocrx_word' id='word_1_140' title='bbox 843 1979 906 2046; x_wconf 89' lang='lat' dir='ltr'>Sed</span> <span class='ocrx_word' id='word_1_141' title='bbox 928 1980 1070 2046; x_wconf 80' lang='lat' dir='ltr'>Fastidio</span> <span class='ocrx_word' id='word_1_142' title='bbox 1094 1983 1151 2045; x_wconf 86' lang='lat' dir='ltr'>tuo</span> <span class='ocrx_word' id='word_1_143' title='bbox 1174 1979 1259 2062; x_wconf 85' lang='lat' dir='ltr'>quod</span> <span class='ocrx_word' id='word_1_144' title='bbox 1281 2001 1393 2064; x_wconf 86' lang='lat' dir='ltr'>aspera</span> <span class='ocrx_word' id='word_1_145' title='bbox 1423 1984 1456 2045; x_wconf 90' lang='lat' dir='ltr'>et</span> <span class='ocrx_word' id='word_1_146' title='bbox 1486 1979 1608 2046; x_wconf 87' lang='lat' dir='ltr'>inculta</span> <span class='ocrx_word' id='word_1_147' title='bbox 1629 1979 1692 2045; x_wconf 90' lang='lat' dir='ltr'>fuit</span> <span class='ocrx_word' id='word_1_148' title='bbox 1716 1978 1829 2058; x_wconf 90' lang='lat' dir='ltr'>oratio,</span> 
     </span>
     <span class='ocr_line' id='line_1_15' title="bbox 287 2085 1831 2174; baseline -0.006 -16"><span class='ocrx_word' id='word_1_149' title='bbox 287 2096 320 2158; x_wconf 89' lang='lat' dir='ltr'>et</span> <span class='ocrx_word' id='word_1_150' title='bbox 342 2091 445 2157; x_wconf 90' lang='lat' dir='ltr'>labori</span> <span class='ocrx_word' id='word_1_151' title='bbox 469 2111 538 2156; x_wconf 89' lang='lat' dir='ltr'>meo</span> <span class='ocrx_word' id='word_1_152' title='bbox 568 2090 665 2155; x_wconf 88' lang='lat' dir='ltr'>finem</span> <span class='ocrx_word' id='word_1_153' title='bbox 696 2089 832 2174; x_wconf 89' lang='lat' dir='ltr'>imponit</span> <span class='ocrx_word' id='word_1_154' title='bbox 862 2088 1065 2154; x_wconf 86' lang='lat' dir='ltr'>membranae</span> <span class='ocrx_word' id='word_1_155' title='bbox 1095 2086 1243 2154; x_wconf 88' lang='lat' dir='ltr'>conditio.</span> <span class='ocrx_word' id='word_1_156' title='bbox 1267 2087 1376 2152; x_wconf 92' lang='lat' dir='ltr'>Unum</span> <span class='ocrx_word' id='word_1_157' title='bbox 1406 2088 1475 2154; x_wconf 88' lang='lat' dir='ltr'>dico</span> <span class='ocrx_word' id='word_1_158' title='bbox 1505 2089 1590 2173; x_wconf 92' lang='lat' dir='ltr'>quod</span> <span class='ocrx_word' id='word_1_159' title='bbox 1618 2089 1730 2173; x_wconf 86' lang='lat' dir='ltr'>cupio,</span> <span class='ocrx_word' id='word_1_160' title='bbox 1755 2085 1831 2170; x_wconf 89' lang='lat' dir='ltr'>quia</span> 
     </span>
     <span class='ocr_line' id='line_1_16' title="bbox 201 2196 1831 2282; baseline -0.004 -16"><span class='ocrx_word' id='word_1_161' title='bbox 201 2209 203 2214; x_wconf 86' lang='lat'>&#39;</span> <span class='ocrx_word' id='word_1_162' title='bbox 288 2199 452 2266; x_wconf 83' lang='lat' dir='ltr'>christiani</span> <span class='ocrx_word' id='word_1_163' title='bbox 475 2196 600 2264; x_wconf 87' lang='lat' dir='ltr'>eoelum</span> <span class='ocrx_word' id='word_1_164' title='bbox 622 2197 739 2264; x_wconf 88' lang='lat' dir='ltr'>debent</span> <span class='ocrx_word' id='word_1_165' title='bbox 753 2219 872 2277; x_wconf 87' lang='lat' dir='ltr'>amare,</span> <span class='ocrx_word' id='word_1_166' title='bbox 888 2218 953 2263; x_wconf 90' lang='lat' dir='ltr'>non</span> <span class='ocrx_word' id='word_1_167' title='bbox 969 2201 1104 2274; x_wconf 73' lang='lat' dir='ltr'>terram,</span> <span class='ocrx_word' id='word_1_168' title='bbox 1128 2200 1161 2261; x_wconf 88' lang='lat' dir='ltr'>et</span> <span class='ocrx_word' id='word_1_169' title='bbox 1185 2196 1288 2261; x_wconf 85' lang='lat' dir='ltr'>verbis</span> <span class='ocrx_word' id='word_1_170' title='bbox 1311 2196 1441 2262; x_wconf 89' lang='lat' dir='ltr'>Domini</span> <span class='ocrx_word' id='word_1_171' title='bbox 1464 2197 1537 2282; x_wconf 90' lang='lat' dir='ltr'>plus</span> <span class='ocrx_word' id='word_1_172' title='bbox 1559 2198 1710 2264; x_wconf 83' lang='lat' dir='ltr'>obaudire</span> <span class='ocrx_word' id='word_1_173' title='bbox 1733 2215 1831 2280; x_wconf 85' lang='lat' dir='ltr'>quarn</span> 
     </span>
     <span class='ocr_line' id='line_1_17' title="bbox 287 2304 1432 2392; baseline -0.002 -19"><span class='ocrx_word' id='word_1_174' title='bbox 287 2305 427 2388; x_wconf 83' lang='lat' dir='ltr'>Diaboli,</span> <span class='ocrx_word' id='word_1_175' title='bbox 450 2309 484 2372; x_wconf 88' lang='lat' dir='ltr'>et</span> <span class='ocrx_word' id='word_1_176' title='bbox 502 2305 658 2392; x_wconf 85' lang='lat' dir='ltr'>judicium</span> <span class='ocrx_word' id='word_1_177' title='bbox 680 2309 849 2372; x_wconf 88' lang='lat' dir='ltr'>aeternum</span> <span class='ocrx_word' id='word_1_178' title='bbox 872 2304 975 2389; x_wconf 85' lang='lat' dir='ltr'>magis</span> <span class='ocrx_word' id='word_1_179' title='bbox 998 2304 1111 2370; x_wconf 88' lang='lat' dir='ltr'>timere</span> <span class='ocrx_word' id='word_1_180' title='bbox 1135 2325 1231 2388; x_wconf 89' lang='lat' dir='ltr'>quam</span> <span class='ocrx_word' id='word_1_181' title='bbox 1254 2305 1432 2372; x_wconf 89' lang='lat' dir='ltr'>hominum.</span> 
     </span>
    </p>
   </div>
   <div class='ocr_carea' id='block_1_3' title="bbox 396 2783 1747 2924">
    <p class='ocr_par' dir='ltr' id='par_1_5' title="bbox 396 2783 1747 2924">
     <span class='ocr_line' id='line_1_18' title="bbox 396 2783 1747 2924; baseline 0.001 -4"><span class='ocrx_word' id='word_1_182' title='bbox 396 2783 933 2922; x_wconf 77' lang='lat' dir='ltr'>ANONYMUS</span> <span class='ocrx_word' id='word_1_183' title='bbox 990 2785 1747 2924; x_wconf 78' lang='lat' dir='ltr'><strong>ANTENIOAENUS-</strong></span> 
     </span>
    </p>
   </div>
   <div class='ocr_carea' id='block_1_4' title="bbox 725 3271 1409 3340">
    <p class='ocr_par' dir='ltr' id='par_1_6' title="bbox 725 3271 1409 3340">
     <span class='ocr_line' id='line_1_19' title="bbox 725 3271 1409 3340; baseline 0 -2"><span class='ocrx_word' id='word_1_184' title='bbox 725 3272 781 3338; x_wconf 80' lang='lat' dir='ltr'>Ea</span> <span class='ocrx_word' id='word_1_185' title='bbox 804 3273 909 3340; x_wconf 82' lang='lat' dir='ltr'>cadiae</span> <span class='ocrx_word' id='word_1_186' title='bbox 941 3271 1097 3339; x_wconf 81' lang='lat' dir='ltr'>Vaticano</span> <span class='ocrx_word' id='word_1_187' title='bbox 1123 3277 1189 3340; x_wconf 74' lang='lat'>642</span> <span class='ocrx_word' id='word_1_188' title='bbox 1212 3274 1409 3340; x_wconf 79' lang='lat' dir='ltr'>eaaeudatas.</span> 
     </span>
    </p>
   </div>
   <div class='ocr_carea' id='block_1_5' title="bbox 241 3487 1842 4312">
    <p class='ocr_par' dir='ltr' id='par_1_7' title="bbox 241 3487 1842 4312">
     <span class='ocr_line' id='line_1_20' title="bbox 338 3487 1839 3576; baseline -0.003 -17"><span class='ocrx_word' id='word_1_189' title='bbox 338 3489 443 3559; x_wconf 81' lang='lat' dir='ltr'>Nemo</span> <span class='ocrx_word' id='word_1_190' title='bbox 466 3512 561 3576; x_wconf 89' lang='lat' dir='ltr'>quem</span> <span class='ocrx_word' id='word_1_191' title='bbox 584 3510 646 3575; x_wconf 84' lang='lat' dir='ltr'>ego</span> <span class='ocrx_word' id='word_1_192' title='bbox 668 3489 776 3571; x_wconf 89' lang='lat' dir='ltr'>seiam,</span> <span class='ocrx_word' id='word_1_193' title='bbox 803 3489 957 3555; x_wconf 85' lang='lat' dir='ltr'>hactenus</span> <span class='ocrx_word' id='word_1_194' title='bbox 973 3487 1097 3554; x_wconf 91' lang='lat' dir='ltr'>monuit</span> <span class='ocrx_word' id='word_1_195' title='bbox 1112 3489 1172 3555; x_wconf 92' lang='lat' dir='ltr'>hoc</span> <span class='ocrx_word' id='word_1_196' title='bbox 1188 3489 1377 3572; x_wconf 88' lang='lat' dir='ltr'>opusculum</span> <span class='ocrx_word' id='word_1_197' title='bbox 1393 3489 1513 3555; x_wconf 90' lang='lat' dir='ltr'>editum</span> <span class='ocrx_word' id='word_1_198' title='bbox 1533 3487 1630 3554; x_wconf 85' lang='lat' dir='ltr'>fuisse</span> <span class='ocrx_word' id='word_1_199' title='bbox 1654 3488 1739 3572; x_wconf 85' lang='lat' dir='ltr'>apud</span> <span class='ocrx_word' id='word_1_200' title='bbox 1763 3487 1839 3554; x_wconf 83' lang='lat' dir='ltr'>Val-</span> 
     </span>
     <span class='ocr_line' id='line_1_21' title="bbox 294 3596 1839 3682; baseline -0.003 -16"><span class='ocrx_word' id='word_1_201' title='bbox 294 3599 427 3666; x_wconf 78' lang='lat' dir='ltr'>lensium</span> <span class='ocrx_word' id='word_1_202' title='bbox 460 3598 545 3663; x_wconf 88' lang='lat' dir='ltr'>inter</span> <span class='ocrx_word' id='word_1_203' title='bbox 580 3597 732 3682; x_wconf 88' lang='lat' dir='ltr'>epistolas</span> <span class='ocrx_word' id='word_1_204' title='bbox 764 3597 865 3663; x_wconf 88' lang='lat' dir='ltr'>sancti</span> <span class='ocrx_word' id='word_1_205' title='bbox 895 3596 1101 3682; x_wconf 81' lang='lat' dir='ltr'>Hieronymi,</span> <span class='ocrx_word' id='word_1_206' title='bbox 1132 3597 1164 3660; x_wconf 88' lang='lat' dir='ltr'>in</span> <span class='ocrx_word' id='word_1_207' title='bbox 1194 3597 1310 3663; x_wconf 89' lang='lat' dir='ltr'>ultimo</span> <span class='ocrx_word' id='word_1_208' title='bbox 1339 3597 1417 3664; x_wconf 91' lang='lat' dir='ltr'>loco·</span> <span class='ocrx_word' id='word_1_209' title='bbox 1441 3600 1548 3679; x_wconf 89' lang='lat' dir='ltr'>(num.</span> <span class='ocrx_word' id='word_1_210' title='bbox 1579 3615 1684 3662; x_wconf 68' lang='grc' dir='ltr'>σωκ</span> <span class='ocrx_word' id='word_1_211' title='bbox 1714 3596 1839 3664; x_wconf 79' lang='lat' dir='ltr'>Patrai.</span> 
     </span>
     <span class='ocr_line' id='line_1_22' title="bbox 295 3703 1838 3791; baseline -0.003 -18"><span class='ocrx_word' id='word_1_212' title='bbox 295 3712 321 3774; x_wconf 92' lang='lat' dir='ltr'>t.</span> <span class='ocrx_word' id='word_1_213' title='bbox 345 3727 417 3772; x_wconf 85' lang='lat' dir='ltr'>xxu</span> <span class='ocrx_word' id='word_1_214' title='bbox 440 3707 501 3773; x_wconf 89' lang='lat' dir='ltr'>col.</span> <span class='ocrx_word' id='word_1_215' title='bbox 527 3705 645 3790; x_wconf 86' lang='grc'>1220),</span> <span class='ocrx_word' id='word_1_216' title='bbox 670 3728 727 3773; x_wconf 89' lang='lat' dir='ltr'>nec</span> <span class='ocrx_word' id='word_1_217' title='bbox 750 3707 840 3791; x_wconf 90' lang='lat' dir='ltr'>prius</span> <span class='ocrx_word' id='word_1_218' title='bbox 863 3711 991 3790; x_wconf 83' lang='lat' dir='ltr'>egomet</span> <span class='ocrx_word' id='word_1_219' title='bbox 1013 3705 1045 3771; x_wconf 90' lang='lat' dir='ltr'>id</span> <span class='ocrx_word' id='word_1_220' title='bbox 1069 3705 1191 3770; x_wconf 83' lang='lat' dir='ltr'>adverti</span> <span class='ocrx_word' id='word_1_221' title='bbox 1215 3705 1314 3770; x_wconf 88' lang='lat' dir='ltr'>donec</span> <span class='ocrx_word' id='word_1_222' title='bbox 1336 3705 1370 3769; x_wconf 89' lang='lat' dir='ltr'>in</span> <span class='ocrx_word' id='word_1_223' title='bbox 1396 3703 1536 3771; x_wconf 81' lang='lat' dir='ltr'>codicem</span> <span class='ocrx_word' id='word_1_224' title='bbox 1559 3703 1751 3771; x_wconf 78' lang='lat' dir='ltr'>Vaticanum</span> <span class='ocrx_word' id='word_1_225' title='bbox 1775 3706 1838 3769; x_wconf 83' lang='lat'>642</span> 
     </span>
     <span class='ocr_line' id='line_1_23' title="bbox 241 3800 1840 3899; baseline -0.001 -19"><span class='ocrx_word' id='word_1_226' title='bbox 241 3835 247 3847; x_wconf 89' lang='lat'><strong>·</strong></span> <span class='ocrx_word' id='word_1_227' title='bbox 296 3814 460 3882; x_wconf 88' lang='lat' dir='ltr'>inciderim</span> <span class='ocrx_word' id='word_1_228' title='bbox 475 3835 514 3880; x_wconf 87' lang='lat' dir='ltr'>ex</span> <span class='ocrx_word' id='word_1_229' title='bbox 530 3834 594 3899; x_wconf 90' lang='lat' dir='ltr'>quo</span> <span class='ocrx_word' id='word_1_230' title='bbox 610 3813 789 3880; x_wconf 86' lang='lat' dir='ltr'>Vallarsius</span> <span class='ocrx_word' id='word_1_231' title='bbox 805 3836 898 3879; x_wconf 89' lang='lat' dir='ltr'>suum</span> <span class='ocrx_word' id='word_1_232' title='bbox 914 3813 1040 3898; x_wconf 87' lang='lat' dir='ltr'>decepit</span> <span class='ocrx_word' id='word_1_233' title='bbox 1052 3800 1231 3893; x_wconf 75' lang='grc' dir='ltr'><strong>ἀνέκδοτον,</strong></span> <span class='ocrx_word' id='word_1_234' title='bbox 1244 3811 1441 3897; x_wconf 84' lang='lat' dir='ltr'>Hieronymo</span> <span class='ocrx_word' id='word_1_235' title='bbox 1457 3812 1539 3878; x_wconf 87' lang='lat' dir='ltr'>falso</span> <span class='ocrx_word' id='word_1_236' title='bbox 1554 3813 1739 3897; x_wconf 87' lang='lat' dir='ltr'>ascriptum,</span> <span class='ocrx_word' id='word_1_237' title='bbox 1756 3813 1840 3898; x_wconf 91' lang='lat' dir='ltr'>quod</span> 
     </span>
     <span class='ocr_line' id='line_1_24' title="bbox 296 3919 1840 4007; baseline -0.002 -20"><span class='ocrx_word' id='word_1_238' title='bbox 296 3921 412 4007; x_wconf 90' lang='lat' dir='ltr'>inquit,</span> <span class='ocrx_word' id='word_1_239' title='bbox 435 3922 527 3988; x_wconf 88' lang='lat' dir='ltr'>nobis</span> <span class='ocrx_word' id='word_1_240' title='bbox 551 3921 749 4003; x_wconf 86' lang='lat' dir='ltr'>tacentibus,</span> <span class='ocrx_word' id='word_1_241' title='bbox 772 3943 809 3987; x_wconf 84' lang='lat' dir='ltr'>ex</span> <span class='ocrx_word' id='word_1_242' title='bbox 831 3943 918 3987; x_wconf 87' lang='lat' dir='ltr'>mera</span> <span class='ocrx_word' id='word_1_243' title='bbox 940 3921 1053 3987; x_wconf 89' lang='lat' dir='ltr'>dictati</span> <span class='ocrx_word' id='word_1_244' title='bbox 1075 3920 1210 3987; x_wconf 89' lang='lat' dir='ltr'>lectione</span> <span class='ocrx_word' id='word_1_245' title='bbox 1239 3920 1410 3986; x_wconf 88' lang='lat' dir='ltr'>constabit.</span> <span class='ocrx_word' id='word_1_246' title='bbox 1440 3919 1510 3986; x_wconf 87' lang='lat' dir='ltr'>Nos</span> <span class='ocrx_word' id='word_1_247' title='bbox 1540 3941 1615 3986; x_wconf 83' lang='lat' dir='ltr'>vero</span> <span class='ocrx_word' id='word_1_248' title='bbox 1645 3942 1709 3986; x_wconf 89' lang='lat' dir='ltr'>non</span> <span class='ocrx_word' id='word_1_249' title='bbox 1739 3921 1840 4005; x_wconf 86' lang='lat' dir='ltr'>piget,</span> 
     </span>
     <span class='ocr_line' id='line_1_25' title="bbox 297 4028 1840 4114; baseline -0.002 -19"><span class='ocrx_word' id='word_1_250' title='bbox 297 4051 401 4114; x_wconf 90' lang='lat' dir='ltr'>neque</span> <span class='ocrx_word' id='word_1_251' title='bbox 422 4028 576 4096; x_wconf 88' lang='lat' dir='ltr'>lectorem</span> <span class='ocrx_word' id='word_1_252' title='bbox 598 4030 725 4096; x_wconf 75' lang='lat' dir='ltr'>taedeat</span> <span class='ocrx_word' id='word_1_253' title='bbox 739 4029 843 4096; x_wconf 83' lang='lat' dir='ltr'>varias</span> <span class='ocrx_word' id='word_1_254' title='bbox 859 4029 1000 4113; x_wconf 84' lang='lat' dir='ltr'>excipere</span> <span class='ocrx_word' id='word_1_255' title='bbox 1015 4028 1177 4110; x_wconf 88' lang='lat' dir='ltr'>lectiones,</span> <span class='ocrx_word' id='word_1_256' title='bbox 1195 4032 1231 4093; x_wconf 91' lang='lat' dir='ltr'>ut</span> <span class='ocrx_word' id='word_1_257' title='bbox 1247 4050 1327 4113; x_wconf 87' lang='lat' dir='ltr'>opus</span> <span class='ocrx_word' id='word_1_258' title='bbox 1345 4028 1531 4112; x_wconf 86' lang='lat' dir='ltr'>incoeptum</span> <span class='ocrx_word' id='word_1_259' title='bbox 1554 4050 1583 4094; x_wconf 91' lang='lat' dir='ltr'>a.</span> <span class='ocrx_word' id='word_1_260' title='bbox 1603 4029 1688 4094; x_wconf 84' lang='lat'>1850</span> <span class='ocrx_word' id='word_1_261' title='bbox 1713 4028 1840 4094; x_wconf 87' lang='lat' dir='ltr'>tandem</span> 
     </span>
     <span class='ocr_line' id='line_1_26' title="bbox 298 4135 1842 4223; baseline -0.004 -19"><span class='ocrx_word' id='word_1_262' title='bbox 298 4137 510 4219; x_wconf 82' lang='lat' dir='ltr'>absolvamus,</span> <span class='ocrx_word' id='word_1_263' title='bbox 526 4141 595 4204; x_wconf 88' lang='lat' dir='ltr'>tam</span> <span class='ocrx_word' id='word_1_264' title='bbox 609 4141 749 4204; x_wconf 81' lang='lat' dir='ltr'>veteram</span> <span class='ocrx_word' id='word_1_265' title='bbox 764 4158 958 4223; x_wconf 84' lang='lat' dir='ltr'>anonymum</span> <span class='ocrx_word' id='word_1_266' title='bbox 972 4159 1069 4222; x_wconf 89' lang='lat' dir='ltr'>quam</span> <span class='ocrx_word' id='word_1_267' title='bbox 1084 4135 1280 4204; x_wconf 85' lang='lat' dir='ltr'>Vallarsium</span> <span class='ocrx_word' id='word_1_268' title='bbox 1295 4137 1329 4202; x_wconf 90' lang='lat' dir='ltr'>in</span> <span class='ocrx_word' id='word_1_269' title='bbox 1344 4135 1479 4221; x_wconf 83' lang='lat' dir='ltr'>singulis</span> <span class='ocrx_word' id='word_1_270' title='bbox 1495 4135 1561 4202; x_wconf 83' lang='lat' dir='ltr'>fere</span> <span class='ocrx_word' id='word_1_271' title='bbox 1578 4136 1720 4203; x_wconf 84' lang='lat' dir='ltr'>versibus</span> <span class='ocrx_word' id='word_1_272' title='bbox 1737 4156 1842 4202; x_wconf 86' lang='lat' dir='ltr'>emen·</span> 
     </span>
     <span class='ocr_line' id='line_1_27' title="bbox 299 4245 415 4312; baseline 0 0"><span class='ocrx_word' id='word_1_273' title='bbox 299 4245 415 4312; x_wconf 87' lang='lat' dir='ltr'>daturi.</span> 
     </span>
    </p>
   </div>
   <div class='ocr_carea' id='block_1_6' title="bbox 301 4526 1917 4691">
    <p class='ocr_par' dir='ltr' id='par_1_8' title="bbox 301 4526 1917 4691">
     <span class='ocr_line' id='line_1_28' title="bbox 301 4526 1917 4602; baseline -0.006 -12"><span class='ocrx_word' id='word_1_274' title='bbox 301 4529 397 4590; x_wconf 78' lang='lat' dir='ltr'>Vatia.</span> <span class='ocrx_word' id='word_1_275' title='bbox 416 4529 470 4586; x_wconf 74' lang='grc'>642</span> <span class='ocrx_word' id='word_1_276' title='bbox 488 4531 602 4587; x_wconf 76' lang='lat' dir='ltr'>titulata.</span> <span class='ocrx_word' id='word_1_277' title='bbox 614 4526 798 4602; x_wconf 86' lang='lat' dir='ltr'>Hieronymi,</span> <span class='ocrx_word' id='word_1_278' title='bbox 811 4527 857 4585; x_wconf 83' lang='lat' dir='ltr'>Da</span> <span class='ocrx_word' id='word_1_279' title='bbox 876 4527 1046 4586; x_wconf 83' lang='lat' dir='ltr'>solemnita-</span> <span class='ocrx_word' id='word_1_280' title='bbox 1171 4529 1227 4584; x_wconf 86' lang='lat' dir='ltr'>l.4</span> <span class='ocrx_word' id='word_1_281' title='bbox 1251 4529 1342 4587; x_wconf 80' lang='lat' dir='ltr'>Vatia</span> <span class='ocrx_word' id='word_1_282' title='bbox 1361 4529 1396 4584; x_wconf 80' lang='lat' dir='ltr'>ut</span> <span class='ocrx_word' id='word_1_283' title='bbox 1409 4527 1507 4585; x_wconf 81' lang='lat' dir='ltr'>Oatoa.</span> <span class='ocrx_word' id='word_1_284' title='bbox 1526 4527 1655 4586; x_wconf 82' lang='lat' dir='ltr'>Votlars.</span> <span class='ocrx_word' id='word_1_285' title='bbox 1669 4541 1761 4598; x_wconf 86' lang='lat' dir='ltr'>quum</span> <span class='ocrx_word' id='word_1_286' title='bbox 1777 4541 1844 4581; x_wconf 87' lang='lat' dir='ltr'>meo</span> <span class='ocrx_word' id='word_1_287' title='bbox 1915 4591 1917 4594; x_wconf 80' lang='lat'>.</span> 
     </span>
     <span class='ocr_line' id='line_1_29' title="bbox 408 4617 1283 4691; baseline -0.001 -16"><span class='ocrx_word' id='word_1_288' title='bbox 408 4617 489 4676; x_wconf 87' lang='lat' dir='ltr'>tibus</span> <span class='ocrx_word' id='word_1_289' title='bbox 506 4618 651 4676; x_wconf 83' lang='lat' dir='ltr'>Paschae.</span> <span class='ocrx_word' id='word_1_290' title='bbox 1204 4617 1283 4691; x_wconf 82' lang='lat' dir='ltr'>jure.</span> 
     </span>
    </p>
   </div>
   <div class='ocr_carea' id='block_1_7' title="bbox 302 4707 1624 4965">
    <p class='ocr_par' dir='ltr' id='par_1_9' title="bbox 302 4707 1624 4965">
     <span class='ocr_line' id='line_1_30' title="bbox 302 4707 1507 4782; baseline -0.002 -15"><span class='ocrx_word' id='word_1_291' title='bbox 302 4709 404 4782; x_wconf 74' lang='lat' dir='ltr'>Spiall.</span> <span class='ocrx_word' id='word_1_292' title='bbox 422 4715 444 4766; x_wconf 88' lang='lat' dir='ltr'>t.</span> <span class='ocrx_word' id='word_1_293' title='bbox 463 4725 475 4764; x_wconf 95' lang='lat'>1</span> <span class='ocrx_word' id='word_1_294' title='bbox 493 4725 521 4781; x_wconf 91' lang='lat' dir='ltr'>p.</span> <span class='ocrx_word' id='word_1_295' title='bbox 539 4711 557 4764; x_wconf 90' lang='grc'>9</span> <span class='ocrx_word' id='word_1_296' title='bbox 576 4708 630 4766; x_wconf 90' lang='lat' dir='ltr'>ool.</span> <span class='ocrx_word' id='word_1_297' title='bbox 651 4709 666 4764; x_wconf 90' lang='lat' dir='ltr'>l</span> <span class='ocrx_word' id='word_1_298' title='bbox 685 4709 705 4764; x_wconf 93' lang='lat'>1.</span> <span class='ocrx_word' id='word_1_299' title='bbox 725 4709 750 4764; x_wconf 91' lang='lat'>1.</span> <span class='ocrx_word' id='word_1_300' title='bbox 770 4707 836 4766; x_wconf 88' lang='lat' dir='ltr'>Vat.</span> <span class='ocrx_word' id='word_1_301' title='bbox 852 4725 910 4765; x_wconf 83' lang='lat' dir='ltr'>om.</span> <span class='ocrx_word' id='word_1_302' title='bbox 929 4713 960 4764; x_wconf 91' lang='lat' dir='ltr'>et</span> <span class='ocrx_word' id='word_1_303' title='bbox 979 4711 1047 4764; x_wconf 82' lang='lat' dir='ltr'>eale</span> <span class='ocrx_word' id='word_1_304' title='bbox 1172 4710 1190 4765; x_wconf 94' lang='lat' dir='ltr'>l.</span> <span class='ocrx_word' id='word_1_305' title='bbox 1210 4709 1236 4766; x_wconf 88' lang='grc'>6.</span> <span class='ocrx_word' id='word_1_306' title='bbox 1255 4725 1347 4782; x_wconf 88' lang='lat' dir='ltr'>quum</span> <span class='ocrx_word' id='word_1_307' title='bbox 1365 4707 1507 4765; x_wconf 86' lang='lat' dir='ltr'>radicum.</span> 
     </span>
     <span class='ocr_line' id='line_1_31' title="bbox 409 4799 1624 4858; baseline -0.002 -1"><span class='ocrx_word' id='word_1_308' title='bbox 409 4799 581 4858; x_wconf 86' lang='lat' dir='ltr'>neomeniis.</span> <span class='ocrx_word' id='word_1_309' title='bbox 1100 4800 1133 4855; x_wconf 91' lang='lat' dir='ltr'>P.</span> <span class='ocrx_word' id='word_1_310' title='bbox 1153 4801 1189 4857; x_wconf 90' lang='lat'>10</span> <span class='ocrx_word' id='word_1_311' title='bbox 1207 4801 1260 4856; x_wconf 88' lang='lat' dir='ltr'>col</span> <span class='ocrx_word' id='word_1_312' title='bbox 1281 4801 1297 4856; x_wconf 91' lang='lat'>1</span> <span class='ocrx_word' id='word_1_313' title='bbox 1316 4799 1336 4856; x_wconf 93' lang='lat' dir='ltr'>l.</span> <span class='ocrx_word' id='word_1_314' title='bbox 1355 4801 1373 4853; x_wconf 89' lang='grc'>2</span> <span class='ocrx_word' id='word_1_315' title='bbox 1392 4800 1452 4857; x_wconf 88' lang='lat' dir='ltr'>Vat</span> <span class='ocrx_word' id='word_1_316' title='bbox 1468 4805 1503 4856; x_wconf 87' lang='lat' dir='ltr'>nt</span> <span class='ocrx_word' id='word_1_317' title='bbox 1522 4799 1624 4856; x_wconf 81' lang='lat' dir='ltr'>Coton.</span> 
     </span>
     <span class='ocr_line' id='line_1_32' title="bbox 302 4886 1409 4965; baseline -0.005 -14"><span class='ocrx_word' id='word_1_318' title='bbox 302 4891 364 4951; x_wconf 80' lang='lat' dir='ltr'>Col.</span> <span class='ocrx_word' id='word_1_319' title='bbox 382 4893 400 4947; x_wconf 86' lang='grc'>2</span> <span class='ocrx_word' id='word_1_320' title='bbox 419 4892 439 4947; x_wconf 90' lang='lat' dir='ltr'>l.</span> <span class='ocrx_word' id='word_1_321' title='bbox 457 4891 483 4945; x_wconf 84' lang='grc'>3.</span> <span class='ocrx_word' id='word_1_322' title='bbox 502 4890 622 4948; x_wconf 82' lang='lat' dir='ltr'>litterae</span> <span class='ocrx_word' id='word_1_323' title='bbox 641 4887 823 4948; x_wconf 81' lang='lat' dir='ltr'>adversariis</span> <span class='ocrx_word' id='word_1_324' title='bbox 838 4905 896 4963; x_wconf 85' lang='lat' dir='ltr'>que</span> <span class='ocrx_word' id='word_1_325' title='bbox 908 4886 1047 4948; x_wconf 84' lang='lat' dir='ltr'>veritatis</span> <span class='ocrx_word' id='word_1_326' title='bbox 1171 4894 1191 4949; x_wconf 91' lang='lat' dir='ltr'>l.</span> <span class='ocrx_word' id='word_1_327' title='bbox 1228 4892 1255 4950; x_wconf 79' lang='lat'>3.</span> <span class='ocrx_word' id='word_1_328' title='bbox 1273 4890 1325 4965; x_wconf 87' lang='lat' dir='ltr'>qui</span> <span class='ocrx_word' id='word_1_329' title='bbox 1343 4889 1409 4948; x_wconf 89' lang='lat' dir='ltr'>etsi.</span> 
     </span>
    </p>
   </div>
   <div class='ocr_carea' id='block_1_8' title="bbox 410 4979 1551 5056">
    <p class='ocr_par' dir='ltr' id='par_1_10' title="bbox 410 4979 1551 5056">
     <span class='ocr_line' id='line_1_33' title="bbox 410 4979 1551 5056; baseline -0.002 -19"><span class='ocrx_word' id='word_1_330' title='bbox 410 4979 600 5056; x_wconf 84' lang='lat' dir='ltr'>respondere.</span> <span class='ocrx_word' id='word_1_331' title='bbox 1174 4982 1211 5038; x_wconf 88' lang='lat' dir='ltr'>l.·</span> <span class='ocrx_word' id='word_1_332' title='bbox 1231 4983 1259 5038; x_wconf 89' lang='grc'>6.</span> <span class='ocrx_word' id='word_1_333' title='bbox 1278 4980 1386 5056; x_wconf 83' lang='lat' dir='ltr'>spiritu</span> <span class='ocrx_word' id='word_1_334' title='bbox 1404 4979 1551 5040; x_wconf 82' lang='lat' dir='ltr'>veritatis.</span> 
     </span>
    </p>
   </div>
   <div class='ocr_carea' id='block_1_9' title="bbox 339 5157 1629 5424">
    <p class='ocr_par' dir='ltr' id='par_1_11' title="bbox 339 5157 1629 5424">
     <span class='ocr_line' id='line_1_34' title="bbox 340 5157 1629 5238; baseline -0.005 -18"><span class='ocrx_word' id='word_1_335' title='bbox 340 5164 363 5238; x_wconf 89' lang='lat'>¹)</span> <span class='ocrx_word' id='word_1_336' title='bbox 381 5161 473 5220; x_wconf 82' lang='lat' dir='ltr'>Ecoli.</span> <span class='ocrx_word' id='word_1_337' title='bbox 492 5177 574 5234; x_wconf 87' lang='lat' dir='ltr'>xxxr,</span> <span class='ocrx_word' id='word_1_338' title='bbox 593 5161 619 5216; x_wconf 77' lang='lat'>7.</span> <span class='ocrx_word' id='word_1_339' title='bbox 1137 5159 1160 5230; x_wconf 83' lang='lat'>⁴)</span> <span class='ocrx_word' id='word_1_340' title='bbox 1177 5157 1221 5214; x_wconf 92' lang='lat' dir='ltr'>Id.</span> <span class='ocrx_word' id='word_1_341' title='bbox 1240 5159 1437 5229; x_wconf 79' lang='lat' dir='ltr'>introivimus,</span> <span class='ocrx_word' id='word_1_342' title='bbox 1457 5160 1500 5216; x_wconf 72' lang='grc' dir='ltr'>εἰσ</span> <span class='ocrx_word' id='word_1_343' title='bbox 1518 5159 1629 5216; x_wconf 80' lang='lat' dir='ltr'>redeat.</span> 
     </span>
     <span class='ocr_line' id='line_1_35' title="bbox 339 5247 1326 5326; baseline -0.008 -16"><span class='ocrx_word' id='word_1_344' title='bbox 339 5255 362 5326; x_wconf 84' lang='lat'>²)</span> <span class='ocrx_word' id='word_1_345' title='bbox 381 5252 451 5310; x_wconf 79' lang='lat' dir='ltr'>(lod.</span> <span class='ocrx_word' id='word_1_346' title='bbox 466 5253 638 5325; x_wconf 69' lang='lat' dir='ltr'>proficiant.</span> <span class='ocrx_word' id='word_1_347' title='bbox 1138 5249 1162 5324; x_wconf 81' lang='lat'>⁵)</span> <span class='ocrx_word' id='word_1_348' title='bbox 1181 5247 1230 5304; x_wconf 89' lang='lat' dir='ltr'>Ps.</span> <span class='ocrx_word' id='word_1_349' title='bbox 1249 5263 1281 5319; x_wconf 88' lang='lat'>11,</span> <span class='ocrx_word' id='word_1_350' title='bbox 1300 5249 1326 5304; x_wconf 82' lang='lat'>4.</span> 
     </span>
     <span class='ocr_line' id='line_1_36' title="bbox 339 5342 627 5424; baseline -0.014 -21"><span class='ocrx_word' id='word_1_351' title='bbox 339 5346 362 5424; x_wconf 88' lang='lat'>³)</span> <span class='ocrx_word' id='word_1_352' title='bbox 381 5342 452 5403; x_wconf 77' lang='lat' dir='ltr'>Ood</span> <span class='ocrx_word' id='word_1_353' title='bbox 469 5345 627 5400; x_wconf 81' lang='lat' dir='ltr'>salvamus.</span> 
     </span>
    </p>
   </div>
   <div class='ocr_carea' id='block_1_10' title="bbox 0 0 2042 6068">
    <p class='ocr_par' dir='ltr' id='par_1_12' title="bbox 0 0 2042 6068">
     <span class='ocr_line' id='line_1_37' title="bbox 0 0 2042 6068; baseline 0 0"><span class='ocrx_word' id='word_1_354' title='bbox 0 0 2042 6068; x_wconf 95' lang='lat' dir='ltr'> </span> 
     </span>
    </p>
   </div>
  </div>
 </body>
</html>
