4022 6072
306 449 342 506 96
915 436 1064 566 sanctus
1082 440 1239 515 Basilius

306 605 375 679 οὐδὲ
399 611 435 679 τό
459 615 582 703 σπέρμα
605 624 661 678 τοῦ
690 604 823 695 δικαίου,
847 613 1010 678 τουτέστιν
1035 617 1051 675 ὁ

306 721 463 810 μαθητὴς,
488 727 504 786 ό
530 715 636 787 λαθὼν
660 721 702 800 τά
725 722 891 810 σπέρματα
908 733 964 797 τῆς
989 744 1050 784 σω-

306 835 415 922 τηρίας
445 825 537 908 ζητεῖ
567 829 696 920 ἄρτους,
721 839 765 912 τῷ
796 832 877 918 ἐχειν
908 819 959 893 διά
986 838 1048 893 τῶν

308 932 435 1004 δικαίων
461 933 501 1002 ὧν
527 933 621 1004 ἔλαθε
636 936 659 1023 ¹)
685 941 807 1029 σπέρμα.
832 929 962 1026 δύναμιν
987 947 1049 1002 τῶν

306 1046 403 1113 θείων,
423 1045 493 1111 Ἐάν
512 1038 545 1110 δὲ
563 1045 727 1136 ἁμαρτάνῃ
747 1052 762 1109 ό
780 1055 835 1110 τοῦ
854 1037 972 1108 δικαίου
991 1069 1051 1133 μα-

306 1155 342 1226 θη
353 1155 415 1236 τὴς,
441 1158 495 1218 οὐκ
520 1156 603 1218 ἔστιν
629 1157 722 1217 αὐτοῦ
752 1153 892 1242 σπέρμα,
918 1157 957 1227 ὡς
982 1142 1051 1215 οὐδὲ

306 1275 360 1329 τοῦ
387 1257 531 1354 Ἀόραάμ
555 1263 651 1328 τέκνα
672 1269 700 1327 οἱ
724 1263 766 1350 μὴ
791 1274 950 1338 ποιοῦντες
974 1265 1050 1351 ἔργα

306 1383 360 1435 τοῦ
385 1363 538 1460 Ἃόραάμ·
560 1371 613 1434 καὶ
637 1369 759 1458 σπέρμα
784 1359 816 1434 δὲ
841 1362 960 1433 άσεθῶν
987 1362 1051 1446 ἑξο-

306 1477 559 1569 ),οθρενθη’σεται,
583 1483 616 1543 oo
634 1475 670 1544 τό
688 1477 877 1567 σωματικόν,
899 1470 967 1543 οὐδὲ
991 1477 1050 1568 γάρ

306 1591 321 1651 ό
350 1580 504 1673 ’1ακὼό’)
536 1581 746 1675 ἐξωλοθρεόθη
781 1592 815 1652 ἐκ
846 1597 902 1652 τοῦ
933 1590 1051 1676 peston

306 1695 409 1777 Ἡσαῦ,
434 1696 531 1762 ἐδκων
556 1693 593 1760 τό
616 1697 711 1784 γένος.

304 2038 334 2080 v.
359 2019 412 2082 26.
432 2014 534 2087 Ὅλην
560 2013 618 2086 τὴν
642 2013 759 2104 ἡμέραν
784 2013 862 2078 ἐλέει
885 2014 938 2077 καί
962 2004 1066 2090 δανείζ

1106 637 1213 679 semen
1233 615 1313 699 justi
1338 595 1433 682 idest
1451 617 1635 702 discipulos
1658 620 1713 704 qni
1737 620 1851 705 recipit

1104 722 1224 814 semino
1240 725 1363 805 solutis,
1380 746 1443 789 non
1455 726 1583 809 quaerit
1595 749 1703 811 panes,
1717 728 1792 811 quia
1804 728 1851 792 di·

1105 831 1250 897 vinorum
1267 833 1409 898 ciborum
1422 833 1486 898 vim
1503 839 1535 900 et
1550 835 1735 900 facultatem
1753 835 1849 902 habet

1104 959 1162 1021 per
1182 938 1286 1022 justos
1310 960 1445 1022 quorum
1468 961 1576 1006 semen
1599 941 1729 1025 recepit.
1757 941 1802 1006 At
1825 943 1851 1008 si

1105 1053 1253 1131 peccaret
1266 1048 1346 1131 justi
1370 1048 1553 1132 discipulus,
1572 1071 1679 1115 semen
1702 1051 1770 1135 ejus
1783 1052 1851 1135 jam

1107 1179 1168 1222 uon
1196 1161 1255 1236 est,
1279 1157 1362 1221 sicut
1391 1179 1451 1221 non
1475 1161 1567 1222 erant
1595 1157 1653 1222 filii
1675 1157 1849 1240 Abraham,

1106 1265 1162 1349 qui
1192 1287 1289 1348 opera
1312 1266 1379 1349 ejus
1403 1287 1466 1330 non
1490 1265 1660 1346 faciebant,
1685 1271 1718 1330 et
1744 1289 1850 1334 semen

1106 1372 1277 1457 impiorum
1303 1373 1578 1452 exterminabitur,
1603 1395 1667 1440 non
1690 1397 1850 1456 corneum,

1106 1502 1208 1564 neque
1221 1480 1305 1544 enim
1315 1479 1415 1546 Jacob
1428 1480 1639 1564 interemptus
1651 1486 1700 1546 est
1712 1482 1753 1547 ab
1765 1482 1848 1549 Esau

1106 1589 1261 1672 improbo,
1286 1611 1343 1655 nee
1368 1609 1486 1673 egenus
1510 1588 1678 1655 abdicavit.

1067 2013 1174 2096 ει,καὶ
1194 2013 1231 2079 τό
1252 2013 1375 2104 σπέρμα
1399 2019 1493 2079 αὑτοῦ
1517 2020 1558 2090 εἰς
1583 2018 1726 2105 εὐλογίαν
1751 2019 1848 2082 ἔσται.

445 2125 522 2192 Toto
548 2125 600 2190 die
622 2127 791 2192 iniserctur
814 2131 843 2190 ut
866 2125 1050 2204 coercuerint,
1076 2131 1104 2189 et
1128 2145 1233 2190 cernere
1257 2126 1327 2207 ejus
1350 2125 1386 2188 ιἰι
1410 2125 1622 2191 terredr'ctiono
1644 2127 1716 2192 erit.

350 2337 496 2410 Τοσαότη
523 2337 650 2429 γέγονεν
679 2341 728 2402 ἐπ’
754 2341 855 2401 αὐτῶν
887 2338 1051 2425 φιλοτιμία

304 2458 362 2524 τῆς
387 2445 471 2536 παρά
488 2450 565 2510 Θεοῦ
583 2446 722 2535 χάριτος,
740 2447 821 2510 ὥστε
839 2444 923 2510 κατά
946 2455 1049 2509 πᾶσαν

304 2555 423 2644 ἡμέραν
449 2555 490 2644 μὴ
514 2547 611 2640 ’μόνον
635 2554 689 2620 τόν
713 2558 744 2618 ἐν
768 2555 926 2643 χρήμασιν
951 2555 1049 2635 ἔλεον,

304 2663 388 2727 ἀλλά
411 2663 465 2726 καί
482 2661 522 2727 τά
541 2662 600 2728 ἀπό
617 2662 745 2751 γνώμης
763 2660 957 2750 συμπάθειαν
982 2663 1050 2725 ἐπι-

305 2765 495 2866 δείκνυσθαι,
515 2773 567 2836 καὶ
584 2777 680 2837 ἐλεεῖν
699 2771 752 2861 μὲν
770 2771 922 2860 χρήμασι,
945 2769 1047 2861 πράγ-

303 2903 390 2968 μασι,
416 2882 532 2971 ῥήμασι
555 2880 627 2955 τοὺς
650 2884 681 2944 ἐν
706 2869 816 2964 ἐνδείᾳ,
841 2870 991 2955 δανείζειν
1016 2869 1050 2944 δέ

301 2997 348 3072 τῷ
372 2995 440 3071 Θεῷ
469 2988 528 3058 τὴν
561 2995 602 3063 εἰς
636 2986 746 3062 αὐτοὺς
779 2986 925 3076 ἀγάπην·
950 2990 965 3048 ὁ
989 2983 1048 3079 γάρ

302 3097 395 3160 ἐλεῶν
413 3093 551 3184 πτωχόν,
568 3101 637 3176 Θεῷ
654 3086 794 3176 δανείζει,
812 3096 894 3158 ὥστε
911 3091 948 3158 τό
973 3094 1049 3158 αότό

303 3200 357 3264 καί
380 3203 466 3266 ἔλεον
491 3197 568 3266 εἶναι
592 3201 646 3264 καὶ
670 3193 801 3282 δάνειον,
820 3203 904 3266 ἔλεον
930 3200 985 3288 μὲν
1010 3205 1050 3275 ὡς

302 3307 376 3398 πρός
401 3307 472 3384 τοὺς
489 3309 626 3384 πένητας
645 3307 687 3398 μὴ
707 3309 837 3396 ἔχοντας
856 3299 1050 3372 ἀνταποδοῦ-

303 3441 364 3498 ναι,
389 3407 539 3504 δάνεισμα
564 3408 598 3480 δέ
621 3421 661 3492 ὡς
687 3415 760 3506 πρός
783 3414 838 3481 τόν
863 3413 942 3480 Θεόν
968 3414 1048 3504 μετά

303 3526 396 3590 τόκον
421 3525 474 3589 καί
497 3523 678 3614 προσθήκην
703 3514 906 3606 ἀποδιδόντα,
930 3523 967 3588 τό
992 3547 1049 3588 κα-

304 3625 552 3723 ταθαλλόμενον.

1151 2339 1256 2406 Tanta
1279 2340 1415 2424 contigit
1438 2339 1502 2406 illis
1525 2341 1704 2406 aestimatio
1728 2366 1746 2408 ο
1769 2341 1849 2408 divi·

1105 2472 1146 2514 no
1170 2449 1286 2534 gratia,
1311 2454 1347 2514 ut
1371 2471 1428 2533 per
1455 2470 1582 2514 omnem
1604 2448 1688 2515 diem
1711 2472 1775 2515 non
1799 2474 1848 2516 so-

1105 2556 1172 2621 lum
1185 2557 1420 2642 eleemosynam
1435 2557 1468 2621 in
1484 2557 1632 2637 nummis,
1649 2557 1704 2622 sed
1720 2563 1848 2642 gratum

1104 2666 1202 2732 animi
1225 2667 1375 2732 affectum
1393 2665 1574 2747 exhibeant,
1591 2671 1623 2731 et
1638 2665 1850 2732 misereantur

1106 2796 1281 2859 pauperum
1297 2777 1367 2838 tum
1382 2773 1526 2857 pecunia,
1544 2778 1612 2839 tum
1629 2774 1763 2853 actibus,
1779 2779 1849 2838 tum

1104 2884 1311 2964 sermonibus,
1335 2887 1368 2948 et
1392 2883 1460 2947 Deo
1483 2883 1684 2950 commodent
1709 2883 1791 2948 hano
1816 2883 1847 2946 in

1104 2990 1177 3056 illos
1190 2990 1397 3069 charitatem
1413 2990 1467 3073 qui
1484 2990 1567 3056 enim
1584 2989 1751 3055 miseretur
1769 3011 1848 3073 pau·

1104 3097 1198 3182 peris,
1216 3096 1285 3161 Deo
1308 3097 1497 3176 commodat,
1522 3097 1568 3162 ita
1590 3101 1627 3160 nt
1649 3096 1732 3160 idem
1748 3096 1791 3160 sit
1815 3101 1848 3160 et

1104 3202 1246 3268 misereri
1261 3207 1294 3268 et
1317 3203 1526 3283 commodare,
1547 3203 1709 3267 miseratio
1736 3223 1847 3285 nempe

1105 3332 1183 3396 erga
1206 3331 1334 3396 egenos,
1358 3310 1413 3396 qui
1437 3310 1669 3376 restituendum
1687 3311 1768 3375 nihil
1791 3311 1848 3375 ha·

1104 3417 1196 3496 bent;
1208 3416 1300 3483 fenus
1313 3422 1421 3483 autem
1434 3441 1505 3483 cum
1519 3418 1625 3485 fructu
1638 3418 1722 3502 apud
1733 3418 1847 3498 Deum,

1103 3527 1157 3611 qui
1175 3527 1354 3593 auctarium
1377 3526 1527 3592 retribuit
1551 3527 1589 3592 de
1612 3528 1752 3612 eoquod
1776 3549 1847 3593 ero-

1104 3638 1210 3719 gutur.

302 3978 332 4022 r.
344 3957 409 4026 ,36.
428 3953 488 4017 Καὶ
504 3953 675 4042 παρῆλθον,
693 3953 746 4017 καί
765 3945 829 4018 ἰδοὺ
846 3956 902 4016 οὐκ
918 3949 967 4034 ἦν,
984 3953 1037 4016 καί
1055 3945 1197 4030 ἐζήτησα
1216 3949 1320 4035 αὐτόν,
1337 3951 1390 4015 καὶ
1407 3953 1465 4042 οὐχ
1488 3951 1593 4041 εόρέθη
1621 3951 1714 4027 τόπος
1741 3954 1845 4017 αὑτοῦ.

396 4064 441 4130 Er
456 4065 606 4142 transivi,
623 4072 651 4130 ct
667 4085 731 4129 cccc
747 4085 811 4130 ιιοιι
827 4070 905 4142 erut,
923 4069 952 4128 ct
968 4063 1111 4146 prroesiui
1128 4083 1207 4143 σιιιιι,
1221 4068 1250 4128 et
1266 4083 1331 4128 κοκ
1346 4069 1393 4128 est
1408 4063 1557 4129 iuuentus
1574 4064 1660 4130 locris
1675 4064 1755 4144 ejus.

346 4276 554 4365 θεασάμενος,
568 4277 670 4364 φησίν,
689 4269 800 4369 ἄνδρας
813 4277 964 4368 πονηροὺς
977 4281 1045 4350 etr.-

303 4399 482 4480 μεροῦντας,
495 4393 629 4453 ἐννεοοῦν
643 4397 706 4463 πῶς
721 4385 869 4470 τοίιτου’)
882 4386 1044 4474 ἐπέτυχον.

302 4491 379 4560 Εἶτα
391 4506 522 4562 τοιαῦτα
535 4500 644 4560 ἐννοῶν
659 4496 712 4559 καὶ
726 4489 892 4586 θαυμάζων
907 4499 936 4558 ἐν
951 4497 1046 4582 ἐμαυ-

302 4615 358 4688 τῷ,
373 4596 515 4694 δεότερον
541 4604 728 4692 βουλόμενος
745 4601 856 4678 αὐτοὺς
881 4601 1044 4690 θεωρῆσαι,

302 4717 402 4802 ἐπῆρα
420 4711 490 4788 τοὺς
508 4711 696 4800 ὀφθαλμούς
710 4717 738 4774 οἱ
755 4703 788 4775 δὲ
804 4707 884 4784 ἦσαν
898 4701 1045 4797 οὐδαμοῦ.

301 4815 380 4885 Εἶτα
405 4830 557 4908 μνημεῖον
583 4822 684 4883 αὐτῶν
710 4816 872 4900 βουληθείς
901 4821 1046 4881 καταλα-

302 4919 376 5010 bein,
394 4920 464 4993 οὐδὲ
479 4929 534 4992 τόν
551 4927 648 4991 τόπον
665 4931 695 4991 ἐν
714 4921 737 5010 ᾧ
755 4925 883 4991 ἑστάναι
908 4917 1045 5006 ἐδόκουν,

300 5039 396 5121 είιρεῒν
422 5023 603 5120 δεδύνημαι·
628 5034 719 5122 Ὁρᾷς
735 5043 800 5109 πῶς
819 5032 861 5097 τά
887 5043 950 5108 τοῖς
976 5035 1047 5096 ἀσε-

342 5173 364 5244 ¹)
383 5173 452 5230 Cod.
472 5177 483 5226 ό
503 5171 584 5228 ἔλαθε.

337 5263 361 5336 ²)
380 5262 449 5321 oon.
470 5267 481 5316 ι
501 5261 569 5320 ιιι.

1146 4275 1364 4343 Consideranti
1387 4277 1476 4374 mihi,
1492 4269 1606 4362 inquit,
1628 4278 1771 4344 homines
1786 4277 1846 4343 im-

1100 4386 1216 4470 probos
1240 4386 1451 4470 prosperitate
1482 4385 1638 4469 florentes,
1664 4386 1844 4470 cogitabam

1100 4495 1258 4576 quomodo
1282 4493 1313 4558 id
1337 4493 1416 4558 mihi
1439 4498 1630 4561 occurreret.
1659 4494 1744 4560 Dum
1768 4495 1847 4560 tolia

1100 4621 1223 4666 mecum
1248 4600 1414 4666 volvebam
1430 4604 1462 4666 et
1481 4601 1629 4681 mirabar,
1654 4601 1755 4667 ultera
1779 4602 1845 4668 vice

1099 4707 1209 4772 volens
1230 4731 1282 4774 eos
1299 4709 1521 4793 contemplari,
1538 4708 1646 4775 oeulos
1662 4709 1794 4788 sustuli3
1812 4713 1846 4776 at

1098 4815 1152 4879 isti
1177 4838 1238 4882 non
1263 4815 1515 4900 erantamplius.
1532 4815 1614 4881 Tum
1639 4817 1772 4902 cupidus
1796 4817 1846 4880 in·

1099 4923 1247 5014 veniendi¹
1260 4945 1368 4989 eorum
1384 4925 1622 5004 monimentum,
1635 4948 1735 5010 neque
1749 4926 1845 4991 etium

1100 5031 1205 5102 locum
1229 5033 1260 5097 in
1278 5055 1341 5117 quo
1358 5039 1462 5099 astare
1479 5035 1679 5115 videbuntur,
1702 5034 1844 5100 invenire

1137 5177 1159 5250 ³)
1178 5175 1248 5234 Ood.
1271 5176 1363 5227 τούτου.
