3978 6070
690 505 815 582 Decem
832 509 974 583 sortium
992 511 1207 586 conditiones.
1323 573 1326 578 .
1689 519 1726 578 ευ

179 677 289 766 κλῆροι
303 677 493 767 περιέχουσιν
511 683 539 744 οί
554 679 651 770 ἕτεροι
667 680 739 758 τούς
751 681 882 772 ἑτέρους,
897 689 924 748 οἱ
936 694 998 749 τῶν
1013 683 1143 775 πρώτων
1157 683 1376 775 κληρουμένων
1392 685 1463 764 τοὺς
1480 697 1542 752 τῶν
1560 679 1720 779 δευτέρων.

178 783 198 854 ή
223 793 287 860 πῶς
310 791 330 858 ή
356 785 476 876 ἐσχάτη
500 787 697 877 κληρωθεῖσα
714 785 811 880 ψυχὴ,
828 792 931 880 φησίν,
948 785 1062 858 τοῦτον
1078 793 1114 859 ἀν
1130 792 1253 860 ἑλέσθαι
1272 794 1336 877 βίον
1353 793 1386 858 όν
1410 795 1513 860 είλετο
1538 796 1591 862 καί
1614 795 1723 886 πρώτη

178 896 198 964 ή
224 892 437 984 κληρωθεῖσα,
464 901 490 960 εἰ
514 895 557 985 μή
582 901 776 989 περιείχοντο
800 901 854 966 καί
878 906 906 967 οί
929 903 1030 991 ταύτῃ
1058 894 1197 979 δοθέντες
1215 908 1262 980 ,είς
1286 905 1411 993 αἵρεσιν,
1436 907 1467 970 ἐν
1491 915 1536 989 τῷ
1560 908 1727 996 πρωτίστῳ

178 1011 240 1067 τῶν
259 1005 400 1094 κλήρων;
414 1045 456 1054 -
470 1007 639 1098 Τέταρτον,
653 1010 702 1074 ὅτι
715 1010 769 1073 τὸν
782 1019 905 1100 πρῶτον
922 1013 975 1076 καὶ
993 1005 1135 1102 δεύτερον
1153 1014 1206 1077 καί
1222 1014 1327 1102 τρίτον
1341 1017 1456 1102 κλῆρον
1467 1011 1491 1102 l)
1508 1012 1557 1090 οθς
1573 1016 1728 1105 προτείνει

140 1131 152 1168 ¹⁵
178 1114 215 1178 τθ
239 1123 301 1180 πᾶν
326 1105 383 1179 διά·
399 1125 462 1180 τῶν
487 1128 674 1208 περιφορῶν,
699 1113 850 1209 ὁρίζουσιν
874 1137 914 1194 -12-
938 1127 970 1186 αί
994 1123 1223 1188 ἀνατέλλουσαι
1246 1128 1365 1212 Μοῖραι.
1389 1129 1457 1198 Πῶς
1481 1121 1540 1215 γάρ
1571 1119 1654 1213 ψυχή
1680 1148 1727 1199 τις

178 1225 291 1314 ἔλαχεν
316 1224 442 1296 εἰκοστή
470 1225 550 1316 μετά
574 1226 633 1302 τήν
657 1227 786 1319 πρώτην
802 1229 856 1295 καί
872 1231 929 1321 πρὸ
947 1231 1051 1297 ἀλλων
1069 1229 1186 1322 ψυχῶν,
1203 1236 1229 1297 εί
1247 1229 1289 1320 μή
1309 1241 1367 1308 τῆς
1385 1231 1439 1323 μὲν
1464 1236 1480 1297 ὁ
1504 1237 1618 1323 κλῆρος
1642 1256 1728 1323 περι-

178 1344 260 1423 εῖχεν
284 1325 420 1399 τοσῶνδε
444 1344 557 1424 μοιρῶν
582 1335 600 1409 ή
627 1339 765 1428 σημείων
789 1343 894 1416 ἁπλῶς
926 1351 983 1417 τῆς
1011 1349 1174 1431 περιφοραῖς
1199 1339 1375 1420 ἀνατολήν,
1400 1351 1457 1417 τῆς
1482 1333 1516 1406 δὲ
1540 1341 1727 1423 ἐλασσόνων,

178 1444 262 1534 εἴπερ
287 1447 315 1507 οί
340 1431 477 1533 δεύτεροι
499 1446 699 1536 περιέχονται
714 1451 744 1513 ἐν
761 1459 826 1524 τοῖς
843 1449 901 1539 πρ“ο
919 1452 1041 1528 αύτῶν;
1061 1489 1101 1498 -
1119 1449 1267 1539 Πέμπτον
1284 1448 1334 1514 ἐπὶ
1350 1448 1483 1527 τούτοις,
1502 1450 1552 1514 ὅτι
1567 1459 1627 1526 τοῖς
1651 1451 1727 1534 βίος,

177 1554 373 1642 περιειληφεν
400 1552 480 1644 μετά
504 1565 558 1618 τοῦ
583 1546 681 1631 εἴδους
706 1567 763 1634 τῆς
787 1550 879 1640 ζωῆς,
903 1557 957 1622 καί
982 1559 1081 1624 ὁπόσα
1106 1561 1190 1641 αύτῷ
1211 1558 1407 1649 συνήρτηται
1429 1568 1485 1622 τοῦ
1509 1560 1625 1635 παντὸς
1649 1562 1727 1624 ἀπο-

125 1690 151 1727 ιο
178 1665 359 1751 νείμαντος·
385 1663 466 1728 ούτω
490 1662 551 1754 γάρ
576 1668 591 1728 ὁ
615 1675 737 1755 πρῶτον
761 1658 867 1731 λαθὼν
892 1671 1018 1758 κλῆρον,
1043 1673 1131 1758 ἐνορᾷ
1162 1671 1192 1732 ἐν
1224 1676 1270 1751 τῷ
1296 1669 1352 1750 βίῳ
1376 1664 1408 1731 ὁν
1433 1669 1547 1751 είλετο,
1572 1667 1728 1758 συμφοράς

178 1793 265 1847 τινας
288 1769 423 1848 ἐνούσας·
448 1771 501 1836 καί
525 1770 695 1862 ἀποθρηνεῖ
719 1775 801 1863 μετά
824 1773 884 1847 τήν
909 1766 1066 1866 διαίρεσιν,
1091 1781 1131 1852 ὡς
1155 1766 1262 1842 ἐνιδὼν
1286 1777 1317 1840 ἐν
1342 1777 1453 1862 αύψτῷ]

179 1988 205 2053 f.
225 1989 265 2055 87
284 2012 333 2054 v.:
361 1986 424 2076 [τά]
444 1988 580 2078 ἑπόμενα
602 1980 770 2078 [δράματα
797 1981 863 2056 δέον
881 1990 1041 2078 ἀπψάντων
1062 1990 1130 2082 [πρθ
1148 2000 1205 2066 τῆς
1223 1991 1363 2081 αἱρέσεως
1381 1992 1529 2083 γίνεσθαι]
1553 1992 1671 2084 κριτήν.
1686 2031 1727 2044 -·

181 2097 311 2182 Ἕκτον,
337 2099 387 2162 ὅτι
409 2107 469 2175 ποῖς
495 2099 558 2182 βίος
575 2097 758 2188 προστάτην
776 2100 842 2188 ἔχει
859 2090 993 2190 δαίμονα
1010 2099 1063 2164 καί
1081 2103 1206 2164 ἀπο...
1231 2098 1371 2188 πρώτην·
1387 2112 1482 2166 τοῦτο
1499 2099 1558 2192 γάρ
1579 2105 1662 2166 ἐστιν
1679 2101 1727 2166 τό·

184 2208 310 2297 Ι’Ὑμεῖς
328 2199 463 2296 δαίμονα
479 2205 641 2296 αἱρήσεσθε
651 2208 716 2293 2)’,,
733 2212 848 2298 κλῆρον
867 2208 922 2298 μὲν
939 2219 995 2274 τοῦ
1012 2209 1173 2298 προφήτου
1190 2218 1361 2284 ποιοῦντος,
1380 2210 1445 2293 βίον
1464 2199 1497 2274 δὲ
1512 2208 1566 2274 ἕνα
1582 2217 1637 2273 τοῦ
1662 2199 1730 2273 δαί-

129 2333 153 2370 1⁵
182 2339 284 2406 μονος,
297 2325 355 2391 τῆς
370 2305 403 2379 δὲ
415 2315 576 2404 Λαχέσεως
595 2314 754 2406 ἀμφότερα
770 2316 985 2407 περιεχούσης,
999 2317 1053 2380 καὶ
1069 2328 1124 2381 τοῦ
1142 2308 1286 2405 δαίμονος
1302 2315 1362 2389 τήν
1379 2318 1587 2407 ἐπιτροπείαν,
1605 2316 1659 2380 καί
1673 2327 1729 2382 τοῦ

180 2425 342 2515 προφήτου
366 2422 426 2496 τήν
443 2413 661 2514 διακλήρωσιν.
681 2464 721 2474 -
739 2417 910 2516 Ἓύδομον,
929 2427 979 2490 ὅτι
994 2435 1054 2502 πᾶς
1072 2427 1136 2510 βίος
1153 2429 1322 2517 ἀναγκαῖος
1340 2425 1407 2489 ἐστί
1423 2435 1492 2501 ταῖς
1516 2423 1628 2515 ψυχαῖς
1646 2422 1729 2513 μετά

180 2532 239 2607 τήν
258 2535 383 2620 αἵρεσιν·
402 2532 417 2596 ὁ
432 2525 468 2603 δή
485 2532 566 2596 καὶὸ
580 2533 744 2624 προφήτης
757 2524 852 2605 δηλοῖ
862 2533 973 2624 λέγων,
992 2541 1004 2569 ¹⁴
1018 2527 1041 2616 ᾦ
1056 2532 1200 2597 συνέσται
1213 2526 1245 2610 ἐξ
1259 2530 1398 2623 ἀνάγκης
1411 2552 1437 2612 ,·
1456 2521 1503 2596 δεῖ
1513 2531 1573 2622 γάρ
1587 2530 1725 2604 ἑκάστην

162 2629 283 2730 Ιψυχήν
307 2639 340 2705 θν
366 2644 471 2705 εἵλετο
495 2633 604 2706 ύιῶναι
627 2639 752 2716 πάντως
768 2639 917 2705 ἐλθοῦσαν
936 2646 978 2717 εἴς
995 2640 1055 2714 τήν
1072 2639 1201 2731 γένεσιν,
1218 2639 1272 2703 καὶ
1288 2643 1517 2730 ἀποπληρῶσαι
1533 2638 1591 2716 τάς
1614 2644 1729 2715 ἑαυτῆς

180 2749 348 2839 ὁμολογίας
372 2749 446 2839 πρὸς
470 2748 507 2814 τὸ
522 2757 595 2815 πᾶν.
612 2787 655 2816 -ι-
667 2742 812 2841 Ὀγδοον,
831 2751 879 2815 ὅτι
897 2748 979 2841 μετά
1003 2761 1058 2815 τοῦ
1076 2743 1231 2839 δαίμονος,
1249 2746 1302 2812 καί
1317 2748 1420 2838 τύχην
1444 2749 1574 2825 ἕκαστος
1600 2751 1728 2838 εἴληχεν

125 2870 153 2907 ²⁰
181 2859 256 2941 βίος,
280 2867 336 2921 τοῦ
361 2855 416 2945 μέν
441 2847 585 2946 δαίμονος
609 2857 647 2922 τὸ
670 2867 728 2933 τῆς
752 2851 833 2936 ζωῆς
857 2849 937 2933 εἶδος
962 2857 1138 2946 εἰληχότος,
1155 2866 1214 2932 τῆς
1232 2847 1265 2922 δὲ
1284 2853 1385 2947 ψυχῆς
1409 2856 1451 2921 τά
1474 2859 1510 2923 ἐκ
1534 2867 1589 2922 τοῦ
1612 2857 1729 2931 παντὸς

179 2964 323 3043 ἑκάστοις
346 2964 586 3054 ἀπονεμηθέντα
609 2960 691 3044 ζωῆς
716 2956 782 3037 εἴδη
809 2965 894 3031 κατά
917 2966 1022 3056 καιρὸν
1047 2964 1307 3054 άποπληρούσης·
1332 2958 1379 3030 δίο
1408 2966 1461 3030 καῖ
1484 2966 1539 3030 τὸν
1564 2966 1636 3030 ὅλον
1663 2967 1728 3050 βίον

180 3075 334 3165 εἴλήχατο
366 3075 476 3166 ἄμφω,
500 3075 687 3165 περιέχοντα
717 3075 771 3140 καί
794 3076 831 3139 τὸ
855 3065 934 3150 εἶδος
959 3085 1016 3149 τῆς
1041 3069 1122 3154 ζωῆς
1153 3073 1207 3138 καὶ
1237 3071 1293 3149 τάς
1323 3083 1379 3138 τοῦ
1408 3074 1525 3162 κόσμου
1553 3064 1660 3148 δόσεις.
1688 3111 1728 3120 -

172 3183 318 3268 Ἔνατον,
343 3185 393 3248 ὅτι
415 3174 605 3250 παντοδαπά
628 3183 670 3249 τά
691 3176 758 3256 εἴδη
777 3194 840 3249 τῶν
858 3185 931 3269 βίων
947 3183 1080 3267 ἐστίν,ή
1106 3182 1167 3247 ἀπὸ
1191 3186 1327 3272 λογικῶν
1346 3187 1387 3258 εἰς
1410 3180 1526 3273 λογικά
1550 3191 1607 3257 τῆς
1632 3205 1730 3271 μετα-

180 3286 298 3369 ύάσεως
315 3303 377 3358 τῶν
394 3291 500 3383 ψυχῶν
517 3299 607 3382 ήμῶν
625 3293 824 3384 γιγνομένης,
841 3293 861 3365 ἀ.
880 3294 940 3358 άπὸ
960 3291 1084 3383 ἀλόγων
1102 3296 1143 3368 εἰς
1160 3291 1272 3383 ἀλογα,
1289 3291 1308 3364 ή
1328 3291 1389 3356 ἀπὸ
1407 3291 1530 3380 ἀλόγων
1548 3294 1588 3366 εἰς
1604 3288 1730 3378 λογικά,

126 3422 154 3460 νε
180 3401 199 3474 ή
226 3402 286 3465 ἀπὸ
310 3406 445 3493 λογικῶν
471 3407 512 3478 είς
537 3402 649 3493 ἄλογα·
674 3402 728 3466 καί
751 3401 811 3492 γάρ
829 3411 891 3466 τῶν
908 3405 1042 3492 λογικῶν
1060 3400 1192 3465 καὶτῶν
1210 3401 1333 3491 ἀλόγων
1357 3401 1441 3465 ἐστὶν
1466 3400 1578 3474 κύκλος
1602 3425 1651 3474 τις
1675 3397 1729 3462 καί

180 3509 327 3600 ἀπονέμει
350 3509 421 3575 τινά
438 3509 491 3576 καί
507 3509 630 3585 τούτοις
646 3502 735 3588 τάξιν
753 3509 789 3574 τὸ
806 3519 877 3574 πᾶν.
897 3549 937 3559 -
955 3510 1104 3592 Δέκατον,
1122 3510 1172 3574 ὅτι
1188 3509 1225 3574 τὸ
1243 3501 1440 3586 αὐτεξούσιον
1460 3512 1515 3573 οὐκ
1539 3503 1728 3598 ἀφῃρήμεθα

180 3619 234 3683 καὶ
258 3623 288 3682 ἐν
312 3629 353 3704 τῇ
379 3620 497 3710 γενέσει
522 3618 576 3683 καί
600 3615 681 3707 μετά
704 3615 764 3684 τήν
790 3619 915 3706 αἵρεσιν·
933 3620 967 3681 ού
984 3614 1043 3707 γάρ
1069 3615 1087 3688 ή
1110 3624 1213 3690 κακῶς
1238 3607 1387 3680 διαθεῖναι
1405 3606 1564 3703 δυνάμεθα
1587 3611 1727 3694 ἑαυτούς,

181 3727 234 3792 καί
258 3732 291 3793 ἐν
313 3728 411 3793 παντί
426 3722 508 3804 ζωῆς
525 3719 588 3792 ἔδει
604 3725 753 3818 πράττειν
771 3726 942 3811 ὁσίως,καῖ
958 3717 1285 3816 προσκατασκευάζειν
1302 3726 1424 3799 ἑαυτοῖς
1442 3723 1559 3811 ἀμείνω
1579 3729 1636 3787 τοῦ
1662 3721 1728 3804 βίου

105 3867 107 3872 ’
179 3848 235 3903 τοῦ
259 3849 310 3902 νῦν
335 3836 498 3927 παρόντος.

126 4067 153 4104 ³⁰
180 4055 203 4120 f.
222 4057 274 4121 88.
289 4091 329 4102 -
346 4060 456 4118 Ταῦτα
474 4051 527 4141 μὲν
546 4045 597 4117 οὖν
611 4051 796 4142 ήθροίσαμεν
813 4053 848 4116 ἐκ
865 4061 927 4116 τῶν
941 4056 971 4117 ἐν
990 4053 1075 4136 αύτῷ
1092 4039 1174 4134 τῷδε
1188 4057 1233 4134 τῷ
1252 4048 1337 4140 μύθῳ
1350 4047 1586 4141 γεγραμμένων.
1603 4044 1729 4114 Τούτων

180 4153 213 4226 δὲ
230 4149 377 4251 διηριθμη
385 4159 494 4249 μένων,
511 4164 607 4225 ἐκεῖνο
623 4159 740 4237 πάντες
757 4153 912 4226 ὑπέλαὸον
923 4161 948 4245 ³)
967 4152 1040 4226 ἰδεῖν
1056 4170 1121 4237 πῶς
1138 4163 1169 4225 ἐν
1186 4171 1251 4234 τοῖς
1269 4159 1379 4250 γόνασι
1400 4168 1457 4235 τῆς
1475 4157 1636 4248 Λαχέσεως
1652 4151 1729 4223 εἶναι
1803 4197 1807 4208 ,

179 4270 273 4358 φησὶν
297 4267 368 4346 τούς
385 4293 422 4334 τε
439 4269 572 4359 κλήρους
588 4268 642 4334 καί
658 4267 700 4334 τά
715 4261 961 4360 παραδείγματα
976 4279 1039 4335 τῶν
1059 4271 1143 4353 βίων·
1161 4259 1242 4333 διότι
1260 4267 1315 4358 μέν
1332 4261 1384 4333 ούν
1402 4272 1457 4332 ούκ
1473 4271 1504 4333 ἐν
1521 4277 1562 4352 τῆ
1584 4264 1726 4356 Ἀνάγκη

179 4391 283 4444 ταῦτα
307 4377 405 4456 ἔθετο,
431 4371 535 4470 ῥᾴδιον
559 4395 599 4450 -;;-
622 4377 681 4452 τήν
707 4380 810 4445 αἰτίαν
835 4369 976 4443 συνιδεῖν·
1002 4380 1035 4442 ού
1059 4376 1120 4468 γάρ
1144 4379 1236 4443 ἐκίνει
1259 4378 1314 4443 τὸν
1337 4367 1508 4465 σφόνδυλον
1525 4373 1679 4465 Ἀνάγκη,
1703 4380 1729 4438 εί

180 4484 234 4549 καί
258 4488 288 4550 έν
305 4497 369 4563 τοῖς
385 4486 512 4577 γόνασιν
525 4483 552 4571 ⁴¹)
571 4491 668 4563 αὐτῆς
686 4491 826 4553 ἐκινεῖτο.
843 4491 907 4561 Τῆς
924 4480 976 4550 οὖν
992 4494 1155 4576 περιφορᾶς
1171 4485 1242 4562 τούς
1259 4485 1392 4575 κλήρους
1415 4482 1577 4574 νεμούσης,
1602 4482 1729 4555 εἰκότως

126 4601 153 4638 ³⁵
180 4595 236 4656 ούκ
259 4597 300 4668 είς
324 4595 445 4666 ἐκείνην
470 4593 580 4670 αὐτούς
605 4595 774 4687 ἀνήγαγεν,
800 4594 884 4686 ἀλλά
900 4593 959 4667 τὴν
977 4596 1048 4658 ὅλον
1066 4595 1161 4658 αύτὸν
1178 4602 1321 4658 κινοῦσαν
1339 4602 1409 4657 ταῖν
1426 4601 1553 4681 χειροῖν·
1578 4589 1632 4653 καί
1656 4589 1728 4653 ούτε

181 4705 222 4777 εἰς
247 4701 307 4772 τὴν
332 4701 460 4787 Κλωθὼ,
486 4707 519 4768 ού
543 4701 604 4795 γάρ
629 4705 690 4768 ἀπθ
714 4714 772 4780 τῆς
797 4706 953 4778 ἀπλανοῦς
979 4705 1077 4793 μόνης
1100 4707 1116 4766 ὁ
1140 4706 1255 4792 κλῆρος
1278 4700 1333 4766 καί
1356 4705 1372 4764 ὁ
1398 4701 1472 4784 βίος·
1491 4699 1562 4763 οὔτε
1587 4697 1647 4762 ἀπὸ
1671 4707 1729 4772 τῆς

180 4808 346 4900 Ἀτρόπου,
370 4814 403 4875 ού
428 4810 488 4903 γάρ
513 4812 574 4876 ἀπθ
598 4821 655 4888 τῆς
678 4809 877 4902 πλανομένης
900 4811 1007 4901 μόνης·
1025 4813 1078 4876 ἀπ’
1097 4809 1279 4900 ἀμφοτέρων
1304 4803 1355 4872 οὖν
1379 4813 1456 4896 ῆμῖν
1480 4803 1729 4896 ἀπονεμομένους

216 5096 239 5171 ¹)
258 5097 283 5154 Ε
301 5097 422 5170 regione
440 5096 568 5170 legitur:
589 5100 722 5171 Σαφηνῖζει
736 5102 808 5158 τοῦτο
825 5098 926 5171 ἐξηγεύ-
981 5101 1052 5151 τοῦτο
1072 5096 1232 5169 ἐξηγούμενος
1253 5100 1308 5151 ete.
1328 5097 1415 5148 ὅτι...

179 5207 260 5258 μενος,
273 5191 300 5240 τὸ
314 5191 411 5258 πρῶτος
425 5191 450 5239 δῖ
464 5190 562 5254 ὁλιχὼν,
574 5190 670 5257 πρῶτος
684 5191 796 5258 αἱρείσθω
812 5189 871 5253 βίον.
882 5187 925 5244 Of.
1016 5185 1039 5260 ἴ)
1058 5184 1128 5243 Ood.
1148 5187 1298 5256 αἱρήσεσθαι.
1318 5183 1361 5240 Cf.
1381 5201 1408 5257 p.
1428 5183 1471 5238 91.

178 5275 346 5348 proximum
362 5274 446 5348 Reip.
465 5275 565 5332 locum
576 5293 603 5348 p.
617 5276 661 5331 94.
674 5277 701 5332 Δ
713 5275 840 5334 inseruit
851 5276 927 5334 ὁοεο
1018 5275 1041 5348 ³)
1060 5275 1096 5330 Δ.
1116 5291 1172 5330 om.
1191 5271 1323 5330 ὐπῶαὸιν.

178 5363 210 5420 in
229 5368 346 5423 textum
364 5364 422 5422 hoc
442 5363 540 5422 modo:
568 5365 691 5438 Τέταρτος
710 5365 777 5441 (sic)
796 5369 926 5438 σαφηνίζει
1019 5365 1042 5437 ⁴)
1061 5367 1096 5420 A.
1115 5381 1143 5436 p.
1162 5363 1206 5420 77.
