4006 6074
570 539 626 614 De
645 540 854 635 quatrupzici
872 541 1043 633 υονυρίκε.
1062 579 1107 591 --
1125 541 1364 635 Ρρίίιοφονίου.
1708 548 1746 607 43

195 713 250 780 τόν
274 717 422 804 λειμῶνα.
447 713 595 780 Λείπεται
618 708 681 799 οὖν,
705 714 743 782 τό
769 713 823 805 μὲν
840 713 982 805 κατάγον
1000 714 1051 780 ἐπί
1066 724 1125 806 γῆς
1142 714 1204 779 ἀπό
1220 724 1275 780 τοῦ
1293 714 1388 805 μέσου
1405 713 1502 780 τόπου
1520 713 1590 780 κατΙ
1616 713 1744 805 ἀντικρύ

196 824 298 913 λέγειν
322 831 368 906 τῷ
392 815 425 900 ἐξ
449 825 577 912 ούρανοῦ
600 822 778 914 κατάγοντι
800 825 875 914 πρός
898 825 953 888 τόν
979 823 1083 913 μέσον,
1107 825 1145 889 τό
1162 815 1196 889 δὲ
1212 823 1327 914 ἀνάγον
1345 825 1406 889 ἀπό
1423 833 1482 916 γῆς
1505 829 1546 898 εἰς
1570 823 1625 889 τόν
1651 823 1744 912 μέσον

196 931 305 1008 τόπον,
329 939 375 1014 τῶ
399 931 461 996 ἀπό
485 931 599 1028 τούτου
624 937 666 1007 είς
684 932 810 1023 οὐρανόν
828 933 987 1024 ἀνάγοντι·
1004 934 1042 998 τό
1059 924 1085 996 δ’
1105 935 1214 1010 α’ίτιον,
1233 933 1282 997 ότι
1305 930 1347 997 τά
1371 931 1497 997 ἐνάντια
1521 930 1606 1004 πάθη
1631 933 1748 998 πεπόν·

198 1037 303 1104 θατον·
329 1038 361 1104 όν
385 1038 446 1129 γάρ
470 1041 633 1106 ἀπολείπει
656 1040 754 1106 τόπον
772 1039 911 1131 θάτερον,
935 1034 1178 1132 καταλαμόάνει
1202 1042 1239 1106 τό
1262 1041 1382 1106 λοιπόν·
1407 1032 1483 1106 ίδιον
1508 1030 1542 1106 δὲ
1564 1051 1659 1107 τοῦτο
1683 1051 1747 1107 τῶν

157 1172 170 1210 ιι
197 1149 356 1216 ἐναντίων.
380 1153 417 1213 Ei
441 1138 475 1214 δὲ
499 1140 546 1214 δεῖ
570 1148 612 1240 μή
639 1150 775 1224 κινήσεις
801 1150 897 1240 μόνας
922 1141 974 1215 διά
997 1159 1059 1214 τῶν
1081 1149 1257 1239 χασμάτων
1281 1155 1364 1241 ὁρᾶν,
1386 1141 1468 1240 μηδὲ
1492 1151 1570 1226 όλως
1594 1148 1749 1239 χάσματα

197 1267 331 1323 τοιαῦτα
355 1267 445 1336 νοεῖν,
470 1253 532 1322 οἷον
557 1257 751 1347 χωρητικούς
776 1258 902 1344 τόπους,
925 1268 966 1348 γῆ
994 1257 1048 1346 μὲν
1073 1257 1132 1348 γάρ
1154 1258 1270 1348 στόμια
1294 1257 1379 1322 ἀττα
1403 1261 1484 1348 ἐχεῖν
1508 1257 1562 1322 καὶ
1586 1248 1749 1323 διάστασιν

198 1369 233 1432 ού
256 1365 424 1445 κωλύεται,
450 1356 488 1431 δι’
513 1359 555 1430 ὧν
578 1377 691 1456 χωρεῖν
716 1357 860 1432 δυνατόν·
885 1363 935 1432 οία
960 1357 998 1438 δή
1024 1366 1079 1430 καί
1104 1367 1268 1456 ἱστόρηται
1291 1370 1467 1457 πολλαχοῦ,
1488 1369 1572 1432 Πλου

199 1639 222 1708 f.
240 1643 282 1707 32
303 1665 342 1722 κ,
360 1640 481 1707 similes
496 1640 652 1708 laciniae:
673 1693 680 1709 .
695 1693 703 1709 .
718 1638 912 1731 ,ἀφιστάνειν
928 1637 988 1730 χρὴ
1006 1691 1013 1707 .
1029 1637 1137 1713 ..νίας
1153 1635 1239 1713 τινάς
1257 1627 1310 1702 διά
1326 1636 1445 1702 τούτων
1462 1628 1566 1716 τάξεις
1583 1641 1599 1701 ό
1624 1635 1751 1724 μῦθος...

199 1746 353 1838 ἐχομένας
369 1745 427 1823 τάς
444 1743 543 1836 ψυχάς
558 1745 579 1820 ή
597 1745 766 1824 κατιούσας
783 1747 826 1834 [ή]
840 1747 992 1824 ἀνιούσας,
1007 1745 1060 1811 καί
1075 1744 1343 1836 παραπεμπούσας
1360 1749 1401 1820 είς
1417 1744 1472 1809 τόν
1490 1749 1602 1810 οἰκεῖον
1620 1745 1752 1812 ἕκασται

146 1869 173 1907 ¹⁰
199 1855 307 1920 τόπον·
333 1851 368 1931 ἀς
385 1855 550 1920 ἀπείκασεν
568 1852 739 1943 χάσμασιν,
756 1861 796 1932 ὡς
813 1856 962 1930 κινήσεων
979 1845 1191 1945 προστάτιδας
1209 1852 1263 1918 καί
1280 1840 1464 1944 συστοίχους
1482 1854 1573 1931 ούσας
1593 1857 1668 1945 πρός
1691 1855 1751 1928 τήν

200 1971 256 2027 τοῦ
279 1960 376 2052 χάους
399 1961 516 2026 ἐκείνου
541 1952 683 2051 δύναμιν,
706 1961 846 2053 καθάπερ
870 1965 1007 2051 εἴπομεν,
1024 1971 1080 2026 τοῦ
1097 1971 1204 2026 πασῶν
1222 1961 1323 2026 αἰτίου
1346 1952 1487 2051 προόδων
1513 1963 1566 2028 καί
1590 1964 1749 2039 κινήσεων·

201 2069 270 2136 ἐπεὶ
293 2069 348 2135 καί
371 2069 464 2145 αύτός
487 2071 618 2160 παρέχει
634 2079 697 2134 τῶν
714 2070 864 2135 τοιούτων
881 2073 1031 2134 ὑπονοιῶν
1048 2073 1123 2158 ήμῖν
1144 2067 1297 2158 ἀφορμήν,
1321 2067 1414 2134 εἰπὼν
1438 2077 1484 2154 τῷ
1508 2069 1569 2135 ἀπό
1593 2081 1651 2163 γῆς
1677 2070 1753 2136 ἀνά-

199 2201 289 2268 γοντι
312 2175 458 2267 χάσματι
480 2185 686 2267 παρεστῶτας
710 2178 747 2241 τό
772 2175 896 2270 φθέγμα
919 2175 1183 2266 καταμανθάνειν,
1207 2175 1261 2240 καὶ
1285 2176 1509 2265 μυζ-ζκωμένου
1533 2178 1679 2268 κατέχειν
1704 2181 1752 2245 ἔτι

198 2283 255 2361 τάς
280 2283 396 2349 ἀνιέναι
419 2283 478 2375 πρό
502 2294 557 2348 τοῦ
582 2295 687 2376 καιροῦ
713 2275 903 2361 σπευδούσας
936 2285 997 2350 ἀπὸ
1020 2293 1083 2349 τῶν
1108 2275 1336 2374 δικαιωτηρίων
1360 2285 1484 2350 ἐκείνων
1508 2282 1626 2376 ψυχάς·
1651 2293 1691 2363 ὡς
1715 2287 1751 2352 ἀν

146 2417 172 2456 ιι
199 2393 343 2458 κάκείνου
368 2390 567 2465 συναίσθησιν
591 2395 718 2482 ἔχοντος
742 2403 800 2470 τῆς
825 2386 913 2472 ἀξίας
937 2403 1000 2458 τῶν
1018 2389 1135 2482 ψυχῶν,
1153 2392 1207 2457 καί
1230 2402 1293 2457 τῶν
1317 2391 1448 2459 αύτόθεν
1472 2393 1659 2484 ἐφεστώτων
1681 2405 1751 2472 ταῖς

200 2501 355 2578 ἀνιούσαις
379 2499 505 2583 ἐκεῖθεν,
529 2491 685 2591 δαιμόνων
709 2501 808 2567 όντων
826 2493 984 2578 δηλονότι,
1001 2501 1055 2566 καὶ
1073 2501 1092 2574 ή
1110 2500 1260 2590 ἀφιέντων
1285 2500 1304 2574 ή
1327 2501 1511 2567 κωλυόντων
1536 2504 1642 2587 ἐκείνῳ
1667 2528 1752 2570 συνε-

199 2608 342 2699 πομένων
367 2607 421 2674 καί
444 2617 490 2692 τῷ
513 2611 629 2674 ἐκείνου
654 2608 829 2702 φθέγματι,
854 2608 1031 2700 συνθήματι
1054 2620 1113 2685 τῆς
1138 2602 1225 2687 ἀξίας
1248 2609 1430 2700 χρωμένων·
1457 2611 1582 2699 μήποτε
1606 2605 1658 2676 οὖν
1680 2611 1752 2702 περί

198 2717 326 2822 πάντωγ
350 2727 436 2804 κοινῇ
454 2717 594 2802 λεκτέον,
613 2708 774 2807 δαιμονίας
791 2713 868 2784 εἶναι
884 2712 988 2797 τάξεις
1005 2717 1047 2783 τά
1063 2717 1229 2808 χάσματα,
1250 2729 1393 2809 τετραχῇ
1416 2710 1677 2812 διατεταγμένας,
1702 2709 1750 2786 διό

200 2824 254 2888 καί
270 2828 286 2888 ὁ
302 2824 398 2900 τόπος
414 2828 430 2888 ό
448 2826 551 2914 μέσος,
568 2828 584 2888 ό
600 2825 700 2902 κοινός
718 2835 781 2889 τῶν
797 2826 984 2916 χασμάτων,
1001 2829 1149 2891 καλεῖται
1165 2816 1334 2916 δαιμόνιος·
1352 2821 1394 2891 ὧν
1412 2835 1444 2891 αί
1461 2827 1516 2917 μέν
1533 2831 1607 2892 εἰσιν
1631 2820 1751 2906 λήξεων

146 2954 174 2994 ιο
199 2923 416 3022 προστάτιδες,
440 2931 660 3024 εύμοιροτέρων
685 2931 997 3025 ήτληπαθεστέρων,
1017 2924 1113 3006 δῆλον
1132 2925 1166 2999 δέ
1181 2934 1312 3024 ποτέραι
1335 2932 1486 3025 ποτέρων·
1511 2938 1544 2999 αἱ
1567 2924 1611 3014 δὲ,
1637 2939 1677 3010 εἰς
1701 2934 1753 3027 γέ-

201 3063 281 3106 νεσιν
304 3032 449 3126 καθόδου,
474 3039 589 3107 ἀνωθεν
612 3041 632 3116 ή
658 3041 808 3109 κάτωθεν·
834 3042 889 3108 καί
913 3041 973 3134 γάρ
998 3048 1031 3108 αἱ
1054 3041 1109 3132 μέν
1125 3039 1150 3129 ¹)

201 3307 225 3374 f.
242 3308 316 3389 119,
330 3307 364 3373 in
376 3307 493 3376 lacuna
507 3311 527 3375 3
540 3332 641 3377 verm:
659 3299 923 3399 Ἐμπεδοκλοῦς...
940 3309 1090 3384 αἰσθητόν
1109 3311 1254 3402 ῥεπούσῃ,
1271 3311 1308 3376 τό
1325 3312 1476 3380 ταυτδν...
1492 3305 1642 3392 ζωοποιόν
1659 3307 1752 3395 ζωήν·

200 3415 255 3491 ἕως
280 3415 379 3488 αὑτήν
403 3421 423 3490 ή
449 3407 612 3506 πρόοδος...
637 3408 756 3482 δεκάδα
777 3428 882 3482 πεσεῖν
907 3421 1060 3502 ἐποίησεν,
1081 3420 1247 3512 ἑγκόσμιον
1270 3421 1450 3513 γενομένην·
1475 3416 1530 3488 εἶθ’
1554 3416 1753 3490 ἑκατοντάδα

201 3523 254 3588 καί
277 3516 347 3602 ἑξῆς
371 3517 511 3614 χιλιάδα,
538 3523 621 3616 μετά
635 3526 691 3590 τόν
707 3526 886 3616 γραμμικόν
904 3525 1033 3617 ἀριθμόν
1050 3519 1288 3594 ἐπιπεδώσασαν
1306 3529 1434 3611 ἑαυτήν,
1458 3531 1513 3594 καί
1535 3531 1573 3597 τό
1585 3523 1752 3611 ·ἐπίπεδον,

146 3651 174 3690 ιι
201 3636 241 3707 ῶς
265 3633 397 3721 εἴρηται,
423 3630 618 3717 βαθύνασαν·
643 3639 670 3700 εί
693 3624 727 3699 δὲ
750 3625 788 3707 δή
815 3634 869 3699 καὶ
893 3635 936 3723 μή
963 3637 1037 3724 μίαν
1060 3636 1206 3727 προσθείη
1232 3639 1371 3727 γένεσιν,
1396 3635 1480 3702 ἀλλά
1510 3637 1570 3710 τήν
1593 3640 1751 3704 ποικιλίαν

201 3733 337 3818 ἀνελίξοι
359 3749 422 3804 τῶν
449 3741 540 3826 βίων,
565 3745 584 3813 ή
610 3739 687 3816 τέως
711 3734 788 3805 ούσα
819 3739 923 3831 χιλιάς
954 3744 1075 3834 γίνεται
1099 3743 1228 3833 μυριάς·
1253 3743 1306 3808 καί
1334 3734 1386 3808 διά
1418 3753 1523 3808 ταῦτα
1546 3749 1565 3817 ή
1591 3743 1751 3822 παντελής

201 3838 336 3925 διέξοδος
360 3852 438 3912 ἑτῶν
464 3850 578 3938 μυρίων
610 3847 700 3938 μόλις
725 3847 975 3923 ἀποκαθίστησιν
999 3849 1058 3924 τήν
1092 3847 1212 3940 ψυχήν,
1237 3849 1291 3916 καί
1319 3849 1399 3940 μετά
1423 3849 1545 3924 ταύτην
1578 3851 1673 3928 ἀλλος
1697 3855 1752 3918 ούκ

201 3959 269 4022 ἔστι
294 3959 379 4042 βίος·
402 3957 496 4047 πέρας
526 3955 586 4047 γάρ
618 3963 638 4030 ή
665 3956 784 4047 μυριάς,
808 3957 935 4023 πάντων
958 3953 1035 4024 ούσα
1061 3961 1135 4043 βίων
1160 3957 1302 4049 ἀριθμός,
1326 3968 1433 4025 πασῶν
1458 3959 1620 4048 γενέσεων,
1644 3968 1752 4024 πασῶν

201 4055 363 4156 περιόδων.
388 4064 449 4129 Καὶ
472 4073 576 4130 ταῦτα
600 4064 814 4156 Πυθαγορείων
834 4065 902 4130 ἐστὶ
917 4066 1020 4157 λόγων
1045 4066 1222 4156 σπέρματα,
1247 4059 1517 4157 καταύεόλημένα
1535 4077 1582 4152 τῷ
1597 4067 1754 4133 Πλάτωνι

148 4205 175 4242 ιο
200 4174 275 4263 πρός
298 4172 357 4245 τήν
382 4181 445 4237 τῶν
469 4163 650 4263 περιοδικῶν
675 4179 759 4263 ήμάς
783 4172 919 4264 ἀριθμῶν
945 4177 1145 4266 ἀνεγείροντα
1168 4176 1340 4266 περιωπήν,
1358 4175 1409 4241 έπί
1427 4185 1491 4241 τῶν
1508 4165 1674 4242 δακτύλων
1698 4180 1753 4240 οίικ

202 4281 303 4346 ἐῶντα
327 4277 440 4368 μένειν,
465 4281 537 4343 ἀλλ’
562 4279 613 4345 ἐπί
637 4278 678 4344 τά
694 4272 941 4372 παραδείγματα
957 4281 1106 4349 πείθοντα
1124 4283 1185 4348 ἀπό
1202 4293 1264 4347 τῶν
1281 4283 1407 4349 εἰκόνων
1426 4276 1636 4372 μεταόαίνειν.
1661 4288 1697 4347 Ei
1720 4274 1754 4350 δέ

202 4379 353 4476 ζητοῖμεν
377 4393 479 4476 ήμεῖς,
503 4389 535 4453 τί
560 4377 681 4462 δήποτε
706 4388 813 4478 μόναις
838 4380 1034 4455 ἀποδέδωκεν
1051 4401 1120 4467 ταῖς
1140 4392 1199 4456 ύπό
1222 4402 1282 4484 γῆν
1299 4394 1437 4484 πορείαις
1461 4391 1521 4464 τήν
1544 4383 1753 4482 χιλιετηρίδα,

202 4497 307 4560 καίτοι
330 4495 384 4559 καί
406 4504 468 4560 τῶν
486 4488 518 4574 ἐξ
534 4499 662 4584 ούρανοῦ
678 4505 724 4579 τῷ
740 4499 891 4585 χιλιοστῷ
908 4498 1138 4587 ἀφικνουμένων
1156 4499 1362 4588 ἑπικλήρωσιν
1379 4498 1433 4564 καί
1455 4503 1579 4590 αίρεσιν,
1603 4505 1643 4576 ὡς
1667 4493 1751 4566 εἶπεν

203 4605 273 4667 όέν
297 4595 423 4693 Φαίδρῳ
448 4603 629 4695 Σωκράτης,
646 4604 756 4696 ῥητέον
773 4607 822 4669 ότι
838 4616 908 4682 ταῖς
933 4597 1159 4684 δυσπαθούσαις
1185 4611 1306 4696 μᾶλλον
1331 4609 1475 4698 φαίνεται
1498 4619 1553 4674 τοῦ
1577 4608 1689 4698 χρόνου
1713 4607 1752 4671 τό

149 4739 177 4777 σε
204 4720 303 4799 μῆκος
327 4709 474 4794 ἄπλετον,
499 4711 515 4776 θ
539 4711 582 4801 μή
608 4723 677 4787 ταῖς
702 4715 847 4802 εὐμοίρως
870 4707 1000 4792 ζώσαις,
1024 4716 1126 4806 ὥσπερ
1150 4715 1204 4780 καὶ
1232 4727 1296 4791 τοῖς
1321 4726 1459 4781 νοσοῦσιν
1489 4719 1611 4804 μᾶλλον
1641 4714 1661 4788 ἢ
1686 4723 1752 4790 τοῖς

204 4821 403 4909 ὑγιαίνουσιν·
428 4821 466 4886 τό
490 4817 550 4911 γάρ
573 4830 791 4911 παραμετροῦν
816 4812 855 4886 δι’
882 4819 1040 4888 ἀσθένειαν
1065 4817 1169 4912 μεῖζον
1194 4817 1271 4888 εἶναι
1295 4825 1461 4914 φα[ίνεται]

242 5105 264 5181 ¹)
273 5105 392 5164 Rursus
403 5113 434 5162 ot
444 5113 550 5180 quarto
560 5105 847 5181 interruptamdicis
858 5109 951 5167 series
1002 5112 1143 5171 foliorum
1156 5109 1314 5170 ora'udore
1332 5110 1464 5183 maligno
1480 5115 1619 5184 corrupta
1631 5115 1687 5184 est,
1705 5125 1754 5184 pe·

204 5195 236 5252 in
247 5195 298 5252 fol.
311 5196 355 5268 33,
368 5197 464 5253 multa
476 5195 634 5270 interjecta
646 5195 872 5270 intercapedine,
892 5215 952 5252 non
1001 5202 1068 5274 jore
1081 5205 1183 5259 autem
1195 5201 1332 5257 chartula
1347 5201 1424 5258 male
1437 5199 1586 5273 pellucido.
1605 5205 1636 5256 et
1654 5199 1754 5273 inepte

205 5286 305 5361 pergit
322 5286 380 5344 nisi
392 5286 423 5343 in
435 5287 486 5345 fol.
500 5289 560 5360 119,
576 5287 657 5344 ultra
668 5287 808 5344 nimirum
826 5287 952 5360 paginas
1005 5287 1090 5344 allita
1102 5293 1259 5356 mactatur,
1273 5285 1431 5357 aliquando
1450 5290 1652 5343 atramentum
1669 5284 1754 5342 vido-

116 5381 125 5402 '
206 5377 270 5436 diro
282 5375 420 5436 incendio
433 5377 620 5436 dilaceratus.
632 5377 707 5436 Indo
720 5382 820 5436 tamen
837 5396 953 5437 summa
1005 5382 1056 5435 tur
1068 5376 1173 5434 illuvie
1185 5375 1294 5451 raptim
1308 5375 1427 5433 detersa
1440 5374 1568 5432 dilutum
1581 5378 1613 5432 ot
1625 5389 1754 5432 erasum.
