4006 6074
577 558 684 658 Quale
701 565 938 643 viridarium?
961 609 1002 621 -
1028 560 1195 646 Numenii
1212 564 1389 646 sententia.
1720 567 1756 634 87

210 735 390 825 μονογενής,
415 727 466 803 διά
490 727 524 802 δὲ
546 737 606 813 τήν
631 731 828 814 διονυσιακήν
852 734 992 833 τετράδα
1011 744 1215 836 τετραμέρης·
1241 737 1348 818 ἐπειδὴ
1375 737 1408 810 δέ
1431 755 1489 821 τῆς
1515 736 1644 820 δεκάδος
1668 745 1757 810 οὐσία

209 842 337 932 λέγεται
349 843 403 908 καί
415 847 531 921 έστινή
549 848 672 938 τετράς,
687 854 702 913 6
720 850 836 939 κόσμος
852 852 935 916 ἐστίν
952 843 1014 926 ήδη
1034 845 1134 931 δεκάς,
1150 859 1192 930 είς
1209 854 1241 919 όν
1254 852 1452 919 κατελθοῦσα
1468 850 1565 943 ψυχή,
1582 844 1757 943 μοναδικῶς

208 944 295 1030 ζῶσα
317 951 403 1043 παρά
425 964 471 1038 τῷ
495 956 546 1020 Διῒ
566 956 650 1022 κατά
673 959 728 1023 τόν
751 963 866 1035 ἑαυτῆς
883 971 962 1040 νοῦν,
979 953 1171 1052 τετραδικῶς
1189 953 1222 1028 δέ
1243 961 1328 1054 παρά
1351 971 1396 1044 τῷ
1421 961 1568 1047 Διονόσῳ,
1591 959 1660 1025 καθ’
1684 962 1756 1026 όσον

208 1049 271 1132 ήδη
289 1060 343 1124 καί
363 1051 534 1152 διαιρέσεως
551 1064 737 1155 ἐφάπτεται,
754 1067 809 1132 καὶ
825 1069 946 1159 γίνεται
961 1061 1006 1145 δίς
1022 1061 1109 1152 δυάς,
1127 1063 1292 1160 μερίζουσα
1309 1068 1425 1142 ἑαυτήν
1441 1079 1510 1146 ταῖς
1531 1069 1593 1134 ἄνω
1616 1068 1758 1141 νοήσεσιν

169 1194 182 1234 ι
209 1167 262 1232 καί
274 1179 343 1246 ταῖς
359 1180 423 1234 τῶν
440 1171 528 1238 κάτω
543 1179 709 1262 προνοίαις,
727 1175 782 1240 καί
797 1174 902 1242 οὐκέτι
915 1171 1000 1258 ζῶσα
1013 1177 1098 1243 κατά
1110 1179 1165 1242 τόν
1181 1179 1309 1268 ήνίοχον
1327 1177 1432 1269 μόνον,
1449 1173 1533 1242 ἀλλά
1548 1177 1602 1243 καὶ
1618 1176 1688 1243 καθ’
1706 1173 1757 1265 6¹)

208 1385 232 1452 f.
250 1387 303 1468 25,
319 1388 338 1454 6
355 1411 438 1456 vers.
455 1389 490 1456 in
506 1390 664 1479 fuligine:
682 1391 720 1457 τό
738 1393 815 1459 αὐτό
831 1402 973 1462 πασῶν...
997 1403 1089 1460 τινῶν
1108 1393 1339 1484 ἀπολομένων...
1356 1397 1388 1458 ἑν
1403 1394 1524 1460 πόλεων
1541 1391 1759 1459 κατασεισθει-

208 1502 270 1556 σῶν
287 1503 428 1563 κοινῶν...
446 1495 595 1584 ὤφθησαν
617 1499 729 1589 ἀγέλαι
745 1497 851 1591 ψυχῶν
875 1501 962 1565 τισὶν
980 1511 1043 1566 τῶν
1060 1499 1102 1566 τά
1123 1501 1229 1567 ταότά
1251 1501 1415 1567 παθουσῶν
1440 1501 1678 1593 ἀπαγγέλουσαι
1701 1499 1758 1578 τάς

209 1603 312 1666 αὐτῶν
330 1602 487 1694 συμφοράς
503 1615 569 1682 τοῖς
586 1609 791 1697 προστυχέσιν
810 1612 918 1685 αῦταίς
935 1609 1120 1700 γενομένοις.
1139 1615 1174 1673 Εἰ
1190 1601 1233 1692 δὲ,
1250 1615 1289 1686 ὡς
1307 1614 1338 1675 ἐν
1358 1600 1498 1676 Φαίδωνι
1516 1607 1757 1699 μεμαθήκαμεν,

208 1709 279 1798 οὐχὶ
293 1719 356 1774 τῶν
374 1707 480 1800 ψυχῶν
505 1720 538 1776 αἱ
560 1714 655 1803 ὁρμαί
679 1715 782 1804 μόνον,
801 1715 885 1781 άλλά
902 1717 955 1780 καί
972 1722 1000 1780 οἱ
1017 1716 1173 1806 μάχοντες
1189 1717 1286 1794 αὐτάς
1304 1718 1415 1809 άγουσι
1432 1707 1583 1806 δαίμονες,
1601 1720 1757 1793 αἰνοῦντες

156 1842 181 1880 ιο
208 1817 346 1891 ἑκάστην
370 1820 412 1907 ἐφ’
443 1818 475 1884 όν
499 1810 547 1884 δεῖ
568 1821 665 1886 τόπον
690 1822 801 1908 ἐλθεῖν,
825 1825 908 1889 ὥστε
932 1824 985 1889 καὶ
1008 1821 1070 1890 οἷον
1095 1825 1280 1916 αὐτομάτως
1300 1824 1444 1917 φέρεσθαι
1460 1825 1514 1890 καὶ
1537 1824 1757 1916 ἀπροαιρέτως,
1799 1829 1807 1842 ’

208 1927 276 2014 ἔχοι
300 1925 336 1990 άν
353 1927 407 1991 καὶ
429 1925 531 2015 ταότῃ
551 1929 673 2002 πολλήν
691 1935 706 1994 6
731 1942 786 1996 τοῦ
803 1931 887 2022 Ἠρδς
903 1932 997 2023 λόγος
1014 1931 1176 2007 ἀλήθειαν.
1194 1973 1237 1983 -
1254 1933 1355 2000 Ἀλλά
1371 1935 1418 2010 τίς
1443 1937 1458 1998 6
1483 1925 1640 2022 δαιμόνιος
1663 1933 1758 2009 τόπος

208 2032 303 2116 ἐστίν,
320 2037 361 2110 είς
379 2031 412 2098 όν
436 2039 455 2108 ή
482 2029 592 2126 ἄφιξιςς
615 2037 670 2101 καί
693 2043 719 2104 εἰ
742 2033 830 2114 οὗτος
854 2038 937 2103 ἐστίν
963 2041 996 2105 όν
1020 2041 1074 2106 καὶ
1089 2045 1105 2104 6
1122 2045 1153 2107 ἑν
1170 2043 1284 2134 Γοργίᾳ
1299 2043 1386 2134 λέγει
1411 2039 1515 2130 μῦθος,
1539 2032 1674 2121 δικάζειν
1698 2065 1758 2106 που

207 2142 299 2230 φησίν
329 2141 383 2208 καί
405 2147 519 2220 ἐκεῖνος
536 2148 567 2209 έν
585 2155 630 2230 τῷ
647 2148 845 2243 λειμῶνιιτὸν
863 2150 946 2213 Μίνω
963 2150 1016 2214 καί
1032 2151 1087 2214 τόν
1112 2141 1332 2239 Ῥαδαμάνθην
1357 2149 1411 2214 καὶ
1433 2146 1488 2214 τόν
1513 2149 1628 2214 Αἰακόν
1650 2150 1757 2240 τρίτον

207 2254 237 2314 ἑν
253 2260 294 2323 τῆ
312 2242 435 2341 τριόδῳ·
461 2253 515 2317 καί
538 2258 565 2318 εί
589 2258 604 2317 6
630 2256 722 2332 αότός
744 2257 840 2332 τόπος
864 2255 913 2320 ὑπ’
939 2260 1121 2350 ἀμφοτέρων
1145 2258 1275 2350 λέγεται
1291 2267 1354 2323 τῶν
1379 2256 1492 2347 μόθων,
1517 2265 1581 2331 πῶς
1607 2256 1758 2332 ἀλλήλοις

142 2393 179 2431 ·1⁵
207 2364 235 2423 οἱ
259 2350 407 2424 δικασταί
431 2354 661 2450 συμόαίνουσιν,
687 2368 718 2427 αί
740 2365 873 2453 ήρωίκαὶ
888 2361 986 2454 ψυχαί
1002 2377 1067 2443 τοῖς
1091 2358 1255 2454 δαίμοσιν;
1280 2370 1295 2430 6
1319 2365 1379 2458 γάρ
1396 2391 1446 2431 τοι
1470 2355 1628 2454 δαιμόνιος
1652 2363 1758 2441 τόπος,

207 2467 268 2531 ἀπό
292 2475 354 2530 τῶν
379 2457 534 2556 δαιμόνων
558 2471 638 2558 ἔχων
662 2469 722 2542 τήν
746 2475 972 2562 προσηγορίαν,
996 2479 1036 2550 εἰς
1060 2465 1210 2563 δαίμονας
1234 2476 1330 2540 ἔοικεν
1355 2473 1548 2562 ἀναπέμπειν
1571 2469 1644 2549 τοὺς
1669 2462 1758 2536 δικα-

206 2569 362 2665 ζομένους.
381 2576 459 2642 ’Ότι
476 2577 531 2668 μέν
548 2572 601 2642 οὖν
625 2578 732 2645 πάντα
748 2579 862 2657 πάντες
879 2586 908 2645 οἱ
923 2581 992 2670 περί
1007 2591 1070 2646 τῶν
1087 2584 1117 2646 ἐν
1135 2573 1211 2666 ᾅδου
1228 2580 1319 2671 μῦθοι
1341 2589 1387 2664 τῷ
1411 2579 1559 2645 Πλάτωνι
1574 2578 1757 2656 πονηθέντες

206 2675 451 2764 ἑκδιδάσκουσιν,
469 2705 508 2758 »;;·
528 2677 634 2762 δῆλον·
659 2691 675 2751 6
701 2688 755 2777 μέν
779 2687 838 2779 γάρ
862 2687 934 2765 τοὺς
958 2680 1109 2765 δικαστάς
1126 2689 1172 2754 ἐπ’
1195 2692 1297 2754 αὐτῶν
1322 2687 1472 2778 κηρύττει
1496 2698 1559 2752 τῶν
1583 2686 1756 2777 ὀνομάτων,

207 2793 309 2884 ὥσπερ
326 2797 342 2857 6
358 2797 390 2858 ἑν
414 2796 527 2886 Γοργίᾳ
547 2793 659 2886 ῥηθείς·
685 2799 700 2858 6
725 2786 758 2861 δὲ
781 2797 835 2861 τόν
860 2796 956 2862 τόπον
981 2791 1087 2888 φράζει
1112 2787 1328 2888 διαφερόντως,
1352 2798 1455 2887 ὥσπερ
1480 2787 1533 2862 όδε
1555 2800 1572 2861 6
1596 2794 1701 2885 μῦθος·
1725 2797 1756 2860 ἐν

152 2936 178 2974 20
206 2902 321 2992 Γοργίᾳ
345 2901 400 2991 μὲν
424 2901 485 2993 γάρ
509 2905 630 2993 εἴρηται
654 2914 804 2969 τοσοῦτον
829 2905 878 2968 ὅτι
902 2897 1078 2985 δικάζουσιν

205 3119 228 3187 f.
246 3121 288 3185 25
306 3143 347 3198 ιη,
364 3120 399 3185 in
415 3121 527 3186 eadem
543 3120 679 3187 lacuna:
697 3123 773 3209 ὁμοῦ
797 3128 843 3202 τῷ
865 3129 963 3203 νῷ...
982 3119 1079 3186 τόπον
1095 3129 1158 3185 τῶν
1177 3110 1303 3186 δικαίων
1321 3120 1375 3185 καὶ
1389 3113 1494 3198 λήξεις
1510 3117 1568 3196 τάς
1584 3103 1640 3185 ὑπ’Ἰ
1652 3119 1756 3186 αὐτῶν

205 3220 436 3316 ἀφοριζομένας.
460 3225 561 3292 Ἀλλά
584 3225 626 3292 τά
651 3227 705 3315 μὲν
730 3232 771 3301 είς
788 3221 880 3302 αὖθις
904 3222 1084 3317 ζητήσομεν
1101 3233 1203 3316 ήμεῖς·
1228 3229 1283 3304 τόν
1307 3219 1342 3293 δέ
1363 3219 1400 3301 δή
1420 3229 1518 3294 τόπον
1535 3228 1569 3292 θν
1585 3221 1755 3315 ἑζόμνηοεν

204 3337 317 3410 ἐντοῖς
341 3336 561 3425 προκειμένοις,
579 3327 737 3425 δαιμόνιον
761 3333 865 3420 εἰπὼν,
889 3336 961 3399 τίνοι
986 3324 1034 3399 δεῖ
1056 3333 1152 3424 φάναι
1174 3335 1248 3424 πρός
1268 3341 1353 3422 ήμῦις
1377 3333 1488 3411 αὐτοὺς
1513 3338 1658 3424 εἴπωμεν.
1681 3341 1757 3400 Νου-

205 3442 312 3533 μήνιος
331 3440 385 3532 μέν
409 3441 469 3533 γάρ
493 3444 536 3530 τόἸ
555 3443 682 3533 κέντρον
706 3437 784 3509 εἷναί
808 3467 901 3532 φησιν
925 3452 1036 3507 τοῦτον
1053 3450 1108 3507 τοῦ
1124 3465 1161 3506 τε
1178 3443 1296 3530 κόσμου
1320 3441 1437 3516 παντὸς
1461 3441 1596 3516 καὶτῆς
1620 3451 1690 3531 γῆς,
1714 3446 1755 3516 ὡς

148 3579 176 3616 ιε
205 3543 323 3641 μεταξὺ
348 3550 438 3639 μένον
462 3561 517 3617 τοῦ
543 3554 681 3641 οὐρανοῦ,
703 3543 822 3641 μεταξὺ
848 3541 881 3614 δε
904 3549 957 3613 καὶ
979 3559 1038 3624 τῆς
1054 3558 1123 3640 γῆς,
1144 3551 1174 3613 ἐν
1199 3543 1396 3632 ᾦκαθήοθαι
1419 3547 1491 3624 τοὺς
1516 3538 1678 3630 δικαστάς,
1702 3551 1756 3613 καὶ

204 3657 422 3748 παραπέμπειν
447 3655 503 3734 τάς
528 3657 583 3745 μὲν
607 3663 648 3733 εἰς
665 3657 792 3748 οὐρανόν
808 3665 871 3722 τῶν
891 3652 1007 3745 ψυχῶν,
1032 3653 1088 3730 τάς
1112 3645 1146 3720 δὲ
1168 3661 1210 3732 εἰς
1233 3655 1288 3720 τόν
1312 3656 1372 3721 ὑπὸ
1395 3666 1454 3746 γῆς
1478 3655 1586 3733 τόπον,
1606 3655 1660 3720 καὶ
1683 3654 1754 3733 τοὺς

203 3769 270 3831 ἐκεῖ
281 3763 451 3856 ποταμοός·
470 3765 597 3854 οὐρανόν
615 3763 669 3854 μὲν
686 3763 746 3837 τὴν
764 3767 889 3837 ἀπλανῆ
909 3763 1021 3855 λέγων,
1038 3762 1092 3827 καί
1108 3767 1138 3828 έν
1155 3762 1258 3848 ταύτῃ
1277 3753 1331 3827 δόο
1347 3763 1511 3852 χάσματα,
1528 3764 1583 3827 τόν
1601 3763 1755 3855 αἰγόκερω

202 3873 256 3938 καί
271 3874 326 3938 τόν
343 3875 497 3963 καρκίνον·
512 3884 624 3938 τοῦτον
642 3872 708 3962 μέν,
729 3865 864 3938 καθόδου
888 3871 999 3961 χάσμα
1024 3880 1082 3946 τῆς
1106 3875 1147 3945 είς
1172 3870 1301 3960 γένεσιν,
1325 3862 1437 3936 ἀνόδου
1462 3861 1496 3936 δέ
1511 3873 1636 3936 ἐκεῖνον·
1655 3894 1756 3936 ποτα-

204 3979 277 4071 μοὺς
295 3971 329 4046 δέ
344 3982 403 4046 ὑπὸ
420 3991 490 4071 γῆς,
513 3978 571 4056 τάς
587 3980 803 4072 πλανωμένας·
820 3979 931 4072 ἀνάγει
947 3978 1007 4069 γάρ
1022 3983 1063 4055 εἰς
1081 3989 1198 4054 ταῦτας
1220 3977 1291 4053 τοὺς
1315 3975 1487 4068 ποταμοὺς,
1512 3977 1565 4042 καί
1588 3977 1683 4043 αὐτόν
1699 3978 1754 4044 τόν

148 4113 176 4150 ιο
203 4087 375 4178 Τάρταρον·
392 4089 445 4154 καί
460 4087 584 4162 πολλήν
597 4085 624 4174 ²)
648 4089 820 4182 ἐπεισάγων
840 4088 1077 4178 τερατολογίαν,
1088 4077 1248 4162 ’πηδήσεις
1264 4109 1301 4151 τε
1317 4082 1423 4175 ψυχῶν
1441 4087 1502 4152 ἀπό
1519 4096 1582 4153 τῶν
1598 4096 1754 4178 τροπικῶν

202 4197 252 4260 ἐπὶ
267 4196 309 4263 τά
327 4195 508 4288 ἰσημερινός,
525 4196 579 4261 καὶ
603 4197 664 4262 ἀπό
687 4197 807 4262 τοότων
832 4203 872 4272 εἰς
896 4195 938 4261 τά
961 4194 1095 4286 τροπικά
1118 4194 1173 4260 καί
1196 4187 1396 4284 μεταόάσεις,
1413 4193 1448 4271 άς
1465 4194 1558 4271 αὑτός
1574 4185 1684 4267 πηδῶν
1702 4197 1754 4260 έπί

203 4302 244 4367 τά
266 4303 442 4394 πράγματα
466 4303 641 4394 μεταφέρει·
664 4303 717 4368 καί
741 4302 923 4394 συρράπτων
946 4299 989 4366 τά
1011 4300 1196 4368 πλατωνικά
1214 4303 1344 4394 ῥήματα
1366 4311 1433 4377 τοῖς
1456 4300 1752 4392 γενεθλιαλογικοῖς,

202 4409 374 4475 καὶταῦτα
397 4421 462 4486 τοῖς
478 4415 681 4489 τελεστικοϊς·
698 4411 949 4503 μαρτυρούμενος
965 4421 1028 4476 τῶν
1046 4401 1099 4476 δόο
1116 4411 1291 4502 χασμάτων
1308 4410 1362 4476 καί
1378 4409 1438 4483 τήν
1456 4410 1594 4500 Ὁμήρου
1615 4409 1752 4484 ποίησιν,

201 4520 235 4584 οὐ
260 4519 353 4608 μόνον
376 4519 530 4610 λέγουσαν
554 4519 611 4596 τάς
637 4519 691 4611 μέν
714 4521 789 4610 πρὸς
815 4519 932 4610 βορέας,
960 4513 1188 4598 ’καταιόατάς
1213 4518 1416 4610 ἀνθρώποισιν
1441 4508 1627 4597 όδοὺς...,

146 4771 173 4810 25
201 4736 225 4804 f.
250 4737 303 4817 26,
327 4737 362 4802 in
385 4737 544 4804 lacuna7
573 4761 656 4804 vers.
680 4737 820 4803 flammis
852 4736 1004 4804 ustulabi:
1030 4735 1256 4824 ...μόνην...
1281 4732 1471 4824 ἀφώνως...
1495 4735 1597 4798 αὐτῶν
1628 4728 1689 4804 τήν
1720 4734 1752 4795 ἐν

201 4833 372 4933 άνδρότητι
385 4893 392 4908 .
407 4893 436 4907 ..
459 4838 543 4923 ζωήν
565 4836 600 4910 δὲ
620 4844 680 4916 τήν
696 4842 852 4909 ἀθάνατον
870 4833 1150 4933 είσδέχεται...αν·
1174 4847 1209 4909 οῦ
1233 4854 1337 4908 ταῦτα
1354 4833 1381 4907 δ’
1400 4837 1451 4906 οὖν
1478 4840 1582 4929 μόνον,
1599 4837 1684 4903 ἀλλά
1699 4837 1753 4902 καὶ

200 4952 291 5024 ήλίου
302 5001 308 5014 .
321 5001 346 5014 ..
370 4962 558 5043 γυμνοῦσαν,
575 4952 629 5016 καί
645 4943 746 5042 δῆμον
763 4953 894 5043 ὀνείρων·
912 4949 953 5016 τά
970 4949 1025 5040 μὲν
1043 4943 1097 5017 δόο
1113 4949 1248 5042 τροπικά
1263 4941 1372 5034 ζῳδία,
1396 4948 1497 5025 πόλοις
1520 4948 1613 5023 ήλίου
1636 4969 1753 5036 προσα-

200 5057 404 5154 γορεόοασαν·
427 5051 527 5149 δῆμον
545 5053 579 5126 δὲ
594 5063 717 5150 όνείρων
728 5063 763 5146 θ),
781 5067 820 5137 ὡς
836 5061 929 5150 φησίν
946 5063 1071 5144 ἐκεῖνος,
1088 5062 1143 5126 τόν
1159 5052 1325 5151 γαλαξίαν·
1342 5057 1396 5122 καὶ
1411 5056 1471 5148 γάρ
1491 5055 1546 5120 τόν
1562 5052 1749 5144 Πυθαγόραν

236 5316 258 5390 ¹)
277 5314 380 5372 Tertio
398 5314 466 5372 inde
480 5311 573 5372 series
586 5311 742 5388 rumpitur,
757 5315 850 5389 fitque
869 5321 947 5372 tran·
1036 5313 1059 5386 ²)
1079 5311 1173 5370 πολλήν
1192 5310 1222 5366 in
1240 5327 1335 5382 marg.
1354 5314 1457 5365 textus
1478 5309 1565 5363 ἄλλον.

200 5403 278 5462 σίτοιο
296 5405 327 5461 in
346 5404 446 5462 codice
466 5423 484 5461 ε
502 5405 552 5461 fol.
573 5405 606 5461 16
625 5405 663 5461 οῦ
681 5407 726 5461 25.
1036 5401 1060 5475 ³)
1079 5399 1122 5458 ef.
1141 5399 1212 5456 Maii
1232 5403 1319 5470 Resp.
1337 5397 1382 5455 ed.
1401 5414 1433 5469 11,
1452 5397 1513 5470 221,
1533 5415 1561 5452 ιι.
1580 5397 1605 5451 2.
