4006 6074
712 511 819 590 Liber
849 511 1130 591 Testimoniorum
1639 522 1690 580 ιιι

147 711 165 747 ‹
177 685 215 748 In
226 706 313 746 carne
325 705 393 746 mea
404 688 511 748 videbo
522 687 654 760 mum»,
665 687 753 760 idest,
766 688 796 743 in
807 703 891 745 meae
947 685 1017 742 dure
1036 685 1232 759 proprietates
1252 701 1324 744 snas
1342 683 1477 761 partibus
1502 686 1642 744 nesciunt
1658 687 1690 744 in

147 778 244 836 carnis
264 777 441 848 substantia,
460 778 543 834 Deus
562 776 693 850 depatre
711 776 841 849 genitus,
855 775 893 832 de
945 770 1027 844 ipsis,
1052 769 1110 828 Dei
1138 770 1338 828 substantiam
1366 771 1542 830 diviserunt
1561 774 1601 828 Et
1619 771 1692 829 dum

147 872 244 924 matre
261 867 350 923 homo
368 865 476 938 factus,
494 865 643 924 adveniet.
946 861 986 918 ad
1005 861 1070 918 sola
1086 859 1216 918 hominis
1229 862 1322 920 verba
1333 862 1507 935 respiciunt,
1522 864 1618 920 Deum
1628 863 1694 920 eine

185 955 328 1014 Similiter
345 954 382 1012 de
401 959 529 1028 utraque
548 954 718 1012 substantia
739 953 893 1028 apostolus
946 950 1118 1007 intellectus
1145 951 1259 1008 lumine
1279 953 1483 1025 perdiderunt,
1513 960 1545 1011 et
1571 971 1693 1011 coecum

150 1043 237 1102 dicit:
249 1065 267 1099 a
279 1045 362 1101 Deus
375 1049 422 1100 est
435 1042 467 1099 in
480 1041 598 1100 Christo
611 1042 755 1099 mnndum
767 1041 894 1099 reconci·
949 1055 1071 1097 sensum
1082 1037 1114 1094 in
1126 1055 1267 1114 praeceps
1280 1038 1439 1098 ducentem
1451 1046 1620 1114 sequentes,
1634 1059 1695 1098 ma·

149 1133 227 1190 lians
246 1132 330 1190 ribi»
344 1136 374 1202 ¹).
390 1133 473 1189 Deus
485 1131 517 1189 in
529 1131 649 1189 Christo
661 1131 770 1190 Filium
787 1131 851 1203 Dei,
864 1131 895 1187 in
948 1131 1070 1188 luerunt
1087 1128 1185 1186 dicere
1204 1129 1348 1187 minorem
1367 1131 1463 1188 Deum
1487 1149 1576 1206 qnam
1601 1131 1696 1189 homi·

150 1223 213 1280 filio
222 1221 358 1280 bominis.
369 1220 518 1278 Divinitas
527 1220 896 1295 operabatnrincorpcr03
949 1235 1017 1276 uem
1036 1225 1067 1275 et
1085 1217 1190 1275 Deum

150 1315 183 1370 in
202 1306 367 1385 fragilitate
384 1311 545 1385 apparebat
563 1311 735 1368 humanitas
753 1317 784 1368 et
795 1310 826 1366 in
839 1311 897 1368 vir·
985 1307 1070 1364 Hanc
1088 1324 1160 1379 ergo
1179 1308 1416 1367 substantiarum
1436 1310 1641 1370 diversitatem
1660 1328 1698 1368 ax

152 1410 219 1460 tute
237 1403 391 1476 majestas.
409 1403 523 1459 Demus
542 1402 635 1459 verba
653 1400 796 1458 hominis:
815 1401 898 1457 «Pa
950 1397 1008 1454 boc
1026 1413 1142 1470 quoque
1160 1395 1330 1469 intelligere
1355 1406 1525 1473 promptum
1554 1405 1608 1457 eet.
1627 1400 1698 1457 Alia

151 1499 201 1549 ter
227 1491 323 1564 maJ'or
347 1506 396 1547 ine
422 1495 499 1548 est»
512 1491 542 1563 ²).
566 1491 681 1546 Demus
707 1489 800 1546 verba
828 1487 898 1545 Dei:
931 1491 999 1544 “est
1016 1485 1096 1543 enim
1124 1485 1178 1542 illa
1196 1488 1339 1546 nativitas
1357 1489 1407 1546 vel
1434 1497 1551 1562 natura,
1576 1489 1607 1546 in
1636 1509 1696 1564 qua

154 1601 172 1636 c
184 1581 250 1653 Ego
268 1585 300 1636 et
316 1585 403 1654 pater
427 1598 522 1637 unum
547 1597 652 1638 sumus
663 1599 681 1632 a
693 1579 725 1653 ³).
745 1579 899 1652 Loquetur
948 1575 1041 1651 juxta
1058 1577 1228 1650 apostolum
1246 1577 1354 1648 ,factus
1373 1597 1411 1637 ex
1439 1579 1572 1654 muliere,
1599 1579 1700 1636 factus

154 1670 186 1728 in
198 1670 317 1729 Christo
329 1677 432 1728 nostra
444 1671 585 1728 conditio:
596 1669 724 1742 «Filius,
734 1668 841 1742 inquit,
851 1670 900 1726 bo
953 1666 1009 1723 sub
1022 1666 1104 1739 lege)
1118 1667 1177 1723 alia
1190 1685 1249 1740 qua
1263 1668 1294 1724 in
1307 1668 1450 1742 principio
1463 1690 1480 1724 «
1493 1675 1558 1727 erat
1570 1669 1696 1728 verbum

153 1761 244 1818 minis
261 1779 319 1818 non
332 1762 424 1820 habat
435 1762 488 1819 ubi
501 1769 590 1836 caput
611 1760 736 1820 reclinet
748 1780 766 1816 ι
778 1765 809 1832 ¹).
820 1763 900 1818 Into·
953 1757 1037 1814 Deus
1056 1755 1135 1830 apud
1153 1757 1251 1814 Deum
1263 1777 1280 1811 »
1292 1759 1324 1830 ⁹).
1343 1759 1412 1817 Alia
1430 1777 1489 1833 qna
1518 1765 1638 1817 creatus
1659 1776 1697 1814 ex

155 1857 209 1910 net
218 1868 277 1909 vox
286 1851 393 1910 divina·
403 1853 528 1909 «Omnis
535 1867 611 1925 quaa
621 1852 713 1908 Pater
722 1849 822 1918 habat,
834 1868 902 1907 mea
955 1845 1058 1919 Maris,
1076 1845 1253 1904 humiliatus
1272 1847 1410 1921 interra)
1424 1849 1618 1923 aliaillaqua
1635 1848 1700 1905 sina

156 1948 255 2003 sunt»
277 1944 308 2018 ⁵).
329 1943 422 2012 Quasi
448 1944 546 2014 homo,
572 1942 680 2014 esurit;
701 1940 789 2013 quasi
809 1942 900 2011 Dens,
954 1935 1041 1994 initio
1052 1937 1332 2009 munens,‹oreavit
1341 1940 1457 1997 coelum
1470 1945 1501 1997 et
1514 1947 1647 1998 terram»
1658 1938 1701 2012 ¹⁰).

156 2035 288 2108 quinqua
307 2033 402 2090 millia
419 2031 623 2105 esurientium,
647 2031 851 2089 crescentibus
867 2031 904 2088 ci·
992 2024 1162 2083 Secundum
1174 2043 1264 2099 quam
1275 2027 1413 2100 regulam
1431 2027 1519 2085 modc
1538 2029 1595 2095 lec,
1615 2026 1703 2084 modo

156 2124 212 2196 bis,
221 2121 364 2179 interiora
374 2121 558 2180 ‘sumentium
581 2119 724 2194 obsequio
747 2124 904 2176 creaturae
958 2131 1055 2189 ugnus
1074 2133 1126 2191 per
1147 2115 1266 2190 eloquia
1292 2115 1394 2174 divina
1421 2123 1570 2176 censetur.
1596 2119 1704 2190 Agnus

157 2213 330 2285 servientis,
359 2212 497 2270 exsatiat.
526 2212 619 2280 Quasi
649 2213 737 2270 homo
768 2209 904 2266 dicebat:
959 2206 1105 2280 siquidem
1124 2206 1241 2276 dicitur,
1261 2206 1332 2263 dum
1350 2207 1381 2264 in
1404 2207 1557 2266 victimam
1585 2209 1703 2266 hostia·

159 2323 177 2358 c
187 2301 296 2360 ‘Pristis
305 2308 353 2358 est
365 2301 464 2358 anima
475 2319 543 2358 mea
553 2319 650 2374 nsque
660 2300 698 2358 ad
707 2305 833 2358 mortem
843 2318 860 2353 s
873 2299 904 2372 ⁶).
958 2313 1033 2366 rum,
1059 2303 1204 2370 tanquam
1222 2299 1385 2358 moriturus
1400 2300 1437 2374 ¹¹)
1455 2299 1630 2373 procumbit.
1643 2299 1705 2354 Leo

159 2391 218 2448 Sed
245 2391 332 2464 quasi
360 2391 442 2449 Deus
469 2391 647 2448 fiducialiter
674 2389 905 2464 pronuntiabat:
960 2386 1078 2460 dicitur,
1098 2389 1168 2446 dum
1187 2391 1359 2464 triumphat
1388 2392 1495 2462 Agnus
1514 2395 1635 2464 propter
1663 2388 1707 2444 in·

159 2505 178 2538 «
190 2483 284 2540 Nemo
303 2481 382 2538 tollit
401 2498 466 2538 sam
479 2500 497 2536 a
509 2499 565 2552 ma,
585 2480 638 2538 sed
656 2497 713 2553 ego
726 2497 791 2538 eam
811 2497 829 2536 a
846 2495 907 2535 me·
960 2478 1143 2550 nocentiam;
1162 2480 1218 2554 leo,
1237 2489 1357 2554 propter
1369 2481 1540 2555 potentiam.
1558 2481 1664 2551 Agnus
1676 2480 1707 2534 in

160 2569 330 2644 metipso).
342 2569 529 2627 Potestatem
541 2569 635 2626 habeo
648 2567 776 2642 ponendi
788 2585 862 2639 eum,
875 2571 908 2623 et
959 2569 1107 2642 passione,
1126 2569 1173 2627 leo
1195 2571 1227 2627 in
1252 2571 1477 2630 resurrections.
1496 2573 1613 2644 Agnus,
1639 2568 1710 2642 qnia

160 2663 343 2733 potestatem
361 2658 456 2716 habeo
474 2657 583 2714 iterum
602 2656 740 2714 sumendi
758 2673 823 2714 eam
836 2674 862 2710 ».
960 2663 1088 2714 mortem
1106 2657 1137 2714 in
1155 2658 1326 2716 bumilitate
1345 2661 1468 2734 accepit,
1488 2659 1544 2732 leo,
1564 2658 1634 2732 quia
1648 2657 1709 2716 vir-

198 2749 234 2805 ln
252 2747 387 2822 patibulo
399 2747 487 2820 quasi
499 2747 530 2803 in
543 2745 656 2802 trutina
668 2745 831 2802 thesaurus
843 2759 910 2800 nos·
961 2748 1028 2802 tute
1047 2745 1240 2820 consumpsit.
1259 2748 1375 2820 Agnus,
1395 2748 1467 2820 quia
1485 2765 1554 2804 cnm
1572 2762 1707 2803 mausus·

163 2842 229 2894 trae
248 2835 356 2894 salutis
374 2853 533 2910 appensus,
551 2834 707 2904 latronem,
729 2835 908 2890 auctoritate
962 2831 1067 2891 tudina
1086 2834 1215 2907 advenit,
1234 2837 1290 2905 leo,
1317 2836 1476 2910 quiscum
1498 2843 1612 2894 terrore
1638 2851 1709 2892 ven-

162 2925 365 2998 dominctoris,
383 2925 569 2998 adloquitur:
581 2942 600 2978 ‹
612 2923 717 2996 Hodie,
732 2922 836 2996 inquit,
849 2939 909 2979 me·
964 2929 1051 2981 turus
1070 2931 1126 2983 eet.

165 3036 233 3076 cum
243 3015 523 3074 erisinParadisc»
535 3015 567 3090 1).
579 3014 672 3083 Quasi
681 3012 911 3072 homcinoruca
1000 3015 1045 3073 De
1064 3015 1130 3090 ipso
1148 3017 1228 3074 enim
1246 3016 1392 3090 legimus:
1411 3038 1428 3073 ‹
1441 3019 1524 3076 Deus
1549 3017 1709 3075 manifesta

163 3103 321 3179 pendebat,
340 3102 428 3178 quasi
445 3105 528 3161 Dens
547 3103 584 3161 de
602 3120 690 3160 crnoe
707 3119 836 3176 regnum
848 3118 912 3160 cce·
964 3105 1074 3178 veniet,
1093 3106 1242 3166 Dominus
1260 3113 1371 3180 noster,
1390 3115 1421 3165 et
1434 3126 1492 3166 non
1505 3109 1606 3167 silebit
1621 3109 1662 3182 ¹²).
1684 3106 1710 3163 1·

165 3193 243 3250 leste
265 3191 482 3249 dominsbatur.
964 3195 1034 3268 gnis
1053 3201 1123 3254 ante
1141 3197 1241 3271 ipsum
1259 3198 1377 3254 ardebit
1395 3199 1475 3254 etin
1498 3197 1626 3255 obtuitu
1645 3197 1713 3270 ejus

201 3283 288 3340 XIII.
308 3281 339 3338 Si
358 3281 424 3355 qnis
444 3299 514 3340 vero
533 3282 681 3356 profundo
700 3281 850 3340 tenebrosi
870 3299 913 3340 cr·
965 3287 1130 3356 tempestas
1142 3285 1244 3342 valida
1257 3305 1275 3340 ›
1289 3285 1333 3360 ¹¹).
1352 3286 1485 3343 Advorte
1499 3286 1590 3342 ethio
1603 3285 1714 3342 utrius·

166 3377 244 3431 roris
262 3372 420 3432 immersus
443 3374 604 3448 [gurgitat]
626 3381 657 3432 at
674 3372 794 3431 infirma
811 3376 912 3428 mente
967 3387 1026 3442 que
1045 3373 1232 3431 substantiae
1245 3374 1463 3448 proprietatem.
1476 3377 1511 3432 ln
1524 3375 1652 3432 veritate
1666 3391 1713 3430 as-

167 3463 320 3534 ooufusus,
339 3463 429 3520 unius
448 3463 601 3522 Christum
620 3472 651 3521 et
669 3463 766 3521 Deum
791 3468 914 3536 putave·
968 3463 1080 3534 sumpti
1098 3465 1231 3537 corporis
1250 3473 1395 3522 venturus
1415 3465 1552 3537 creditur,
1574 3472 1604 3522 st
1628 3465 1710 3521 Deus

167 3551 209 3608 rit
227 3568 295 3608 esse
314 3551 510 3625 substantiae,
530 3551 813 3628 comprsgnautibus
835 3551 914 3607 inter
968 3559 1099 3609 vocatur.
1119 3551 1225 3608 Adfuit
1243 3554 1301 3610 snb
1317 3553 1491 3610 infirmitate
1512 3554 1626 3624 osrnis;
1646 3553 1714 3610 ade-

168 3661 202 3700 sa
221 3645 319 3715 rebus,
339 3658 393 3700 eut
411 3644 508 3702 solum
526 3645 676 3702 hominem
695 3644 777 3702 coelo
796 3643 915 3718 lapsum
968 3642 1010 3698 rit
1026 3641 1058 3698 in
1077 3641 1189 3700 virtute
1207 3643 1395 3700 manifestus.
1408 3644 1520 3716 «Ignis
1538 3643 1633 3717 igitur
1644 3650 1716 3700 ante

170 3739 225 3789 aut
242 3732 341 3790 solum
358 3734 455 3790 Deum
474 3732 592 3805 cogitur
611 3733 708 3790 dicere
731 3731 917 3802 crucifixum,
969 3730 1068 3804 ipsum
1095 3730 1213 3789 ardebit
1232 3737 1263 3789 et
1284 3731 1480 3790 inflammabit
1498 3733 1529 3789 in
1547 3732 1676 3790 circuitu
1689 3753 1716 3790 ».

171 3821 227 3878 sed
243 3839 302 3878 non
320 3821 363 3877 ita
375 3827 439 3878 est:
457 3839 527 3878 uam
539 3839 636 3896 neque
649 3823 732 3880 solus
744 3823 827 3880 Deus
840 3839 917 3880 mor·
1006 3821 1081 3880 Qum
1090 3821 1162 3878 talis
1172 3823 1341 3881 reverentia
1353 3823 1540 3897 praesentiae
1551 3823 1591 3881 sit
1603 3822 1715 3894 futura,

171 3915 235 3966 tem
253 3910 373 3984 sentire,
392 3926 489 3984 neque
508 3911 592 3968 solus
610 3911 699 3968 homo
712 3927 854 3984 superare
867 3927 917 3984 po·
970 3915 1060 3981 putas
1079 3909 1177 3983 quulis
1196 3911 1254 3967 erit
1272 3911 1368 3969 forms
1386 3911 1559 3970 sententiae.
1579 3911 1635 3968 Ille
1654 3910 1719 3986 qui·

172 4000 297 4073 tuisset;
316 4018 405 4073 quem
427 3999 654 4058 evidentissima
681 3998 918 4058 substantiarum
972 3997 1041 4056 dem
1058 3998 1232 4058 redditurus
1252 4007 1300 4058 est
1317 4001 1396 4075 qnod
1418 4001 1569 4076 promisit;
1595 4002 1650 4060 sed
1668 4019 1719 4059 ex-

173 4087 365 4147 distinctions
384 4092 472 4146 homo
491 4089 631 4164 suscepit,
652 4096 683 4146 et
700 4090 782 4147 Dens
802 4088 882 4146 vicit.
972 4095 1096 4148 acturus
1115 4095 1163 4148 est
1180 4092 1260 4165 quod
1277 4092 1413 4150 redemit.
1431 4093 1472 4149 Et
1489 4091 1556 4150 ideo
1575 4092 1649 4150 totis
1666 4111 1720 4166 per

209 4178 318 4252 Itaque
335 4178 463 4248 Arriani,
483 4184 642 4251 utramque
660 4177 787 4235 formam
814 4175 920 4235 distin-
972 4179 1157 4253 adjutorium
1176 4198 1264 4238 suum
1283 4181 1400 4240 viribus
1419 4182 1575 4254 enitamur,
1595 4180 1721 4255 etquid·

173 4285 268 4343 guare
294 4271 478 4342 nescientes,
506 4287 582 4344 quse
611 4274 697 4326 erant
724 4267 853 4326 hominis
882 4266 920 4323 ad
974 4270 1047 4343 quid
1069 4270 1211 4344 contnlit,
1238 4271 1392 4345 integrum
1414 4271 1446 4328 in
1473 4272 1559 4329 nobis
1586 4270 1721 4330 inveniat

174 4360 274 4416 Deum
291 4359 380 4434 impis
399 4360 542 4418 tulerunt.
561 4359 682 4416 Nullam
701 4359 803 4432 itaque
822 4363 922 4415 tenen·
971 4361 1170 4434 judicaturus,
1190 4362 1245 4421 sed
1263 4362 1329 4422 ideo
1349 4365 1374 4423 si
1393 4369 1461 4422 oum
1473 4364 1540 4436 fide,
1555 4383 1623 4422 cnm
1635 4362 1724 4437 justi·

174 4455 224 4506 tea
242 4449 321 4507 inter
339 4448 481 4508 eoelestia
498 4455 530 4508 et
547 4455 669 4509 terrena
681 4448 836 4521 rationem,
850 4447 922 4505 dum
974 4451 1026 4522 tia,
1040 4469 1109 4509 cum
1121 4452 1325 4512 misericordia
1334 4453 1482 4527 viventes,
1495 4453 1526 4511 in
1534 4453 1602 4529 eJ'us
1614 4453 1722 4510 timore

214 4687 238 4760 ¹)
257 4701 282 4744 ιι
300 4687 366 4746 (lor.
383 4703 413 4760 v,
432 4688 475 4744 19.
1012 4689 1035 4766 ⁸)
1053 4690 1124 4748 Luc.
1144 4703 1232 4762 xxm,
1250 4691 1295 4748 43.

212 4778 240 4851 ²)
258 4776 307 4835 Jc.
325 4792 386 4848 xrv,
405 4777 450 4834 28.
1012 4782 1036 4856 ⁹)
1054 4781 1103 4840 Jc.
1121 4796 1142 4852 1,
1163 4781 1187 4836 1.

214 4867 239 4942 ¹)
257 4866 305 4924 Jo.
323 4883 353 4939 1,
371 4867 416 4924 80.
1003 4871 1041 4947 ¹⁰)
1059 4871 1132 4930 Gen.
1151 4887 1171 4943 1,
1192 4872 1216 4926 1.

213 4957 239 5028 ¹)
255 4956 326 5013 Lcc.
345 4973 385 5030 ιι,
405 4955 449 5012 ts.
1004 4963 1041 5036 ¹¹)
1060 4960 1130 5019 (lod.
1149 4977 1242 5034 petum
1259 4962 1417 5020 moritura.

214 5047 240 5120 ⁸)
257 5047 305 5105 Jc.
322 5061 385 5118 rvr,
404 5047 448 5102 15.
1005 5050 1041 5124 ¹⁸)
1059 5050 1110 5108 Pe.
1129 5065 1176 5122 ιι,
1195 5049 1221 5120 3,

215 5137 239 5208 ¹)
259 5135 365 5192 Matth.
384 5147 467 5204 xxvr,
487 5134 532 5190 88.
1006 5141 1042 5214 ¹¹)
1060 5141 1110 5199 Ps.
1129 5156 1210 5216 rur,
1230 5140 1256 5200 Β.

215 5225 418 5299 &hum
