4022 6072
774 890 1325 1014 ASOETICA

1039 1423 1064 1489 Ι.

321 1635 490 1726 Ἐρώτησις
506 1635 540 1723 ¹).
567 1641 601 1698 Et
625 1645 670 1720 τῷ
695 1641 867 1726 Χριστιανῷ
891 1634 1000 1726 πρέπει
1023 1633 1043 1708 ἢ
1069 1634 1266 1724 ἀνέγκλητίν
1290 1641 1357 1700 ἐστι
1381 1637 1419 1700 τὸ
1445 1640 1560 1725 ἰατροῖς
1584 1635 1768 1726 κεχρῆσθαι.

555 1749 611 1813 Au
639 1747 827 1814 Christiano
850 1749 1012 1831 inteprum
1036 1752 1084 1811 est
1105 1746 1155 1811 vet
1176 1749 1309 1812 uetitum
1329 1749 1379 1812 uti
1402 1748 1544 1812 medicis.

318 1963 504 2052 Ἀπόκρισις.
523 1968 586 2036 Τῆς
600 1962 691 2050 ἁγίας
707 1961 760 2024 καί
776 1955 1017 2042 θεοπνεύστοοῆ
1118 1962 1310 2044 Responsio
1336 1960 1440 2039 Quum
1468 1960 1509 2028 ab
1536 1961 1670 2028 historio
1693 1961 1819 2026 divinae

272 2080 393 2161 γραφῆς
419 2069 600 2158 ἱστσρσθσνις
622 2069 691 2157 περὶ
718 2067 772 2155 μὲν
798 2061 937 2158 Ἐζεχίου
962 2076 1017 2131 τοῦ
1074 2069 1260 2156 scripturae
1284 2072 1473 2138 edueeamur
1501 2070 1540 2136 de
1569 2091 1645 2155 rege
1669 2069 1819 2150 Ezechia,

275 2179 436 2262 βασιλέως,
454 2178 505 2240 ὅτι
522 2176 725 2265 ἀρρωστήσας
741 2174 848 2239 ἀνωθεν
863 2173 948 2264 παρά
964 2185 1019 2238 τσῦ
1074 2179 1272 2265 quodquam
1288 2181 1480 2264 aegrotaret,
1497 2177 1618 2243 audivit
1634 2200 1653 2242 a
1668 2177 1736 2242 Deo
1760 2197 1817 2261 per

276 2290 353 2351 Θσσῦ
379 2280 431 2350 θνά
454 2295 509 2349 τσῦ
533 2294 695 2374 πρσρητσῦ
708 2281 744 2367 8)·
768 2276 852 2348 Λάθσ
871 2280 1020 2354 παλάθην
1072 2287 1278 2373 prophetam:
1293 2286 1413 2353 “Sume
1425 2308 1561 2352 massam
1574 2286 1706 2351 ficorum
1720 2288 1752 2350 et
1766 2306 1820 2369 ap·

274 2393 374 2458 σθκων
400 2393 453 2458 καὶ
477 2393 676 2475 κατάπλασε,
692 2392 831 2481 καὶπερὶ
850 2401 905 2456 τοῦ
930 2389 1020 2466 'bodo
1074 2395 1159 2480 plioa
1174 2394 1273 2460 ulceri
1289 2445 1316 2476 ,,,
1332 2416 1494 2479 quumque
1510 2393 1576 2459 Asa
1590 2393 1728 2458 medicos
1744 2392 1819 2457 dom

273 2505 323 2567 ὅτι
346 2501 469 2593 ἱατρσθς
495 2497 776 2590 μσταταμθάμανσς
793 2504 823 2566 ἑν
841 2511 882 2585 τῇ
907 2503 1022 2589 άρρωσ·
1075 2504 1257 2588 sprevisset,
1270 2503 1375 2570 Deum
1390 2503 1424 2568 in
1440 2504 1521 2569 iram
1536 2503 1718 2584 commovit,
1731 2503 1817 2568 haud

275 2614 340 2695 σία,
364 2608 544 2699 παρώργισε
568 2609 623 2672 τὸν
641 2614 731 2685 Θεὸν,
756 2611 814 2696 οὐχ
838 2608 891 2672 ἕνα
914 2609 1021 2696 λόγον,
1075 2635 1139 2678 una
1162 2612 1251 2692 mihi,
1274 2633 1378 2696 neque
1402 2612 1511 2676 eadem
1530 2611 1712 2677 admittitur
1735 2611 1817 2676 ratio

273 2711 344 2782 οὐδὲ
367 2718 422 2781 τὸν
447 2716 540 2780 αὑτὸν
564 2707 804 2802 καταλαμθοίνω
828 2723 891 2778 τῶν
916 2737 1022 2801 σωμα-
1075 2741 1246 2804 corporeae
1277 2719 1508 2805 aegritudiuis;
1539 2718 1593 2784 sed
1626 2719 1817 2804 quandoque

272 2833 368 2888 τικῶν
393 2820 661 2912 ἀρρωστημάτων·
685 2824 756 2883 ἀλλ’
775 2821 829 2883 ὅτε
854 2810 892 2884 δι’
917 2819 1020 2892 ἄλλων
1074 2835 1208 2914 propter
1230 2829 1351 2895 variam
1368 2851 1495 2894 causam
1512 2832 1568 2894 aut
1587 2827 1673 2893 Deus
1690 2828 1820 2912 permit·

275 2935 387 3009 αἰτίαν,
413 2929 432 3004 ἢ
458 2941 693 3022 συγχωροῦντος
717 2939 772 2994 τοῦ
796 2934 877 2994 Θεοῦ
901 2927 920 3001 ἢ
947 2929 1022 2994 ἑπά·
1075 2941 1124 3004 tat
1147 2938 1275 3003 morbos
1306 2941 1363 3002 ιιιι
1393 2937 1558 3001 immittat.
1581 2934 1644 3001 Vel
1674 2935 1759 3001 enim
1783 2939 1820 3000 ut

272 3063 383 3132 γσντσς
407 3037 449 3104 τά
464 3037 562 3110 πάθαν
580 3037 599 3109 θ
618 3035 678 3126 γάρ
696 3039 745 3100 ἵνα
762 3026 880 3111 θίαανθς
896 3061 944 3112 τις
967 3035 1020 3118 ὢν,
1074 3044 1146 3129 quis
1154 3047 1261 3130 justus
1272 3065 1372 3128 quum
1384 3043 1493 3124 sitite
1505 3045 1658 3127 appareat
1671 3047 1704 3108 et
1716 3043 1820 3126 splen-

272 3150 413 3234 άναφανῇ
432 3145 486 3209 καὶ
503 3143 673 3234 άναλάρνθῃ
691 3145 716 3232 ⁴)
734 3150 773 3220 (νς
790 3136 871 3228 Ὶθνθ,
895 3146 968 3234 αρθς
987 3145 1019 3208 θα
1075 3155 1158 3235 deat,
1175 3153 1258 3221 siout
1271 3153 1345 3232 deb,
1363 3153 1414 3217 eui
1431 3151 1527 3231 Deua,
1544 3151 1635 3236 quasi
1658 3173 1731 3216 eum
1754 3151 1820 3215 viu·

271 3257 393 3344 εἴρηται
415 3253 500 3344 παρά
525 3263 579 3318 τσῦ
604 3261 694 3330 Θτσῦ,
717 3251 779 3318 οἷον
803 3256 1022 3344 άτωλωγσυμὲ-
1074 3262 1182 3328 dicans
1205 3264 1238 3327 et
1256 3281 1436 3346 proponens
1461 3282 1517 3326 eur
1540 3280 1612 3324 eum
1635 3256 1818 3337 tentaverit,

270 3385 334 3425 νου·
352 3362 404 3426 καὶ
422 3361 480 3432 τὴν
499 3363 601 3426 αἰτίαν
618 3371 833 3450 παριστῶντσς
851 3351 889 3426 θί
907 3361 945 3433 u
962 3385 1021 3425 τά·
1075 3369 1154 3434 haee
1177 3367 1275 3433 verba
1298 3367 1460 3450 loquitur:
1489 3364 1660 3431 “Putasne
1687 3387 1738 3430 me
1761 3363 1819 3429 ali·

274 3457 381 3558 ρσθόθτι
407 3477 453 3550 τῷ
469 3477 640 3556 πειρασμῷ·
660 3471 725 3533 Οἴει
742 3491 781 3557 μα
796 3469 819 3552 ⁶)
844 3467 947 3544 άλλως
973 3491 1021 3532 σαν
1075 3480 1126 3540 ter
1134 3475 1292 3558 judicasse
1304 3495 1400 3557 quom
1414 3478 1449 3537 ut
1461 3472 1569 3557 justus
1586 3471 1813 3549 ostendarist„

272 3577 540 3667 κεχρηματικέναι
560 3577 579 3648 ἢ
599 3579 647 3642 ίνα
664 3577 824 3666 ἀναφάνῃς
842 3569 980 3655 δίκαιος;
999 3578 1018 3650 ἢ
1074 3581 1137 3646 Vel
1159 3603 1196 3646 eo
1219 3584 1342 3665 spectat
1370 3580 1614 3645 tribulationum
1647 3577 1819 3644 tolerantia

273 3689 322 3750 ἵνα
340 3680 392 3752 διὰ
404 3697 462 3762 τῆς
478 3691 636 3775 ὑπομονῆς
651 3695 714 3751 τῶν
731 3683 867 3774 θλίψεων
880 3681 1018 3772 κὰξιωθῇ
1074 3695 1112 3755 ιιι
1134 3689 1205 3774 quie
1219 3689 1254 3752 in
1270 3689 1380 3752 futuro
1396 3687 1521 3753 saeculo
1537 3687 1676 3772 gaudeat
1692 3685 1817 3764 eulatie,

275 3805 332 3869 τῆς
349 3798 380 3859 ἑν
397 3803 442 3876 τῷ
461 3795 611 3882 μέλλοντι
628 3799 714 3858 αἰῶνι
729 3795 967 3884 παρακλήσεως,
981 3801 1021 3868 ὡς
1076 3799 1124 3864 uti
1147 3799 1296 3876 Lazarus,
1318 3797 1356 3862 de
1379 3819 1442 3880 quo
1467 3797 1512 3862 ait
1535 3795 1710 3875 Abraham,
1734 3792 1818 3878 quod

272 3907 288 3966 ὁ
313 3897 451 3993 Λάζαρος
475 3902 546 3993 περὶ
568 3899 603 3967 οὗ
634 3904 727 3992 φησιν
751 3897 945 3992 Ἀθραίιμΰρ,
971 3905 1021 3967 ὅτι
1075 3907 1160 3973 mala
1175 3907 1296 3990 reoepit
1312 3905 1346 3970 in
1361 3905 1427 3970 vita
1439 3926 1506 3984 sua,
1519 3904 1652 3989 ideoque
1668 3901 1817 3967 solatium

273 4005 415 4077 ἀπέλαθε
438 4011 480 4076 τὰ
506 4012 590 4076 κακαὶ
613 4016 644 4078 ἐν
669 4023 709 4097 τῇ
736 4006 800 4097 ζωῇ
835 4016 948 4094 αὐτοῦ,
973 4005 1021 4078 διὸ
1075 4017 1128 4083 hie
1150 4016 1264 4094 babet;
1289 4014 1339 4080 rel
1355 4017 1392 4078 ut
1408 4013 1523 4098 aliquis
1542 4016 1698 4096 peccator,
1723 4030 1818 4092 quem

271 4112 333 4184 ὧδε
355 4122 596 4210 παρακαλεῖται·
614 4120 633 4188 ἢ
652 4122 701 4183 ἵνα
725 4123 757 4184 ἐν
779 4121 946 4210 ἁμαρτίαις
971 4145 1019 4196 τις
1075 4123 1192 4210 vulgus
1215 4124 1361 4208 ignorat,
1388 4125 1544 4206 arguatur
1567 4142 1625 4205 per
1650 4117 1819 4183 infirmita-

273 4227 326 4305 dv,
344 4225 397 4292 καὶ
413 4225 624 4311 λαννθαθννων’7),
643 4226 715 4303 τνθς
731 4226 865 4302 πολλοὺς
883 4226 1019 4318 ἐλεγχθῇ
1075 4238 1157 4312 tem,
1181 4253 1245 4316 quo
1275 4252 1368 4296 sensu
1395 4227 1570 4313 Apostolus
1601 4225 1698 4290 dixit:
1726 4223 1818 4299 “Qui

273 4329 324 4402 θιά
347 4347 406 4412 τῆς
431 4338 614 4426 ἀρρωστίας,
639 4335 724 4400 αατά
747 4337 785 4400 αθ
805 4345 860 4400 τσῦ
885 4335 1022 4399 άπσστθ·
1076 4341 1246 4406 manducat
1262 4343 1294 4404 et
1306 4338 1389 4402 bibit
1400 4336 1528 4421 injuste,
1541 4335 1574 4400 in
1587 4333 1742 4418 judicium
1757 4330 1818 4396 sibi

272 4450 329 4511 λου
362 4445 540 4536 εἰρημένον·
564 4445 600 4509 ‘0
615 4443 641 4529 ⁸)
664 4443 725 4535 γὰρ
749 4443 858 4509 ἐσθίων
892 4443 946 4508 καὶ
968 4445 1021 4508 πί·
1076 4448 1301 4513 manducabat
1324 4444 1415 4509 bibit.
1438 4435 1818 4508 Ideointerrosmulti

274 4583 332 4622 νων
357 4551 505 4636 ἀναξίως,
531 4562 572 4632 είς
596 4566 692 4646 κρῖμα
720 4559 822 4636 ἑαυτῷ
853 4552 945 4618 ἐσθίει
969 4554 1023 4617 καὶ
1075 4555 1193 4620 infirmi
1224 4557 1257 4620 et
1279 4550 1472 4629 imbecilles,
1500 4553 1533 4614 et
1562 4547 1725 4613 dormiunt
1754 4565 1818 4610 non

313 4797 335 4869 ¹)
349 4796 396 4852 Ex
409 4786 492 4851 dodd.
505 4791 599 4849 Vatia.
613 4791 684 4848 1808
693 4793 713 4848 f.
725 4793 787 4862 141,
798 4791 869 4848 2011
882 4791 1020 4859 4152σῆ
1077 4791 1164 4860 φήτοο.

273 4885 347 4942 2024
364 4885 385 4941 ι’.
403 4885 448 4953 85,
468 4883 621 4939 Barberin.
634 4883 686 4953 1v,
698 4883 734 4938 58
753 4883 829 4940 oiroa
846 4883 944 4938 finem.
964 4883 1021 4937 Va·
1109 4878 1132 4949 ³)
1151 4891 1183 4932 1v
1201 4875 1282 4946 Reg..
1290 4889 1339 4945 xx,
1353 4874 1380 4942 7,
1395 4869 1501 4928 deinde
1514 4885 1537 4926 11
1550 4866 1679 4941 Paralip.
1692 4883 1754 4937 xvr,
1776 4866 1818 4922 12.

272 4975 364 5032 ticeni
384 4992 422 5030 ex
440 4973 545 5030 eodem
558 4972 640 5029 fonte
654 4972 709 5028 sub
722 4991 801 5028 num.
815 4987 897 5042 coar,
911 4971 1021 5026 Barbo-
1108 4969 1131 5040 ⁴)
1151 4969 1183 5022 B.
1203 4967 1333 5036 διαλάμψῃ
1355 4968 1386 5024 ὡς
1408 4966 1419 5015 t
1438 4959 1506 5018 ’1ώᾶ

271 5065 356 5122 rinus
376 5081 414 5121 ex
432 5063 491 5119 alio
511 5061 593 5118 fonte
607 5063 663 5118 sub
676 5080 756 5118 num.
776 5076 929 5118 coenum
948 5064 1022 5116 Bre·
1109 5058 1131 5130 ⁵)
1151 5057 1172 5114 J
1174 5055 1219 5111 ob.
1237 5070 1286 5123 xa,
1307 5055 1325 5108 3
1343 5071 1381 5109 ex
1399 5067 1467 5108 axx.

270 5156 582 5227 vierumrepularum.
593 5151 637 5208 cf.
647 5153 754 5224 Regul.
765 5151 868 5208 fusior.
879 5151 961 5222 uv(t.
974 5165 1019 5205 111.
1109 5147 1121 5182 ⁶
1152 5146 1214 5200 Luo
1233 5159 1295 5214 aul,
1313 5143 1358 5198 20.

272 5243 345 5316 Opp.
365 5244 478 5298 Petrei.
497 5257 571 5296 xxxi
590 5242 645 5298 eol.
664 5241 839 5313 1045-1052).
1108 5149 1132 5310 θ
1149 5237 1184 5292 B.
1203 5239 1320 5306 λανθάνῃ.

309 5329 334 5406 ¹)
353 5331 473 5387 Barber.
493 5335 649 5404 θιαπριποθς.
668 5331 739 5386 Mox
758 5347 814 5385 om.
834 5335 875 5381 διὰ
895 5332 937 5381 τεῦ
961 5349 1022 5400 προ·
1109 5327 1132 5400 ⁸)
1151 5341 1162 5382 1
1182 5326 1246 5382 Cor.
1266 5339 1307 5394 xi,
1325 5322 1370 5393 30,
1390 5321 1434 5378 32.
