3978 6070
358 563 431 646 Gur
448 551 562 644 lumen
580 562 690 643 simile
706 563 804 660 iridi,
824 562 1011 659 columnae,
1031 548 1121 661 ἰίμκο
1139 557 1333 640 transverso
1351 549 1532 640 triremis?
1684 557 1721 630 δέ

171 740 230 836 γάρ
255 739 317 808 οἷον
341 743 440 826 κίονα,
460 741 589 832 φανερόν
613 745 647 806 ἐκ
671 751 733 806 τῶν
758 741 938 832 εἰρημένων,
955 745 995 814 ὡς
1013 739 1083 829 ούχί
1107 738 1272 830 σχήματός
1297 743 1381 805 ἐστιν
1406 742 1611 831 σημαντικόν,
1637 739 1721 806 ἀλλά

172 861 230 926 τῆς
255 852 386 943 μονίμου
403 850 457 917 καί
474 855 616 928 ἀκλινοῦς
635 842 777 940 ἱδρύσεως
794 841 983 940 ἑδραζούσης
1000 846 1041 912 τά
1058 847 1225 938 κινούμενα
1241 851 1272 913 ἑν
1293 851 1386 934 αὑτῇ,
1406 847 1548 938 καθάπερ
1573 853 1601 913 οἰ
1623 848 1723 923 κίονες

171 951 262 1048 ἕδραν
286 957 478 1048 παρέχονται
498 969 563 1036 τοῖς
579 961 626 1024 ἐπ’
645 961 747 1024 αὑτῶν
764 957 913 1048 κειμένοις
932 960 1069 1047 ἀσφαλῆ.
1088 963 1114 1021 Τ
1116 957 1132 1021 6
1148 955 1209 1049 γάρ
1226 949 1405 1036 ὑπολαύεῒν,
1422 963 1462 1034 ώς
1478 967 1541 1022 τῶν
1556 957 1616 1048 πρό
1632 961 1722 1045 ἡμῶν

172 1091 262 1147 τινες,
279 1065 334 1130 τόν
348 1059 442 1144 ἄξονα
454 1065 600 1156 λέγεσθαι
616 1065 653 1130 τό
671 1074 744 1154 φῶς,
760 1064 814 1129 καί
831 1057 883 1130 διά
899 1075 994 1129 τοῦτο
1007 1065 1086 1130 κίονι
1098 1059 1366 1155 προσεικάζεσθαι,
1379 1066 1582 1132 παντάπασιν
1596 1063 1724 1130 ἄτοπον·

134 1207 146 1244 ι
172 1184 261 1240 ποῖον
277 1171 336 1265 γάρ
353 1183 415 1264 φῶς
431 1178 447 1237 6
465 1167 562 1252 ἄξων;
579 1173 598 1246 ἢ
616 1184 680 1250 πῶς
696 1174 913 1265 λαμπρότερον
931 1174 997 1263 ἔχει
1011 1183 1124 1265 χρῶμα
1142 1185 1200 1251 τῆς
1217 1165 1322 1265 ίριδος,
1340 1167 1468 1266 δύναμις
1486 1173 1653 1266 ἀσώματος
1670 1172 1722 1239 ών·

173 1282 247 1372 πρδς
270 1291 317 1366 τῷ
341 1282 394 1346 καί
411 1282 518 1372 μικρὸν
538 1283 677 1372 ὕστερον,
700 1281 870 1354 ἄλακάτην
895 1290 999 1370 σαφῶς
1023 1275 1230 1372 ὀνομάζεσθαι
1253 1281 1308 1348 τόν
1332 1286 1385 1347 ὑπ’
1409 1284 1530 1348 ἐκείνων
1554 1282 1724 1373 λεγόμενον

174 1383 287 1470 ἄξωνα·
299 1389 500 1464 πεπλάνηκεν
515 1380 548 1456 δὲ
561 1389 672 1465 αύτούς
685 1392 756 1466 ἴσως
768 1393 784 1454 6
798 1388 883 1479 παρά
895 1389 975 1479 Ὁμιό
981 1415 1022 1480 ρῳ
1034 1389 1367 1480 καλούμενοςἊτλας,
1379 1401 1441 1456 τῶν
1454 1391 1563 1456 κιόνων
1576 1390 1678 1480 ἄρχων
1690 1386 1726 1472 ¹),

589 1559 621 1618 αἰ
643 1552 737 1645 γαῖάν
761 1577 798 1618 τε
822 1553 876 1618 καί
899 1551 1026 1642 ούρανδν
1051 1551 1146 1642 ἀμφίς
1171 1552 1312 1642 ἔχουσιν·

174 1714 431 1806 ὁμολογουμένως
455 1718 519 1782 ἐκεῖ
542 1725 604 1780 τῶν
628 1716 738 1780 κιόνων
766 1715 838 1792 τούς
864 1725 926 1781 τῶν
957 1716 1114 1780 παντοίων
1147 1723 1317 1805 περιφορῶν
1348 1707 1459 1793 ἄξονας
1491 1714 1723 1804 αἰνισσομένων.

123 1851 149 1888 ιο
176 1827 266 1888 Ἀλλ’
290 1821 424 1888 Ιενταῦθα
439 1833 505 1899 τοῖς
522 1823 630 1899 ἄλλοις
655 1826 688 1889 ού
706 1814 832 1908 συνᾴδει
849 1834 914 1900 τοῖς
931 1823 1073 1914 περὶτοῦ
1097 1823 1199 1913 φωτός
1224 1822 1399 1911 εἰρημένοις
1421 1828 1440 1897 ἠ
1466 1823 1598 1896 τοιαύτη
1624 1823 1728 1913 παρά-

176 1923 270 2014 δοσις,
294 1929 359 1996 ἐπεὶ
382 1931 436 1996 καί
459 1929 544 2021 παρά
566 1941 612 2015 τῷ
630 1933 753 2022 Τιμαίῳ
770 1922 822 1996 διά
838 1931 956 2007 παντός
973 1931 1028 2020 μὲν
1045 1930 1215 2020 τεταμένος
1231 1933 1354 2021 εἴρηται
1376 1930 1473 2007 πόλος
1497 1934 1513 1993 6
1537 1923 1631 2016 ἄξων,
1655 1933 1726 1998 οὑτε

177 2029 210 2104 δὲ
232 2049 346 2130 χρῶμα
369 2041 450 2130 ἔχων

176 2255 201 2321 f.
227 2257 300 2334 137,
326 2257 345 2321 5
370 2279 482 2323 versus
497 2257 658 2324 intercisi:
685 2255 776 2323 ...τό
792 2265 865 2346 φῶς,
880 2265 945 2331 πῶς
969 2253 1148 2346 γάρ...ται
1171 2253 1313 2345 καθάπερ
1330 2255 1435 2344 φησίν,
1453 2245 1522 2320 οὑδὲ
1545 2252 1605 2345 γάρ
1629 2255 1727 2331 οὑτως

179 2351 369 2453 ...[δε]σμός
385 2365 469 2427 ἐστιν
487 2366 615 2453 ούρανοῦ
632 2365 685 2429 καί
701 2375 761 2455 γῆς
777 2370 817 2441 ὡς
833 2367 864 2430 ἐν
882 2369 966 2454 μέσῳ
982 2365 1155 2453 τεταμένον
1172 2367 1298 2453 ἀμφοῖν,
1315 2363 1368 2428 καί
1383 2360 1425 2427 τά
1442 2362 1497 2452 μὲν
1515 2361 1595 2453 ἄκρα
1608 2357 1726 2452 ἔχειν’)

124 2495 151 2533 ιι
177 2461 375 2559 ἐξηρτημένα
387 2481 443 2536 τοῦ
456 2474 594 2563 ούρανοῦ,
608 2471 650 2536 τά
664 2464 698 2538 δὲ
709 2471 832 2562 πέρατα
844 2471 1044 2537 συνάπτοντα
1057 2471 1131 2560 πρὸς
1144 2470 1204 2542 τὴν
1221 2480 1292 2559 γῆν·
1312 2459 1382 2534 οὑδὲ
1394 2467 1454 2561 γάρ
1468 2467 1505 2534 ἄν
1521 2470 1569 2533 ἔτι
1586 2467 1726 2558 συνέχειν

142 2639 145 2646 ,
178 2579 304 2670 ἐλέγετο
327 2578 387 2652 τὴν
411 2591 466 2645 τοῦ
490 2585 619 2670 ούρανοῦ
643 2589 746 2646 πᾶσαν
762 2580 942 2670 περιφοράν,
960 2577 1045 2644 ἀλλά
1061 2576 1103 2642 τά
1127 2582 1248 2667 ὁρῶντα
1272 2575 1356 2641 κατά
1381 2577 1474 2665 μέσον
1499 2575 1578 2641 ὄντα
1602 2577 1640 2640 τό
1664 2585 1726 2664 φῶς

177 2683 294 2750 ἄνωθεν
318 2689 427 2772 ἐκεῖνο,
453 2689 515 2754 ἀπό
538 2700 596 2765 τῆς
620 2687 716 2779 ἄκρας
737 2680 845 2778 ἀφῖδος
861 2698 917 2754 τοῦ
934 2693 1062 2778 ούρανοῦ
1078 2685 1265 2774 τεταμένον,
1281 2685 1335 2760 ἕως
1352 2694 1407 2748 τοῦ
1424 2685 1552 2772 κέντρου
1577 2692 1635 2758 τῆς
1658 2693 1727 2774 γῆς,

177 2793 274 2869 οὑτως
298 2792 340 2859 τά
362 2795 485 2884 πέρατα
506 2797 603 2861 ἀὑτοῦ
628 2795 745 2861 ἄνωθεν
768 2795 900 2886 ἠρμένα,
924 2793 1004 2885 ἑώρα
1030 2793 1111 2860 αὑτά
1133 2794 1343 2886 περιεχόμενα
1360 2796 1391 2858 ἐν
1416 2789 1668 2876 αύτῷκάτωθέν
1692 2813 1728 2856 τε

177 2900 231 2966 καί
254 2900 381 2969 ἀνωθεν.
406 2903 468 2968 Καὶ
490 2906 593 2968 τοίνυν
618 2905 672 2969 καὶ
695 2914 759 2979 τοῖς
776 2898 977 2993 ὑποζώμασιν
1003 2897 1164 2980 εἰκάζεται
1186 2913 1249 2968 τῶν
1274 2903 1419 2992 τριήρων,
1443 2906 1483 2977 ὡς
1507 2893 1539 2978 ἐξ
1563 2903 1662 2989 ἀρχῆς
1687 2903 1729 2974 εἰς

123 3035 151 3070 ιο
178 3010 267 3086 τέλος
292 3001 454 3077 διατεῖνον.
479 3012 540 3076 Καὶ
563 3010 624 3103 γάρ
648 3011 689 3078 τά
706 3005 902 3102 ὑποζώματα
917 3013 941 3096 ³)
966 3011 1007 3076 τά
1025 3006 1103 3091 ξύλα
1123 3012 1207 3078 ἐστὶν
1231 3016 1267 3077 ἑκ
1290 3010 1430 3101 πρύμνης
1446 3014 1486 3085 εἰς
1509 3007 1635 3098 πρώραν
1660 2998 1731 3081 διιό-

82 3162 89 3174 ·
177 3142 287 3186 κοντα.
312 3125 413 3184 Τοῦτο
437 3113 490 3185 οὑν
514 3121 568 3185 καί
591 3125 607 3184 6
633 3120 726 3208 μῦθος
750 3112 992 3210 ἐνδεικνύμενος,
1010 3123 1061 3186 ότι
1077 3120 1210 3211 ἄρχεταί
1232 3144 1270 3185 τε
1294 3120 1356 3183 ἀπὸ
1373 3128 1431 3194 τῆς
1455 3110 1513 3194 ἔξω
1536 3116 1731 3205 περιφερείας

177 3225 215 3289 τδ
239 3224 312 3314 φώς,
335 3228 389 3290 καί
412 3229 485 3292 ὅλον
510 3219 700 3317 ὑποδέχεται
723 3229 778 3294 τόν
802 3229 919 3318 κόσμον
944 3229 998 3292 καί
1022 3229 1142 3318 συνέχει
1166 3233 1197 3294 ἐν
1222 3231 1318 3311 αύτῷ,
1346 3236 1412 3301 τοῖς
1440 3217 1641 3314 ὑποζώμαοιν
1665 3232 1729 3288 τῶν

177 3334 311 3424 τριήρων
336 3335 413 3400 αὑτό
437 3338 607 3425 ὡμοίωσεν,
628 3337 752 3427 μήποτε
769 3327 803 3402 δέ
818 3337 871 3401 καί
887 3325 1036 3412 ὡσαύτως
1053 3329 1197 3419 έπέὺαλε,
1214 3335 1370 3424 τριήρεσιν
1391 3334 1540 3398 ἀπείκασε
1564 3329 1624 3405 τὴν
1644 3353 1731 3419 περι-

178 3440 274 3531 φοράν
298 3443 358 3507 ὑπό
381 3452 444 3508 τῶν
468 3454 562 3534 τριῶν
588 3441 650 3509 οἷον
667 3445 873 3534 έρεττομένην
891 3453 1016 3534 μοιρῶν,
1034 3445 1087 3508 καὶ
1103 3445 1185 3509 οὑτω
1201 3445 1238 3508 τό
1255 3453 1317 3532 φῶς
1334 3446 1500 3532 ἀναλογεῖν
1517 3438 1584 3516 ἔθος
1603 3440 1641 3504 τό
1665 3449 1730 3515 τοῖς

124 3566 152 3603 2⁵
178 3542 363 3638 ὑποζώμασι
385 3560 448 3616 τῶν
473 3552 543 3641 τριιί
550 3577 619 3642 ρων.
636 3551 697 3616 Καί
713 3556 784 3641 ὁρᾷς
808 3553 858 3618 ὅτι
874 3551 972 3642 τρισίν
989 3553 1150 3643 ἐχρήσατο
1166 3562 1221 3617 τοῦ
1238 3551 1339 3640 φωτός
1356 3549 1481 3633 εἰκόσιν,
1504 3558 1550 3631 τῷ
1574 3549 1665 3632 κίονι,
1688 3557 1729 3634 τῇ

171 3648 261 3746 ίριδι,
285 3668 351 3733 τοῖς
374 3653 570 3748 ὑποζώμασι,
594 3651 634 3725 δι’
659 3654 701 3724 ὧν
726 3652 882 3734 ἐδήλωσεν
906 3661 956 3725 ότι
980 3651 1112 3750 ἕδραιον,
1137 3661 1186 3725 ότι
1210 3660 1334 3749 όρατδν,
1358 3659 1408 3722 ότι
1432 3659 1505 3722 ὅλου
1530 3666 1585 3722 τοῦ
1609 3655 1729 3744 κόσμου

180 3765 373 3831 συνεκτικόν·
399 3764 419 3830 ἀ
443 3758 481 3839 δὴ
507 3766 614 3832 πάντα
639 3761 804 3832 συλλαὺών
828 3769 911 3858 ἔχεις
935 3767 991 3844 τάς
1017 3760 1179 3844 ἰδιότητας
1202 3776 1257 3833 τοῦ
1281 3775 1434 3856 κοσμικοῦ

178 3984 202 4048 f.
221 3986 283 4050 137
302 4008 333 4050 v.
349 3984 467 4052 lacuna
484 3987 505 4051 4
520 4008 622 4053 νοτες
647 3985 871 4068 ...κοινωνίαν,
887 3985 942 4050 καί
957 3984 1017 4057 τὴν
1029 4038 1035 4052 .
1047 4035 1074 4052 ..
1092 3982 1193 4049 κοινόν
1211 3981 1266 4073 μέν
1283 3980 1355 4072 γάρ,
1375 3979 1413 4044 τό
1437 3977 1560 4069 ὁρατόν·
1586 3968 1730 4067 διάφορον

179 4091 284 4158 ...τό
309 4089 459 4164 ἀκίνητον
483 4101 546 4156 τῶν
571 4092 677 4158 ἄλλων
701 4093 900 4184 κινουμένων,
917 4093 1060 4183 ὑπερέχει
1081 4083 1114 4157 δὲ
1138 4097 1178 4167 ὡς
1203 4099 1339 4180 συνεχῶν
1363 4097 1427 4154 τῶν
1451 4093 1502 4153 ὑπ’
1528 4089 1624 4152 αὑτοῦ
1649 4107 1735 4150 συνε-

125 4225 153 4262 νο
178 4199 329 4289 χομένων·
343 4211 438 4267 τοῦτο
452 4225 505 4289 μοι
522 4191 608 4267 δοκεῖ
619 4200 661 4267 τά
673 4203 767 4295 λόγια
781 4203 884 4294 λέγειν
897 4202 935 4268 τδ
953 4212 1025 4292 φῶς,
1038 4202 1132 4274 ἡνίκα
1145 4199 1181 4266 ἄν
1196 4190 1388 4266 διδάσκοντα
1400 4197 1471 4288 περὶ
1486 4205 1544 4271 τῆς
1562 4191 1731 4284 ὑνχώσεως

177 4306 216 4380 ἄν
240 4307 328 4400 πηγὴ
355 4319 418 4374 τῶν
442 4305 549 4400 ψυχῶν
574 4309 616 4375 τά
639 4310 746 4376 πάντα
769 4307 874 4401 ψυχοί,
898 4307 977 4400 λέγῃ
994 4309 1032 4398 ⁴)·

514 4467 676 4560 Δεξιτερῆς
700 4473 755 4563 μέν
779 4471 839 4566 γάρ
862 4477 996 4567 λαγόνος
1020 4477 1226 4568 περιχᾶραμα
1248 4466 1391 4565 χόνδρον,

515 4579 622 4656 Πολλὴ
649 4571 729 4653 ἅδην
754 4576 860 4668 βλύξει
882 4581 983 4676 ψυχῆς
1007 4577 1097 4661 λιύάς
1122 4582 1356 4690 ἀρχιγενέθλσυ,

510 4680 631 4779 Ἀρδην
655 4685 829 4780 ὲνὺυχοῦσα
853 4692 928 4780 φάος
951 4704 1021 4783 πῦρ,
1047 4691 1164 4784 αἰθέρα,
1187 4691 1334 4782 κόσμους.

218 4879 241 4953 ι)
263 4880 367 4954 odyss.
386 4881 422 4950 A»
443 4881 487 4938 54·
506 4881 602 4940 Paulo
615 4881 715 4940 nister:
735 4885 837 4953 ...ἷχιι
856 4885 884 4938 δι’
901 4907 927 4940 τι
980 4893 1069 4961 κυρτῆς
1089 4890 1231 4960 ἐπιφανείας
1251 4885 1294 4940 τοὺ
1307 4883 1416 4957 σύρανοὺ,
1431 4887 1473 4936 τόν
1487 4884 1542 4936 όλον
1561 4880 1655 4950 κόσμον
1675 4877 1730 4931 ἀνί·

180 4974 262 5034 κίδίας
282 4974 354 5034 αὑτός
367 4975 480 5046 Μακρὰς,
494 4978 521 5027 αἶ
534 4979 610 5048 ’γαῖάν
624 4996 650 5027 τι
668 4982 710 5028 καί
730 4973 828 5046 ὑὺρανύν
848 4979 928 5049 ἀμφίς
981 4999 1077 5048 χουσαι·
1097 4982 1168 5032 τοῦτσ
1187 4983 1237 5050 γὰρ
1257 4981 1284 5030 τὸ
1304 4979 1428 5029 τετάσθαι.

181 5057 284 5127 ἶόΜΝ·
1016 5073 1039 5145 ³)
1058 5071 1094 5126 In
1112 5066 1261 5140 margine:
1282 5071 1385 5120 Μᾶλλον
1399 5068 1469 5118 δοκεῖ
1478 5064 1559 5136 λέγειν
1572 5061 1731 5130 ὑποζώματα

216 5149 239 5222 ²)
258 5150 294 5206 In
313 5150 452 5209 inferiore
471 5149 534 5209 cod.
548 5151 699 5225 margine}
714 5153 757 5206 Ἐκ
771 5157 813 5208 τοὺ
829 5157 929 5228 οὑροινσὺ
981 5167 1014 5213 τὰ
1024 5165 1083 5230 πρός
1097 5159 1167 5229 όρὺὰς
1181 5159 1213 5226 τῇ
1224 5156 1321 5226 τρόπιδι
1334 5155 1404 5222 ξύλα,
1418 5159 1451 5206 τά
1462 5152 1596 5220 συνέχοντα
1609 5154 1652 5210 τάς
1667 5169 1731 5219 συμ·

180 5245 214 5292 τὰ
233 5243 298 5312 ἀκρα
311 5241 386 5294 αὑτοῦ
400 5246 450 5294 τῶν
463 5246 561 5313 δεσμῶν
574 5244 705 5314 τεταμένα·
718 5249 804 5316 δεσμοί
823 5250 867 5317 μέν
886 5251 929 5300 τοὺ
983 5247 1123 5319 πληρούσας
1142 5249 1170 5298 τό
1191 5243 1261 5304 κύτος
1281 5247 1325 5304 τῆς
1345 5247 1403 5302 νεώς
1424 5242 1534 5302 σανίδας.

183 5333 263 5399 φωτός
282 5327 393 5402 λέγοιντο
412 5331 450 5398 ἄν,
463 5336 490 5385 αἰ
503 5340 643 5386 συνικτικαί
656 5334 730 5387 αὑτοῦ
747 5339 871 5406 δυνάμιος,
890 5337 931 5389 λί-
1018 5339 1041 5410 ⁴)
1060 5337 1101 5393 Et
1118 5335 1193 5392 haee
1212 5332 1321 5390 iterum
1338 5347 1417 5390 nova
1429 5327 1505 5388 adde
1526 5327 1665 5387 oraculis
1683 5323 1732 5380 de-

182 5438 254 5490 im‘
273 5425 322 5492 7⁶?
342 5419 449 5488 wizai
461 5427 503 5475 τόν
517 5421 625 5492 οὔρειόν·
639 5427 705 5496 ἄκρα
718 5429 743 5477 δί
764 5429 812 5478 τῶν
832 5431 929 5497 δεσμῶν
985 5445 1049 5484 οειιι
1069 5443 1160 5498 supra
1178 5425 1306 5481 ὑιιοειιίιι
1331 5441 1407 5496 quae
1427 5439 1522 5494 nuper
1542 5412 1731 5476 Hendessius

181 5513 208 5561 αἰ
228 5511 366 5582 ἀκρόταται
378 5518 421 5566 καί
434 5514 573 5584 πρώτιστοι
588 5521 630 5568 καί
643 5513 690 5568 οἷον
710 5511 736 5567 ἰκ
755 5517 867 5586 πρύμνης
887 5522 931 5578 τῆς
985 5513 1181 5586 undequaque
1201 5508 1335 5568 corrasit.
1355 5509 1424 5567 006.
1444 5508 1520 5581 legib
1538 5507 1653 5578 κόνδρων.
