<?xml version="1.0" encoding="UTF-8"?>
<!DOCTYPE html PUBLIC "-//W3C//DTD XHTML 1.0 Transitional//EN"
    "http://www.w3.org/TR/xhtml1/DTD/xhtml1-transitional.dtd">
<html xmlns="http://www.w3.org/1999/xhtml" xml:lang="en" lang="en">
 <head>
  <title>
</title>
<meta http-equiv="Content-Type" content="text/html;charset=utf-8" />
  <meta name='ocr-system' content='tesseract 3.04.00' />
  <meta name='ocr-capabilities' content='ocr_page ocr_carea ocr_par ocr_line ocrx_word'/>
</head>
<body>
  <div class='ocr_page' id='page_1' title='image "./analectasacrasp02pitrgoog_0504.png"; bbox 0 0 3944 6074; ppageno 0'>
   <div class='ocr_carea' id='block_1_1' title="bbox 808 573 997 648">
    <p class='ocr_par' dir='ltr' id='par_1_1' title="bbox 808 573 997 648">
     <span class='ocr_line' id='line_1_1' title="bbox 808 573 997 648; baseline 0.011 -2"><span class='ocrx_word' id='word_1_1' title='bbox 808 573 901 648; x_wconf 80' lang='lat' dir='ltr'><strong><em>Pars</em></strong></span> <span class='ocrx_word' id='word_1_2' title='bbox 929 576 951 647; x_wconf 90' lang='lat'><strong><em>1</em></strong></span> <span class='ocrx_word' id='word_1_3' title='bbox 960 573 997 648; x_wconf 87' lang='lat' dir='ltr'>V.</span> 
     </span>
    </p>
   </div>
   <div class='ocr_carea' id='block_1_2' title="bbox 129 736 881 2576">
    <p class='ocr_par' dir='ltr' id='par_1_2' title="bbox 129 736 881 1597">
     <span class='ocr_line' id='line_1_2' title="bbox 132 736 881 838; baseline 0 -28"><span class='ocrx_word' id='word_1_4' title='bbox 132 743 216 810; x_wconf 82' lang='grc' dir='ltr'>ἀλλά</span> <span class='ocrx_word' id='word_1_5' title='bbox 240 745 293 810; x_wconf 83' lang='grc' dir='ltr'>καί</span> <span class='ocrx_word' id='word_1_6' title='bbox 310 746 471 823; x_wconf 78' lang='grc' dir='ltr'>αλλήλοις,</span> <span class='ocrx_word' id='word_1_7' title='bbox 489 739 513 832; x_wconf 85' lang='grc' dir='ltr'><em>ᾧ</em></span> <span class='ocrx_word' id='word_1_8' title='bbox 538 745 591 812; x_wconf 84' lang='grc' dir='ltr'>καὶ</span> <span class='ocrx_word' id='word_1_9' title='bbox 615 736 712 820; x_wconf 74' lang='grc' dir='ltr'>δῆλον</span> <span class='ocrx_word' id='word_1_10' title='bbox 737 747 786 812; x_wconf 89' lang='grc' dir='ltr'>ὄτι</span> <span class='ocrx_word' id='word_1_11' title='bbox 810 745 881 838; x_wconf 84' lang='grc' dir='ltr'>περὶ</span> 
     </span>
     <span class='ocr_line' id='line_1_3' title="bbox 131 844 879 948; baseline -0.003 -29"><span class='ocrx_word' id='word_1_12' title='bbox 131 865 193 919; x_wconf 93' lang='grc' dir='ltr'>τῶν</span> <span class='ocrx_word' id='word_1_13' title='bbox 219 854 436 944; x_wconf 77' lang='grc' dir='ltr'>μετεχομένων</span> <span class='ocrx_word' id='word_1_14' title='bbox 453 860 469 918; x_wconf 88' lang='grc' dir='ltr'>ό</span> <span class='ocrx_word' id='word_1_15' title='bbox 486 856 590 948; x_wconf 88' lang='grc' dir='ltr'>λόγος·</span> <span class='ocrx_word' id='word_1_16' title='bbox 608 847 689 920; x_wconf 90' lang='grc' dir='ltr'>διότι</span> <span class='ocrx_word' id='word_1_17' title='bbox 706 844 792 920; x_wconf 74' lang='grc' dir='ltr'>οὐδὲν</span> <span class='ocrx_word' id='word_1_18' title='bbox 816 863 879 918; x_wconf 88' lang='grc' dir='ltr'>τῶν</span> 
     </span>
     <span class='ocr_line' id='line_1_4' title="bbox 130 957 880 1056; baseline -0.001 -27"><span class='ocrx_word' id='word_1_19' title='bbox 130 957 218 1029; x_wconf 86' lang='grc' dir='ltr'>εἱδῶν</span> <span class='ocrx_word' id='word_1_20' title='bbox 235 967 391 1054; x_wconf 86' lang='grc' dir='ltr'>εἰλικρινές</span> <span class='ocrx_word' id='word_1_21' title='bbox 409 967 503 1048; x_wconf 74' lang='grc' dir='ltr'>ἐστιν,</span> <span class='ocrx_word' id='word_1_22' title='bbox 524 965 607 1032; x_wconf 75' lang='grc' dir='ltr'>ἀλλά</span> <span class='ocrx_word' id='word_1_23' title='bbox 628 965 781 1056; x_wconf 73' lang='grc' dir='ltr'>συμμιγὲς</span> <span class='ocrx_word' id='word_1_24' title='bbox 805 965 880 1055; x_wconf 82' lang='grc' dir='ltr'>πρός</span> 
     </span>
     <span class='ocr_line' id='line_1_5' title="bbox 130 1064 881 1163; baseline -0.003 -25"><span class='ocrx_word' id='word_1_25' title='bbox 130 1074 168 1138; x_wconf 83' lang='grc' dir='ltr'>τό</span> <span class='ocrx_word' id='word_1_26' title='bbox 188 1075 328 1139; x_wconf 83' lang='grc' dir='ltr'>ἐναντίον</span> <span class='ocrx_word' id='word_1_27' title='bbox 347 1064 396 1137; x_wconf 80' lang='grc' dir='ltr'>διά</span> <span class='ocrx_word' id='word_1_28' title='bbox 418 1073 477 1144; x_wconf 68' lang='grc' dir='ltr'>τὴν</span> <span class='ocrx_word' id='word_1_29' title='bbox 495 1077 704 1163; x_wconf 87' lang='grc' dir='ltr'>ὑποκειμένην</span> <span class='ocrx_word' id='word_1_30' title='bbox 721 1075 810 1151; x_wconf 83' lang='grc' dir='ltr'>ὕλην,</span> <span class='ocrx_word' id='word_1_31' title='bbox 828 1074 881 1137; x_wconf 84' lang='grc' dir='ltr'>καί</span> 
     </span>
     <span class='ocr_line' id='line_1_6' title="bbox 129 1171 879 1272; baseline -0.001 -28"><span class='ocrx_word' id='word_1_32' title='bbox 129 1182 166 1246; x_wconf 87' lang='grc' dir='ltr'>τὸ</span> <span class='ocrx_word' id='word_1_33' title='bbox 193 1171 301 1246; x_wconf 81' lang='grc' dir='ltr'>δοκοῦν</span> <span class='ocrx_word' id='word_1_34' title='bbox 319 1180 454 1246; x_wconf 78' lang='grc' dir='ltr'>ἐνταῦθα</span> <span class='ocrx_word' id='word_1_35' title='bbox 470 1184 566 1246; x_wconf 83' lang='grc' dir='ltr'>καλόν</span> <span class='ocrx_word' id='word_1_36' title='bbox 590 1183 719 1272; x_wconf 74' lang='grc' dir='ltr'>μετέχει</span> <span class='ocrx_word' id='word_1_37' title='bbox 735 1207 799 1257; x_wconf 90' lang='grc' dir='ltr'>πως</span> <span class='ocrx_word' id='word_1_38' title='bbox 824 1191 879 1244; x_wconf 79' lang='grc' dir='ltr'>τοῦ</span> 
     </span>
     <span class='ocr_line' id='line_1_7' title="bbox 130 1283 877 1381; baseline 0.003 -29"><span class='ocrx_word' id='word_1_39' title='bbox 130 1293 258 1380; x_wconf 72' lang='grc' dir='ltr'>αἰσχροῦ</span> <span class='ocrx_word' id='word_1_40' title='bbox 282 1291 389 1355; x_wconf 81' lang='grc' dir='ltr'>καὶτὸ</span> <span class='ocrx_word' id='word_1_41' title='bbox 407 1293 534 1381; x_wconf 76' lang='grc' dir='ltr'>αἰσχρόν</span> <span class='ocrx_word' id='word_1_42' title='bbox 552 1303 607 1356; x_wconf 79' lang='grc' dir='ltr'>τοῦ</span> <span class='ocrx_word' id='word_1_43' title='bbox 629 1297 736 1356; x_wconf 84' lang='grc' dir='ltr'>καλοῦ·</span> <span class='ocrx_word' id='word_1_44' title='bbox 761 1283 841 1356; x_wconf 81' lang='grc' dir='ltr'>διότι</span> <span class='ocrx_word' id='word_1_45' title='bbox 858 1298 877 1364; x_wconf 71' lang='grc' dir='ltr'>ά,</span> 
     </span>
     <span class='ocr_line' id='line_1_8' title="bbox 129 1392 880 1491; baseline -0.001 -26"><span class='ocrx_word' id='word_1_46' title='bbox 129 1405 276 1466; x_wconf 78' lang='grc' dir='ltr'>ὁποιαοῦν</span> <span class='ocrx_word' id='word_1_47' title='bbox 301 1411 356 1467; x_wconf 87' lang='grc' dir='ltr'>τοῦ</span> <span class='ocrx_word' id='word_1_48' title='bbox 382 1392 480 1477; x_wconf 81' lang='grc' dir='ltr'>εἴδους</span> <span class='ocrx_word' id='word_1_49' title='bbox 506 1395 628 1491; x_wconf 77' lang='grc' dir='ltr'><strong>μέθεξις</strong></span> <span class='ocrx_word' id='word_1_50' title='bbox 652 1402 788 1476; x_wconf 78' lang='grc' dir='ltr'>κάλλους</span> <span class='ocrx_word' id='word_1_51' title='bbox 813 1400 880 1466; x_wconf 85' lang='grc' dir='ltr'>έστ1</span> 
     </span>
     <span class='ocr_line' id='line_1_9' title="bbox 129 1511 289 1597; baseline -0.006 -24"><span class='ocrx_word' id='word_1_52' title='bbox 129 1511 289 1597; x_wconf 86' lang='grc' dir='ltr'>μετουσία.</span> 
     </span>
    </p>

    <p class='ocr_par' dir='ltr' id='par_1_3' title="bbox 129 1615 879 1926">
     <span class='ocr_line' id='line_1_10' title="bbox 176 1615 879 1709; baseline -0.003 -25"><span class='ocrx_word' id='word_1_53' title='bbox 176 1619 221 1685; x_wconf 90' lang='lat' dir='ltr'>M.</span> <span class='ocrx_word' id='word_1_54' title='bbox 235 1619 293 1685; x_wconf 88' lang='lat' dir='ltr'>fol.</span> <span class='ocrx_word' id='word_1_55' title='bbox 309 1620 381 1685; x_wconf 88' lang='lat'>145.</span> <span class='ocrx_word' id='word_1_56' title='bbox 395 1619 473 1685; x_wconf 82' lang='grc'>-1,</span> <span class='ocrx_word' id='word_1_57' title='bbox 488 1621 529 1686; x_wconf 86' lang='lat'>50</span> <span class='ocrx_word' id='word_1_58' title='bbox 544 1617 696 1708; x_wconf 81' lang='grc' dir='ltr'>μεθεκτά)</span> <span class='ocrx_word' id='word_1_59' title='bbox 710 1615 879 1709; x_wconf 78' lang='grc' dir='ltr'>ἀμέτεκθά.</span> 
     </span>
     <span class='ocr_line' id='line_1_11' title="bbox 129 1725 879 1816; baseline 0.001 -23"><span class='ocrx_word' id='word_1_60' title='bbox 129 1763 172 1776; x_wconf 92' lang='lat'>-</span> <span class='ocrx_word' id='word_1_61' title='bbox 189 1727 211 1793; x_wconf 94' lang='grc'>1.</span> <span class='ocrx_word' id='word_1_62' title='bbox 230 1730 269 1793; x_wconf 87' lang='grc'>51</span> <span class='ocrx_word' id='word_1_63' title='bbox 293 1726 465 1815; x_wconf 78' lang='grc' dir='ltr'>μέμνηται)</span> <span class='ocrx_word' id='word_1_64' title='bbox 491 1725 661 1816; x_wconf 81' lang='grc' dir='ltr'>μεμνῆθαι.</span> <span class='ocrx_word' id='word_1_65' title='bbox 680 1768 721 1776; x_wconf 92' lang='grc'>-</span> <span class='ocrx_word' id='word_1_66' title='bbox 738 1731 793 1795; x_wconf 88' lang='lat' dir='ltr'>lin.</span> <span class='ocrx_word' id='word_1_67' title='bbox 818 1729 879 1794; x_wconf 73' lang='lat' dir='ltr'>ult.</span> 
     </span>
     <span class='ocr_line' id='line_1_12' title="bbox 133 1831 834 1926; baseline 0.004 -28"><span class='ocrx_word' id='word_1_68' title='bbox 133 1831 307 1923; x_wconf 83' lang='grc' dir='ltr'>μεθεκτοϊς)</span> <span class='ocrx_word' id='word_1_69' title='bbox 332 1832 523 1922; x_wconf 83' lang='grc' dir='ltr'>ιἰμεθέκτοις.</span> <span class='ocrx_word' id='word_1_70' title='bbox 551 1875 591 1884; x_wconf 91' lang='grc'>-</span> <span class='ocrx_word' id='word_1_71' title='bbox 615 1835 713 1926; x_wconf 90' lang='grc' dir='ltr'>λέγει)</span> <span class='ocrx_word' id='word_1_72' title='bbox 735 1836 834 1926; x_wconf 86' lang='grc' dir='ltr'>λέγοι.</span> 
     </span>
    </p>

    <p class='ocr_par' dir='ltr' id='par_1_4' title="bbox 129 1934 879 2576">
     <span class='ocr_line' id='line_1_13' title="bbox 174 1934 879 2030; baseline 0.003 -23"><span class='ocrx_word' id='word_1_73' title='bbox 174 1942 219 2008; x_wconf 90' lang='grc' dir='ltr'>Μ.</span> <span class='ocrx_word' id='word_1_74' title='bbox 236 1944 290 2010; x_wconf 86' lang='lat' dir='ltr'>fol.</span> <span class='ocrx_word' id='word_1_75' title='bbox 312 1947 375 2010; x_wconf 87' lang='grc'>145</span> <span class='ocrx_word' id='word_1_76' title='bbox 393 1968 422 2010; x_wconf 79' lang='grc' dir='ltr'>ν.</span> <span class='ocrx_word' id='word_1_77' title='bbox 441 1945 498 2011; x_wconf 88' lang='lat' dir='ltr'>Ed.</span> <span class='ocrx_word' id='word_1_78' title='bbox 515 1969 546 2030; x_wconf 91' lang='lat' dir='ltr'>p.</span> <span class='ocrx_word' id='word_1_79' title='bbox 565 1947 641 2012; x_wconf 81' lang='lat'>423.</span> <span class='ocrx_word' id='word_1_80' title='bbox 654 1981 698 1992; x_wconf 91' lang='lat'>-</span> <span class='ocrx_word' id='word_1_81' title='bbox 713 1946 735 2013; x_wconf 94' lang='grc'>1.</span> <span class='ocrx_word' id='word_1_82' title='bbox 760 1949 774 2012; x_wconf 94' lang='grc'>1</span> <span class='ocrx_word' id='word_1_83' title='bbox 801 1934 879 2029; x_wconf 78' lang='grc' dir='ltr'>τῇδε</span> 
     </span>
     <span class='ocr_line' id='line_1_14' title="bbox 129 2041 878 2140; baseline 0.004 -29"><span class='ocrx_word' id='word_1_84' title='bbox 129 2053 278 2138; x_wconf 74' lang='grc' dir='ltr'>αἰσχρῶν)</span> <span class='ocrx_word' id='word_1_85' title='bbox 299 2041 379 2135; x_wconf 76' lang='grc' dir='ltr'>τῇδε</span> <span class='ocrx_word' id='word_1_86' title='bbox 397 2051 534 2140; x_wconf 78' lang='grc' dir='ltr'>αἰσχρόν.</span> <span class='ocrx_word' id='word_1_87' title='bbox 552 2091 593 2100; x_wconf 93' lang='grc'>-</span> <span class='ocrx_word' id='word_1_88' title='bbox 611 2053 632 2119; x_wconf 93' lang='lat' dir='ltr'>l.</span> <span class='ocrx_word' id='word_1_89' title='bbox 652 2057 692 2120; x_wconf 90' lang='lat'>10</span> <span class='ocrx_word' id='word_1_90' title='bbox 710 2047 788 2116; x_wconf 83' lang='grc' dir='ltr'>εἶναι</span> <span class='ocrx_word' id='word_1_91' title='bbox 812 2053 878 2137; x_wconf 87' lang='grc' dir='ltr'>καὶ)</span> 
     </span>
     <span class='ocr_line' id='line_1_15' title="bbox 130 2149 878 2245; baseline 0.007 -26"><span class='ocrx_word' id='word_1_92' title='bbox 130 2149 261 2221; x_wconf 83' lang='grc' dir='ltr'>εἶναιτὸ</span> <span class='ocrx_word' id='word_1_93' title='bbox 287 2156 319 2223; x_wconf 84' lang='grc' dir='ltr'>ὄν</span> <span class='ocrx_word' id='word_1_94' title='bbox 344 2159 487 2234; x_wconf 87' lang='grc' dir='ltr'>ἕκαστον,</span> <span class='ocrx_word' id='word_1_95' title='bbox 513 2153 590 2223; x_wconf 84' lang='grc' dir='ltr'>εἶναι</span> <span class='ocrx_word' id='word_1_96' title='bbox 614 2162 678 2228; x_wconf 87' lang='grc' dir='ltr'>καί.</span> <span class='ocrx_word' id='word_1_97' title='bbox 703 2198 745 2210; x_wconf 95' lang='grc'>-</span> <span class='ocrx_word' id='word_1_98' title='bbox 770 2159 878 2245; x_wconf 84' lang='grc' dir='ltr'>ἄλλος)</span> 
     </span>
     <span class='ocr_line' id='line_1_16' title="bbox 131 2264 877 2351; baseline 0.015 -25"><span class='ocrx_word' id='word_1_99' title='bbox 131 2264 245 2340; x_wconf 75' lang='grc' dir='ltr'>ἄλλως.</span> <span class='ocrx_word' id='word_1_100' title='bbox 263 2305 301 2314; x_wconf 88' lang='grc'><strong>-</strong></span> <span class='ocrx_word' id='word_1_101' title='bbox 320 2268 342 2334; x_wconf 94' lang='lat' dir='ltr'>l.</span> <span class='ocrx_word' id='word_1_102' title='bbox 369 2271 406 2333; x_wconf 86' lang='lat'>11</span> <span class='ocrx_word' id='word_1_103' title='bbox 425 2271 564 2351; x_wconf 83' lang='grc' dir='ltr'>πολλῶν)</span> <span class='ocrx_word' id='word_1_104' title='bbox 581 2268 697 2336; x_wconf 88' lang='grc' dir='ltr'>πολλά.</span> <span class='ocrx_word' id='word_1_105' title='bbox 723 2307 762 2318; x_wconf 92' lang='grc'>-</span> <span class='ocrx_word' id='word_1_106' title='bbox 788 2271 810 2336; x_wconf 94' lang='lat' dir='ltr'>l.</span> <span class='ocrx_word' id='word_1_107' title='bbox 838 2273 877 2336; x_wconf 91' lang='grc'>16</span> 
     </span>
     <span class='ocr_line' id='line_1_17' title="bbox 130 2373 879 2468; baseline 0.004 -33"><span class='ocrx_word' id='word_1_108' title='bbox 130 2373 353 2464; x_wconf 83' lang='grc' dir='ltr'>ἀγγενόμενον)</span> <span class='ocrx_word' id='word_1_109' title='bbox 378 2377 522 2466; x_wconf 81' lang='grc' dir='ltr'>έγγενόμ.</span> <span class='ocrx_word' id='word_1_110' title='bbox 549 2417 588 2426; x_wconf 90' lang='grc'>---</span> <span class='ocrx_word' id='word_1_111' title='bbox 613 2380 636 2445; x_wconf 89' lang='lat' dir='ltr'>l.</span> <span class='ocrx_word' id='word_1_112' title='bbox 659 2383 701 2445; x_wconf 87' lang='grc'>20</span> <span class='ocrx_word' id='word_1_113' title='bbox 726 2377 813 2453; x_wconf 85' lang='grc' dir='ltr'>ὄντος</span> <span class='ocrx_word' id='word_1_114' title='bbox 831 2402 879 2468; x_wconf 88' lang='grc' dir='ltr'>γι-</span> 
     </span>
     <span class='ocr_line' id='line_1_18' title="bbox 129 2481 878 2576; baseline 0.008 -34"><span class='ocrx_word' id='word_1_115' title='bbox 129 2481 280 2569; x_wconf 87' lang='grc' dir='ltr'>γνόμενα)</span> <span class='ocrx_word' id='word_1_116' title='bbox 298 2483 387 2557; x_wconf 89' lang='grc' dir='ltr'>ὄντος</span> <span class='ocrx_word' id='word_1_117' title='bbox 404 2483 456 2546; x_wconf 82' lang='grc' dir='ltr'>καί</span> <span class='ocrx_word' id='word_1_118' title='bbox 474 2483 516 2573; x_wconf 80' lang='grc' dir='ltr'>μὴ</span> <span class='ocrx_word' id='word_1_119' title='bbox 536 2485 623 2559; x_wconf 81' lang='grc' dir='ltr'>ὄντος</span> <span class='ocrx_word' id='word_1_120' title='bbox 639 2486 822 2576; x_wconf 87' lang='grc' dir='ltr'>γιγνόμενα.</span> <span class='ocrx_word' id='word_1_121' title='bbox 837 2524 878 2535; x_wconf 99' lang='grc'>-</span> 
     </span>
    </p>
   </div>
   <div class='ocr_carea' id='block_1_3' title="bbox 129 2579 915 2677">
    <p class='ocr_par' dir='ltr' id='par_1_5' title="bbox 129 2579 915 2677">
     <span class='ocr_line' id='line_1_19' title="bbox 129 2579 915 2677; baseline 0.005 -23"><span class='ocrx_word' id='word_1_122' title='bbox 129 2589 150 2654; x_wconf 94' lang='lat' dir='ltr'>l.</span> <span class='ocrx_word' id='word_1_123' title='bbox 176 2594 214 2655; x_wconf 86' lang='lat'>21</span> <span class='ocrx_word' id='word_1_124' title='bbox 241 2579 318 2677; x_wconf 85' lang='grc' dir='ltr'>ἴδια)</span> <span class='ocrx_word' id='word_1_125' title='bbox 344 2583 424 2663; x_wconf 83' lang='grc' dir='ltr'>εἴδη.</span> <span class='ocrx_word' id='word_1_126' title='bbox 449 2630 491 2641; x_wconf 91' lang='grc'>-</span> <span class='ocrx_word' id='word_1_127' title='bbox 515 2596 536 2660; x_wconf 92' lang='lat' dir='ltr'>l.</span> <span class='ocrx_word' id='word_1_128' title='bbox 562 2599 603 2660; x_wconf 84' lang='lat'>22</span> <span class='ocrx_word' id='word_1_129' title='bbox 628 2595 717 2669; x_wconf 85' lang='grc' dir='ltr'>ὄντος</span> <span class='ocrx_word' id='word_1_130' title='bbox 742 2595 879 2660; x_wconf 82' lang='grc' dir='ltr'>ἅπτεται</span> <span class='ocrx_word' id='word_1_131' title='bbox 913 2619 915 2624; x_wconf 96' lang='grc'>·</span> 
     </span>
    </p>
   </div>
   <div class='ocr_carea' id='block_1_4' title="bbox 126 2687 880 5491">
    <p class='ocr_par' dir='ltr' id='par_1_6' title="bbox 130 2687 834 2788">
     <span class='ocr_line' id='line_1_20' title="bbox 130 2687 834 2788; baseline 0.007 -30"><span class='ocrx_word' id='word_1_132' title='bbox 130 2687 216 2778; x_wconf 83' lang='grc' dir='ltr'>ίδειν)</span> <span class='ocrx_word' id='word_1_133' title='bbox 242 2697 329 2773; x_wconf 84' lang='grc' dir='ltr'>ὄντος</span> <span class='ocrx_word' id='word_1_134' title='bbox 354 2699 408 2762; x_wconf 82' lang='grc' dir='ltr'>καὶ</span> <span class='ocrx_word' id='word_1_135' title='bbox 433 2698 475 2788; x_wconf 84' lang='grc' dir='ltr'>μὴ</span> <span class='ocrx_word' id='word_1_136' title='bbox 502 2699 591 2774; x_wconf 86' lang='grc' dir='ltr'>ὄντος</span> <span class='ocrx_word' id='word_1_137' title='bbox 615 2701 723 2765; x_wconf 84' lang='grc' dir='ltr'>ἕπεται</span> <span class='ocrx_word' id='word_1_138' title='bbox 753 2693 834 2766; x_wconf 86' lang='grc' dir='ltr'>ἰδεῖν.</span> 
     </span>
    </p>

    <p class='ocr_par' dir='ltr' id='par_1_7' title="bbox 126 2800 879 3328">
     <span class='ocr_line' id='line_1_21' title="bbox 175 2800 879 2899; baseline 0.004 -29"><span class='ocrx_word' id='word_1_139' title='bbox 175 2805 219 2870; x_wconf 90' lang='grc' dir='ltr'>Μ.</span> <span class='ocrx_word' id='word_1_140' title='bbox 244 2806 299 2872; x_wconf 86' lang='lat' dir='ltr'>fol.</span> <span class='ocrx_word' id='word_1_141' title='bbox 327 2808 400 2874; x_wconf 83' lang='lat'>146.</span> <span class='ocrx_word' id='word_1_142' title='bbox 417 2845 460 2855; x_wconf 99' lang='lat'>-</span> <span class='ocrx_word' id='word_1_143' title='bbox 481 2809 503 2875; x_wconf 96' lang='lat' dir='ltr'>l.</span> <span class='ocrx_word' id='word_1_144' title='bbox 529 2812 571 2874; x_wconf 89' lang='grc'>24</span> <span class='ocrx_word' id='word_1_145' title='bbox 595 2804 688 2872; x_wconf 78' lang='grc' dir='ltr'>τοῦδε</span> <span class='ocrx_word' id='word_1_146' title='bbox 712 2807 785 2899; x_wconf 84' lang='grc' dir='ltr'>γάρ)</span> <span class='ocrx_word' id='word_1_147' title='bbox 808 2800 879 2874; x_wconf 69' lang='grc' dir='ltr'>οὐδὲ</span> 
     </span>
     <span class='ocr_line' id='line_1_22' title="bbox 126 2911 879 3005; baseline 0.009 -31"><span class='ocrx_word' id='word_1_148' title='bbox 126 2911 200 3003; x_wconf 87' lang='grc' dir='ltr'>γάρ.</span> <span class='ocrx_word' id='word_1_149' title='bbox 215 2951 258 2960; x_wconf 92' lang='lat'>--</span> <span class='ocrx_word' id='word_1_150' title='bbox 274 2915 425 3003; x_wconf 82' lang='grc' dir='ltr'>ἁμαρτία)</span> <span class='ocrx_word' id='word_1_151' title='bbox 440 2914 593 3005; x_wconf 83' lang='grc' dir='ltr'>άμαρτάς.</span> <span class='ocrx_word' id='word_1_152' title='bbox 608 2955 650 2965; x_wconf 90' lang='grc'>-</span> <span class='ocrx_word' id='word_1_153' title='bbox 665 2919 687 2984; x_wconf 91' lang='lat' dir='ltr'>l.</span> <span class='ocrx_word' id='word_1_154' title='bbox 705 2921 745 2983; x_wconf 88' lang='grc'>31</span> <span class='ocrx_word' id='word_1_155' title='bbox 765 2915 785 2980; x_wconf 78' lang='grc' dir='ltr'>ὄι</span> <span class='ocrx_word' id='word_1_156' title='bbox 801 2917 879 2981; x_wconf 86' lang='grc' dir='ltr'>ὄντα</span> 
     </span>
     <span class='ocr_line' id='line_1_23' title="bbox 128 3013 877 3110; baseline 0.013 -24"><span class='ocrx_word' id='word_1_157' title='bbox 128 3022 227 3110; x_wconf 83' lang='grc' dir='ltr'>ἐστὶν)</span> <span class='ocrx_word' id='word_1_158' title='bbox 244 3021 264 3086; x_wconf 76' lang='grc' dir='ltr'>ἃ</span> <span class='ocrx_word' id='word_1_159' title='bbox 281 3013 364 3094; x_wconf 82' lang='grc' dir='ltr'>δῆλα</span> <span class='ocrx_word' id='word_1_160' title='bbox 382 3023 458 3087; x_wconf 82' lang='grc' dir='ltr'>ὄντα</span> <span class='ocrx_word' id='word_1_161' title='bbox 476 3029 571 3093; x_wconf 84' lang='grc' dir='ltr'>ἐστιν.</span> <span class='ocrx_word' id='word_1_162' title='bbox 592 3065 630 3074; x_wconf 92' lang='lat'>-—</span> <span class='ocrx_word' id='word_1_163' title='bbox 649 3027 757 3108; x_wconf 85' lang='grc' dir='ltr'>ὄντως)</span> <span class='ocrx_word' id='word_1_164' title='bbox 777 3028 877 3103; x_wconf 88' lang='grc' dir='ltr'>ὄντος.</span> 
     </span>
     <span class='ocr_line' id='line_1_24' title="bbox 129 3124 878 3225; baseline 0.005 -28"><span class='ocrx_word' id='word_1_165' title='bbox 129 3169 172 3178; x_wconf 91' lang='grc'>--</span> <span class='ocrx_word' id='word_1_166' title='bbox 196 3133 218 3197; x_wconf 92' lang='grc'>1.</span> <span class='ocrx_word' id='word_1_167' title='bbox 244 3136 285 3198; x_wconf 91' lang='grc'>33</span> <span class='ocrx_word' id='word_1_168' title='bbox 310 3132 399 3208; x_wconf 82' lang='grc' dir='ltr'>ὄντος</span> <span class='ocrx_word' id='word_1_169' title='bbox 416 3124 567 3217; x_wconf 74' lang='grc' dir='ltr'>δοξαστὰ)</span> <span class='ocrx_word' id='word_1_170' title='bbox 586 3135 674 3210; x_wconf 88' lang='grc' dir='ltr'>ὄντος</span> <span class='ocrx_word' id='word_1_171' title='bbox 693 3135 734 3201; x_wconf 86' lang='grc' dir='ltr'>τά</span> <span class='ocrx_word' id='word_1_172' title='bbox 759 3131 878 3225; x_wconf 74' lang='grc' dir='ltr'>μεταξὺ</span> 
     </span>
     <span class='ocr_line' id='line_1_25' title="bbox 129 3232 649 3328; baseline 0.006 -26"><span class='ocrx_word' id='word_1_173' title='bbox 129 3238 218 3314; x_wconf 87' lang='grc' dir='ltr'>ὄντος</span> <span class='ocrx_word' id='word_1_174' title='bbox 242 3239 295 3302; x_wconf 86' lang='grc' dir='ltr'>καὶ</span> <span class='ocrx_word' id='word_1_175' title='bbox 321 3239 363 3328; x_wconf 77' lang='grc' dir='ltr'>μη</span> <span class='ocrx_word' id='word_1_176' title='bbox 389 3242 477 3317; x_wconf 89' lang='grc' dir='ltr'>ὄντος</span> <span class='ocrx_word' id='word_1_177' title='bbox 503 3232 649 3319; x_wconf 81' lang='grc' dir='ltr'>δοξαστά.</span> 
     </span>
    </p>

    <p class='ocr_par' dir='ltr' id='par_1_8' title="bbox 130 3346 879 3868">
     <span class='ocr_line' id='line_1_26' title="bbox 176 3346 878 3440; baseline 0 -27"><span class='ocrx_word' id='word_1_178' title='bbox 176 3346 345 3431; x_wconf 64' lang='lat' dir='ltr'>Scltolimn.</span> <span class='ocrx_word' id='word_1_179' title='bbox 358 3347 490 3420; x_wconf 74' lang='grc' dir='ltr'>Μήποτε</span> <span class='ocrx_word' id='word_1_180' title='bbox 504 3349 692 3440; x_wconf 73' lang='grc' dir='ltr'>σαφέστερον</span> <span class='ocrx_word' id='word_1_181' title='bbox 706 3350 878 3438; x_wconf 79' lang='grc' dir='ltr'>ποιήσομεν</span> 
     </span>
     <span class='ocr_line' id='line_1_27' title="bbox 130 3447 879 3550; baseline 0.008 -32"><span class='ocrx_word' id='word_1_182' title='bbox 130 3455 186 3518; x_wconf 85' lang='grc' dir='ltr'>τόν</span> <span class='ocrx_word' id='word_1_183' title='bbox 210 3454 304 3544; x_wconf 89' lang='grc' dir='ltr'>λόγον</span> <span class='ocrx_word' id='word_1_184' title='bbox 330 3447 578 3534; x_wconf 71' lang='grc' dir='ltr'>ἀποδεικνύντες,</span> <span class='ocrx_word' id='word_1_185' title='bbox 599 3459 649 3522; x_wconf 89' lang='grc' dir='ltr'>ότι</span> <span class='ocrx_word' id='word_1_186' title='bbox 666 3457 707 3522; x_wconf 82' lang='grc' dir='ltr'>τά</span> <span class='ocrx_word' id='word_1_187' title='bbox 732 3451 796 3531; x_wconf 86' lang='grc' dir='ltr'>εἴδη</span> <span class='ocrx_word' id='word_1_188' title='bbox 825 3460 879 3550; x_wconf 90' lang='grc' dir='ltr'>μό-</span> 
     </span>
     <span class='ocr_line' id='line_1_28' title="bbox 130 3558 875 3656; baseline 0.011 -31"><span class='ocrx_word' id='word_1_189' title='bbox 130 3587 187 3638; x_wconf 90' lang='grc' dir='ltr'>νως</span> <span class='ocrx_word' id='word_1_190' title='bbox 211 3561 339 3654; x_wconf 83' lang='grc' dir='ltr'>γνωστά</span> <span class='ocrx_word' id='word_1_191' title='bbox 363 3564 416 3628; x_wconf 84' lang='grc' dir='ltr'>καί</span> <span class='ocrx_word' id='word_1_192' title='bbox 439 3565 535 3641; x_wconf 90' lang='grc' dir='ltr'>ὄντως</span> <span class='ocrx_word' id='word_1_193' title='bbox 556 3566 694 3654; x_wconf 82' lang='grc' dir='ltr'>γνωστά·</span> <span class='ocrx_word' id='word_1_194' title='bbox 713 3567 750 3631; x_wconf 77' lang='grc' dir='ltr'>τ“ο</span> <span class='ocrx_word' id='word_1_195' title='bbox 776 3558 808 3632; x_wconf 84' lang='grc' dir='ltr'>δὲ</span> <span class='ocrx_word' id='word_1_196' title='bbox 834 3567 875 3656; x_wconf 74' lang='grc' dir='ltr'>μὴ</span> 
     </span>
     <span class='ocr_line' id='line_1_29' title="bbox 130 3664 879 3767; baseline 0.005 -29"><span class='ocrx_word' id='word_1_197' title='bbox 130 3671 165 3738; x_wconf 83' lang='grc' dir='ltr'>ὄν</span> <span class='ocrx_word' id='word_1_198' title='bbox 190 3664 333 3761; x_wconf 75' lang='grc' dir='ltr'>οὐδαμῶς</span> <span class='ocrx_word' id='word_1_199' title='bbox 360 3673 511 3764; x_wconf 82' lang='grc' dir='ltr'>γνωστόν,</span> <span class='ocrx_word' id='word_1_200' title='bbox 538 3673 594 3739; x_wconf 78' lang='grc' dir='ltr'>εἶθ’</span> <span class='ocrx_word' id='word_1_201' title='bbox 619 3675 667 3739; x_wconf 84' lang='grc' dir='ltr'>ότι</span> <span class='ocrx_word' id='word_1_202' title='bbox 692 3674 733 3741; x_wconf 78' lang='grc' dir='ltr'>τοὶ</span> <span class='ocrx_word' id='word_1_203' title='bbox 757 3677 879 3767; x_wconf 85' lang='grc' dir='ltr'>γενητά</span> 
     </span>
     <span class='ocr_line' id='line_1_30' title="bbox 131 3773 636 3868; baseline 0.016 -26"><span class='ocrx_word' id='word_1_204' title='bbox 131 3775 250 3868; x_wconf 81' lang='grc' dir='ltr'>μεταξὺ</span> <span class='ocrx_word' id='word_1_205' title='bbox 274 3781 353 3846; x_wconf 89' lang='grc' dir='ltr'>ὄντα</span> <span class='ocrx_word' id='word_1_206' title='bbox 379 3773 517 3859; x_wconf 81' lang='grc' dir='ltr'>δοξαστά</span> <span class='ocrx_word' id='word_1_207' title='bbox 541 3788 636 3850; x_wconf 86' lang='grc' dir='ltr'>ἑστιν.</span> 
     </span>
    </p>

    <p class='ocr_par' dir='ltr' id='par_1_9' title="bbox 174 3879 823 3977">
     <span class='ocr_line' id='line_1_31' title="bbox 174 3879 823 3977; baseline 0.002 -22"><span class='ocrx_word' id='word_1_208' title='bbox 174 3890 197 3955; x_wconf 88' lang='grc'>1.</span> <span class='ocrx_word' id='word_1_209' title='bbox 223 3893 263 3955; x_wconf 88' lang='grc'>34</span> <span class='ocrx_word' id='word_1_210' title='bbox 288 3887 330 3951; x_wconf 74' lang='grc' dir='ltr'>τά.</span> <span class='ocrx_word' id='word_1_211' title='bbox 354 3879 420 3961; x_wconf 78' lang='grc' dir='ltr'>εἴδη</span> <span class='ocrx_word' id='word_1_212' title='bbox 448 3888 547 3977; x_wconf 87' lang='grc' dir='ltr'>μόνως</span> <span class='ocrx_word' id='word_1_213' title='bbox 572 3895 656 3955; x_wconf 85' lang='grc' dir='ltr'>ἐστιν</span> <span class='ocrx_word' id='word_1_214' title='bbox 680 3890 760 3958; x_wconf 86' lang='grc' dir='ltr'>ὄντα</span> <span class='ocrx_word' id='word_1_215' title='bbox 784 3909 823 3964; x_wconf 77' lang='grc' dir='ltr'>-ζζ-</span> 
     </span>
    </p>

    <p class='ocr_par' dir='ltr' id='par_1_10' title="bbox 128 3995 880 5491">
     <span class='ocr_line' id='line_1_32' title="bbox 178 3995 878 4091; baseline -0.009 -23"><span class='ocrx_word' id='word_1_216' title='bbox 178 4014 203 4068; x_wconf 86' lang='lat'>-::</span> <span class='ocrx_word' id='word_1_217' title='bbox 232 3996 401 4063; x_wconf 69' lang='lat' dir='ltr'><em>scholium.</em></span> <span class='ocrx_word' id='word_1_218' title='bbox 421 3995 481 4059; x_wconf 82' lang='grc' dir='ltr'>Καὶ</span> <span class='ocrx_word' id='word_1_219' title='bbox 498 3997 610 4073; x_wconf 80' lang='grc' dir='ltr'>άλλως.</span> <span class='ocrx_word' id='word_1_220' title='bbox 629 3999 662 4062; x_wconf 81' lang='lat'>&#39;11</span> <span class='ocrx_word' id='word_1_221' title='bbox 679 4009 791 4091; x_wconf 85' lang='grc' dir='ltr'>γνῶσις</span> <span class='ocrx_word' id='word_1_222' title='bbox 814 4009 878 4064; x_wconf 88' lang='grc' dir='ltr'>τῶν</span> 
     </span>
     <span class='ocr_line' id='line_1_33' title="bbox 129 4097 878 4195; baseline 0.009 -30"><span class='ocrx_word' id='word_1_223' title='bbox 129 4103 204 4191; x_wconf 90' lang='grc' dir='ltr'>πρός</span> <span class='ocrx_word' id='word_1_224' title='bbox 218 4127 259 4178; x_wconf 90' lang='grc' dir='ltr'>τι,</span> <span class='ocrx_word' id='word_1_225' title='bbox 277 4114 418 4194; x_wconf 82' lang='grc' dir='ltr'>γνωστοῦ</span> <span class='ocrx_word' id='word_1_226' title='bbox 431 4103 499 4195; x_wconf 88' lang='grc' dir='ltr'>γάρ·</span> <span class='ocrx_word' id='word_1_227' title='bbox 514 4107 625 4194; x_wconf 81' lang='grc' dir='ltr'>ὁμοίως</span> <span class='ocrx_word' id='word_1_228' title='bbox 643 4097 676 4170; x_wconf 83' lang='grc' dir='ltr'>δέ</span> <span class='ocrx_word' id='word_1_229' title='bbox 693 4107 781 4181; x_wconf 81' lang='grc' dir='ltr'>καὶη</span> <span class='ocrx_word' id='word_1_230' title='bbox 802 4099 878 4186; x_wconf 82' lang='grc' dir='ltr'>δόξα</span> 
     </span>
     <span class='ocr_line' id='line_1_34' title="bbox 129 4201 878 4302; baseline 0.011 -30"><span class='ocrx_word' id='word_1_231' title='bbox 129 4219 185 4272; x_wconf 74' lang='grc' dir='ltr'>τοῦ</span> <span class='ocrx_word' id='word_1_232' title='bbox 211 4201 380 4287; x_wconf 79' lang='grc' dir='ltr'>δοξαστοῦ·</span> <span class='ocrx_word' id='word_1_233' title='bbox 405 4221 468 4276; x_wconf 89' lang='grc' dir='ltr'>τῶν</span> <span class='ocrx_word' id='word_1_234' title='bbox 488 4205 521 4276; x_wconf 87' lang='grc' dir='ltr'>δὲ</span> <span class='ocrx_word' id='word_1_235' title='bbox 548 4213 622 4302; x_wconf 90' lang='grc' dir='ltr'>πρός</span> <span class='ocrx_word' id='word_1_236' title='bbox 654 4239 686 4278; x_wconf 87' lang='grc' dir='ltr'>τι</span> <span class='ocrx_word' id='word_1_237' title='bbox 710 4213 798 4290; x_wconf 85' lang='grc' dir='ltr'>ὄντος</span> <span class='ocrx_word' id='word_1_238' title='bbox 824 4227 878 4280; x_wconf 82' lang='grc' dir='ltr'>τοῦ</span> 
     </span>
     <span class='ocr_line' id='line_1_35' title="bbox 130 4317 878 4407; baseline 0.011 -27"><span class='ocrx_word' id='word_1_239' title='bbox 130 4317 235 4407; x_wconf 82' lang='grc' dir='ltr'>ἑτέρου</span> <span class='ocrx_word' id='word_1_240' title='bbox 260 4320 327 4382; x_wconf 83' lang='grc' dir='ltr'>ἔστι</span> <span class='ocrx_word' id='word_1_241' title='bbox 352 4319 406 4382; x_wconf 81' lang='grc' dir='ltr'>καί</span> <span class='ocrx_word' id='word_1_242' title='bbox 429 4319 466 4384; x_wconf 81' lang='grc' dir='ltr'>τὸ</span> <span class='ocrx_word' id='word_1_243' title='bbox 490 4320 610 4386; x_wconf 91' lang='grc' dir='ltr'>λοιπόν·</span> <span class='ocrx_word' id='word_1_244' title='bbox 628 4321 720 4397; x_wconf 87' lang='grc' dir='ltr'>σόσης</span> <span class='ocrx_word' id='word_1_245' title='bbox 745 4317 796 4386; x_wconf 80' lang='grc' dir='ltr'>οὖν</span> <span class='ocrx_word' id='word_1_246' title='bbox 821 4335 878 4400; x_wconf 84' lang='grc' dir='ltr'>τῆς</span> 
     </span>
     <span class='ocr_line' id='line_1_36' title="bbox 129 4419 877 4518; baseline 0.008 -31"><span class='ocrx_word' id='word_1_247' title='bbox 129 4427 282 4514; x_wconf 84' lang='grc' dir='ltr'>γνώσεως,</span> <span class='ocrx_word' id='word_1_248' title='bbox 308 4429 419 4516; x_wconf 85' lang='grc' dir='ltr'>ὁμοίως</span> <span class='ocrx_word' id='word_1_249' title='bbox 444 4419 554 4492; x_wconf 81' lang='grc' dir='ltr'>δὲκαὶ</span> <span class='ocrx_word' id='word_1_250' title='bbox 578 4439 635 4503; x_wconf 82' lang='grc' dir='ltr'>τῆς</span> <span class='ocrx_word' id='word_1_251' title='bbox 661 4419 754 4506; x_wconf 80' lang='grc' dir='ltr'>δόξης</span> <span class='ocrx_word' id='word_1_252' title='bbox 779 4433 877 4518; x_wconf 76' lang='grc' dir='ltr'>ἔσται,</span> 
     </span>
     <span class='ocr_line' id='line_1_37' title="bbox 130 4527 878 4629; baseline 0.008 -33"><span class='ocrx_word' id='word_1_253' title='bbox 130 4535 183 4598; x_wconf 83' lang='grc' dir='ltr'>καί</span> <span class='ocrx_word' id='word_1_254' title='bbox 199 4535 236 4599; x_wconf 85' lang='grc' dir='ltr'>τό</span> <span class='ocrx_word' id='word_1_255' title='bbox 257 4536 397 4624; x_wconf 85' lang='grc' dir='ltr'>γνωστόν</span> <span class='ocrx_word' id='word_1_256' title='bbox 414 4534 468 4599; x_wconf 86' lang='grc' dir='ltr'>καί</span> <span class='ocrx_word' id='word_1_257' title='bbox 485 4536 521 4600; x_wconf 87' lang='grc' dir='ltr'>τό</span> <span class='ocrx_word' id='word_1_258' title='bbox 546 4527 710 4612; x_wconf 77' lang='grc' dir='ltr'>δοξαστόν.</span> <span class='ocrx_word' id='word_1_259' title='bbox 736 4538 795 4600; x_wconf 80' lang='grc' dir='ltr'>Καὶ</span> <span class='ocrx_word' id='word_1_260' title='bbox 819 4535 878 4629; x_wconf 80' lang='grc' dir='ltr'>γάρ</span> 
     </span>
     <span class='ocr_line' id='line_1_38' title="bbox 131 4641 880 4733; baseline -0.003 -27"><span class='ocrx_word' id='word_1_261' title='bbox 131 4647 158 4706; x_wconf 90' lang='grc' dir='ltr'>εί</span> <span class='ocrx_word' id='word_1_262' title='bbox 183 4641 225 4732; x_wconf 83' lang='grc' dir='ltr'>μὴ</span> <span class='ocrx_word' id='word_1_263' title='bbox 252 4648 292 4719; x_wconf 83' lang='grc' dir='ltr'>ὡς</span> <span class='ocrx_word' id='word_1_264' title='bbox 316 4644 384 4733; x_wconf 84' lang='grc' dir='ltr'>περὶ</span> <span class='ocrx_word' id='word_1_265' title='bbox 401 4641 500 4720; x_wconf 86' lang='grc' dir='ltr'>ὄντος,</span> <span class='ocrx_word' id='word_1_266' title='bbox 518 4643 588 4708; x_wconf 83' lang='grc' dir='ltr'>ἀλλ’</span> <span class='ocrx_word' id='word_1_267' title='bbox 605 4649 645 4718; x_wconf 83' lang='grc' dir='ltr'>ὡς</span> <span class='ocrx_word' id='word_1_268' title='bbox 669 4643 738 4732; x_wconf 85' lang='grc' dir='ltr'>περὶ</span> <span class='ocrx_word' id='word_1_269' title='bbox 762 4641 804 4732; x_wconf 75' lang='grc' dir='ltr'>μὴ</span> <span class='ocrx_word' id='word_1_270' title='bbox 830 4643 880 4709; x_wconf 88' lang='grc' dir='ltr'>ὄν-</span> 
     </span>
     <span class='ocr_line' id='line_1_39' title="bbox 128 4743 875 4841; baseline 0.004 -28"><span class='ocrx_word' id='word_1_271' title='bbox 128 4775 181 4827; x_wconf 91' lang='grc' dir='ltr'>τος</span> <span class='ocrx_word' id='word_1_272' title='bbox 206 4743 388 4841; x_wconf 74' lang='grc' dir='ltr'>δοξάζομεν,</span> <span class='ocrx_word' id='word_1_273' title='bbox 414 4755 486 4816; x_wconf 84' lang='grc' dir='ltr'>ἀλλ’</span> <span class='ocrx_word' id='word_1_274' title='bbox 512 4757 579 4818; x_wconf 86' lang='grc' dir='ltr'>ἐστι</span> <span class='ocrx_word' id='word_1_275' title='bbox 602 4751 727 4826; x_wconf 86' lang='grc' dir='ltr'>πάντως</span> <span class='ocrx_word' id='word_1_276' title='bbox 752 4761 807 4816; x_wconf 77' lang='grc' dir='ltr'>τοῦ</span> <span class='ocrx_word' id='word_1_277' title='bbox 833 4751 875 4841; x_wconf 81' lang='grc' dir='ltr'>μὴ</span> 
     </span>
     <span class='ocr_line' id='line_1_40' title="bbox 129 4851 878 4951; baseline 0 -25"><span class='ocrx_word' id='word_1_278' title='bbox 129 4859 219 4936; x_wconf 90' lang='grc' dir='ltr'>ὄντος</span> <span class='ocrx_word' id='word_1_279' title='bbox 244 4862 346 4926; x_wconf 83' lang='grc' dir='ltr'>ἔννοια</span> <span class='ocrx_word' id='word_1_280' title='bbox 369 4865 400 4925; x_wconf 85' lang='grc' dir='ltr'>ἑν</span> <span class='ocrx_word' id='word_1_281' title='bbox 424 4870 470 4944; x_wconf 84' lang='grc' dir='ltr'>τῷ</span> <span class='ocrx_word' id='word_1_282' title='bbox 496 4851 659 4940; x_wconf 76' lang='grc' dir='ltr'>δοξάζοντι</span> <span class='ocrx_word' id='word_1_283' title='bbox 682 4861 752 4951; x_wconf 85' lang='grc' dir='ltr'>περὶ</span> <span class='ocrx_word' id='word_1_284' title='bbox 772 4865 878 4938; x_wconf 78' lang='grc' dir='ltr'>αὐτοῦ,</span> 
     </span>
     <span class='ocr_line' id='line_1_41' title="bbox 129 4959 877 5055; baseline -0.004 -22"><span class='ocrx_word' id='word_1_285' title='bbox 129 4968 183 5033; x_wconf 82' lang='grc' dir='ltr'>καί</span> <span class='ocrx_word' id='word_1_286' title='bbox 199 4959 260 5045; x_wconf 80' lang='grc' dir='ltr'>ἕξει</span> <span class='ocrx_word' id='word_1_287' title='bbox 277 4992 346 5031; x_wconf 90' lang='grc' dir='ltr'>τινα</span> <span class='ocrx_word' id='word_1_288' title='bbox 364 4971 394 5032; x_wconf 88' lang='grc' dir='ltr'>έν</span> <span class='ocrx_word' id='word_1_289' title='bbox 412 4979 452 5054; x_wconf 75' lang='grc' dir='ltr'>τῇ</span> <span class='ocrx_word' id='word_1_290' title='bbox 471 4959 545 5055; x_wconf 76' lang='grc' dir='ltr'>δόξῃ</span> <span class='ocrx_word' id='word_1_291' title='bbox 564 4969 747 5033; x_wconf 84' lang='grc' dir='ltr'>ὑπόστασιν·</span> <span class='ocrx_word' id='word_1_292' title='bbox 771 4969 807 5032; x_wconf 79' lang='grc' dir='ltr'>τὸ</span> <span class='ocrx_word' id='word_1_293' title='bbox 826 4963 877 5033; x_wconf 79' lang='grc' dir='ltr'>οὖν</span> 
     </span>
     <span class='ocr_line' id='line_1_42' title="bbox 132 5067 879 5167; baseline 0.003 -27"><span class='ocrx_word' id='word_1_294' title='bbox 132 5068 286 5167; x_wconf 80' lang='grc' dir='ltr'>μηδαμῶς</span> <span class='ocrx_word' id='word_1_295' title='bbox 300 5075 334 5142; x_wconf 84' lang='grc' dir='ltr'>ὄν</span> <span class='ocrx_word' id='word_1_296' title='bbox 349 5081 405 5140; x_wconf 72' lang='grc' dir='ltr'>οὐκ</span> <span class='ocrx_word' id='word_1_297' title='bbox 419 5078 454 5141; x_wconf 82' lang='grc' dir='ltr'>άν</span> <span class='ocrx_word' id='word_1_298' title='bbox 473 5079 544 5142; x_wconf 89' lang='grc' dir='ltr'>οότε</span> <span class='ocrx_word' id='word_1_299' title='bbox 559 5067 711 5154; x_wconf 73' lang='grc' dir='ltr'>δοξαστὸν</span> <span class='ocrx_word' id='word_1_300' title='bbox 729 5079 788 5156; x_wconf 80' lang='grc' dir='ltr'>εἴη,</span> <span class='ocrx_word' id='word_1_301' title='bbox 807 5079 879 5143; x_wconf 88' lang='grc' dir='ltr'>οότε</span> 
     </span>
     <span class='ocr_line' id='line_1_43' title="bbox 129 5177 879 5275; baseline 0.003 -29"><span class='ocrx_word' id='word_1_302' title='bbox 129 5185 281 5275; x_wconf 89' lang='grc' dir='ltr'>γνωστόν·</span> <span class='ocrx_word' id='word_1_303' title='bbox 308 5177 402 5260; x_wconf 85' lang='grc' dir='ltr'>ὡςδὲ</span> <span class='ocrx_word' id='word_1_304' title='bbox 425 5187 455 5250; x_wconf 85' lang='grc' dir='ltr'>έν</span> <span class='ocrx_word' id='word_1_305' title='bbox 481 5189 619 5273; x_wconf 73' lang='grc' dir='ltr'>Σοφιστῇ</span> <span class='ocrx_word' id='word_1_306' title='bbox 645 5188 782 5275; x_wconf 85' lang='grc' dir='ltr'>λέγεται,</span> <span class='ocrx_word' id='word_1_307' title='bbox 808 5177 879 5250; x_wconf 83' lang='grc' dir='ltr'>οὐδὲ</span> 
     </span>
     <span class='ocr_line' id='line_1_44' title="bbox 131 5285 878 5384; baseline 0.005 -28"><span class='ocrx_word' id='word_1_308' title='bbox 131 5295 226 5384; x_wconf 81' lang='grc' dir='ltr'>ῥητόν</span> <span class='ocrx_word' id='word_1_309' title='bbox 259 5285 310 5358; x_wconf 91' lang='grc' dir='ltr'>διά</span> <span class='ocrx_word' id='word_1_310' title='bbox 334 5292 391 5368; x_wconf 82' lang='grc' dir='ltr'>τάς</span> <span class='ocrx_word' id='word_1_311' title='bbox 417 5295 454 5356; x_wconf 83' lang='grc' dir='ltr'>αό</span> <span class='ocrx_word' id='word_1_312' title='bbox 471 5347 477 5360; x_wconf 92' lang='grc'>.</span> <span class='ocrx_word' id='word_1_313' title='bbox 494 5346 521 5360; x_wconf 91' lang='grc'>..</span> <span class='ocrx_word' id='word_1_314' title='bbox 547 5295 675 5376; x_wconf 80' lang='lat' dir='ltr'><strong>(Excisa</strong></span> <span class='ocrx_word' id='word_1_315' title='bbox 698 5295 760 5360; x_wconf 72' lang='lat' dir='ltr'>suit</span> <span class='ocrx_word' id='word_1_316' title='bbox 783 5319 802 5362; x_wconf 85' lang='lat' dir='ltr'><strong>a</strong></span> <span class='ocrx_word' id='word_1_317' title='bbox 832 5297 878 5360; x_wconf 83' lang='lat' dir='ltr'>bi-</span> 
     </span>
     <span class='ocr_line' id='line_1_45' title="bbox 131 5391 699 5491; baseline -0.002 -22"><span class='ocrx_word' id='word_1_318' title='bbox 131 5405 282 5491; x_wconf 73' lang='lat' dir='ltr'>bliopego</span> <span class='ocrx_word' id='word_1_319' title='bbox 307 5391 369 5470; x_wconf 84' lang='grc' dir='ltr'>ιιιιιι</span> <span class='ocrx_word' id='word_1_320' title='bbox 393 5404 442 5469; x_wconf 78' lang='grc' dir='ltr'>νο]</span> <span class='ocrx_word' id='word_1_321' title='bbox 467 5404 568 5470; x_wconf 74' lang='lat' dir='ltr'><strong>ultera</strong></span> <span class='ocrx_word' id='word_1_322' title='bbox 591 5403 699 5484; x_wconf 78' lang='lat' dir='ltr'>linea).</span> 
     </span>
    </p>
   </div>
   <div class='ocr_carea' id='block_1_5' title="bbox 1627 579 1681 642">
    <p class='ocr_par' dir='ltr' id='par_1_11' title="bbox 1627 579 1681 642">
     <span class='ocr_line' id='line_1_46' title="bbox 1627 579 1681 642; baseline -0.037 -1"><span class='ocrx_word' id='word_1_323' title='bbox 1627 579 1681 642; x_wconf 69' lang='lat'>245</span> 
     </span>
    </p>
   </div>
   <div class='ocr_carea' id='block_1_6' title="bbox 930 740 1747 5492">
    <p class='ocr_par' dir='ltr' id='par_1_12' title="bbox 932 740 1682 1161">
     <span class='ocr_line' id='line_1_47' title="bbox 977 740 1682 840; baseline -0.004 -25"><span class='ocrx_word' id='word_1_324' title='bbox 977 750 999 817; x_wconf 95' lang='lat' dir='ltr'>l.</span> <span class='ocrx_word' id='word_1_325' title='bbox 1024 751 1065 815; x_wconf 88' lang='lat'>35</span> <span class='ocrx_word' id='word_1_326' title='bbox 1083 747 1219 838; x_wconf 78' lang='grc' dir='ltr'>γνωστά,</span> <span class='ocrx_word' id='word_1_327' title='bbox 1237 750 1274 814; x_wconf 82' lang='grc' dir='ltr'>τό</span> <span class='ocrx_word' id='word_1_328' title='bbox 1292 740 1460 839; x_wconf 84' lang='grc' dir='ltr'>μηδαμῶς)</span> <span class='ocrx_word' id='word_1_329' title='bbox 1484 745 1621 840; x_wconf 80' lang='grc' dir='ltr'>γνωστά,</span> <span class='ocrx_word' id='word_1_330' title='bbox 1639 745 1682 813; x_wconf 76' lang='grc' dir='ltr'>τά</span> 
     </span>
     <span class='ocr_line' id='line_1_48' title="bbox 934 847 1681 950; baseline 0.008 -30"><span class='ocrx_word' id='word_1_331' title='bbox 934 847 1000 928; x_wconf 80' lang='grc' dir='ltr'>εἴδη</span> <span class='ocrx_word' id='word_1_332' title='bbox 1028 856 1087 946; x_wconf 84' lang='grc' dir='ltr'>ἄρα</span> <span class='ocrx_word' id='word_1_333' title='bbox 1113 858 1212 946; x_wconf 88' lang='grc' dir='ltr'>μόνως</span> <span class='ocrx_word' id='word_1_334' title='bbox 1236 857 1373 950; x_wconf 83' lang='grc' dir='ltr'>γνωστά,</span> <span class='ocrx_word' id='word_1_335' title='bbox 1392 860 1428 923; x_wconf 85' lang='grc' dir='ltr'>τό</span> <span class='ocrx_word' id='word_1_336' title='bbox 1446 849 1521 948; x_wconf 89' lang='grc' dir='ltr'>μηδ.</span> <span class='ocrx_word' id='word_1_337' title='bbox 1540 861 1620 926; x_wconf 85' lang='grc'>-1,</span> <span class='ocrx_word' id='word_1_338' title='bbox 1639 864 1681 926; x_wconf 86' lang='lat'>36</span> 
     </span>
     <span class='ocr_line' id='line_1_49' title="bbox 933 956 1681 1058; baseline 0.008 -32"><span class='ocrx_word' id='word_1_339' title='bbox 933 962 1054 1029; x_wconf 84' lang='grc' dir='ltr'>τοότων</span> <span class='ocrx_word' id='word_1_340' title='bbox 1080 956 1126 1050; x_wconf 86' lang='grc' dir='ltr'>δέ)</span> <span class='ocrx_word' id='word_1_341' title='bbox 1143 989 1204 1032; x_wconf 91' lang='lat' dir='ltr'>om.</span> <span class='ocrx_word' id='word_1_342' title='bbox 1222 957 1266 1033; x_wconf 89' lang='grc' dir='ltr'>δέ.</span> <span class='ocrx_word' id='word_1_343' title='bbox 1283 1004 1327 1014; x_wconf 91' lang='grc'>-</span> <span class='ocrx_word' id='word_1_344' title='bbox 1343 965 1384 1030; x_wconf 80' lang='grc' dir='ltr'>τά</span> <span class='ocrx_word' id='word_1_345' title='bbox 1401 967 1623 1058; x_wconf 78' lang='grc' dir='ltr'>προειρήμενα)</span> <span class='ocrx_word' id='word_1_346' title='bbox 1640 963 1681 1032; x_wconf 82' lang='grc' dir='ltr'>τά</span> 
     </span>
     <span class='ocr_line' id='line_1_50' title="bbox 932 1072 1131 1161; baseline 0.025 -27"><span class='ocrx_word' id='word_1_347' title='bbox 932 1072 1131 1161; x_wconf 80' lang='grc' dir='ltr'>προκείμενα.</span> 
     </span>
    </p>

    <p class='ocr_par' dir='ltr' id='par_1_13' title="bbox 932 1182 1747 1590">
     <span class='ocr_line' id='line_1_51' title="bbox 978 1182 1682 1268; baseline 0.001 -22"><span class='ocrx_word' id='word_1_348' title='bbox 978 1182 1022 1246; x_wconf 87' lang='lat' dir='ltr'>M.</span> <span class='ocrx_word' id='word_1_349' title='bbox 1046 1182 1102 1249; x_wconf 87' lang='lat' dir='ltr'>fol.</span> <span class='ocrx_word' id='word_1_350' title='bbox 1130 1186 1192 1249; x_wconf 88' lang='grc'>146</span> <span class='ocrx_word' id='word_1_351' title='bbox 1216 1207 1246 1248; x_wconf 90' lang='grc' dir='ltr'>ν.</span> <span class='ocrx_word' id='word_1_352' title='bbox 1266 1185 1344 1250; x_wconf 85' lang='grc'>-1,</span> <span class='ocrx_word' id='word_1_353' title='bbox 1366 1187 1408 1250; x_wconf 90' lang='grc'>43</span> <span class='ocrx_word' id='word_1_354' title='bbox 1433 1184 1546 1260; x_wconf 85' lang='grc' dir='ltr'>σκοπός</span> <span class='ocrx_word' id='word_1_355' title='bbox 1571 1185 1682 1268; x_wconf 76' lang='grc' dir='ltr'>αὐτῆς)</span> 
     </span>
     <span class='ocr_line' id='line_1_52' title="bbox 934 1291 1747 1382; baseline 0.009 -31"><span class='ocrx_word' id='word_1_356' title='bbox 934 1311 982 1353; x_wconf 90' lang='grc' dir='ltr'>σκ.</span> <span class='ocrx_word' id='word_1_357' title='bbox 1008 1293 1121 1364; x_wconf 74' lang='grc' dir='ltr'>αὐτοῖς,</span> <span class='ocrx_word' id='word_1_358' title='bbox 1146 1329 1188 1340; x_wconf 95' lang='lat'>-</span> <span class='ocrx_word' id='word_1_359' title='bbox 1212 1291 1282 1380; x_wconf 72' lang='grc' dir='ltr'>οὐχὶ</span> <span class='ocrx_word' id='word_1_360' title='bbox 1306 1295 1382 1374; x_wconf 88' lang='grc' dir='ltr'>τῶν)</span> <span class='ocrx_word' id='word_1_361' title='bbox 1405 1295 1463 1382; x_wconf 82' lang='grc' dir='ltr'>οόχ</span> <span class='ocrx_word' id='word_1_362' title='bbox 1494 1297 1513 1362; x_wconf 76' lang='grc' dir='ltr'>η</span> <span class='ocrx_word' id='word_1_363' title='bbox 1540 1301 1613 1360; x_wconf 89' lang='grc' dir='ltr'>τῶν.</span> <span class='ocrx_word' id='word_1_364' title='bbox 1637 1331 1682 1343; x_wconf 92' lang='grc'><strong>-</strong></span> <span class='ocrx_word' id='word_1_365' title='bbox 1744 1370 1747 1374; x_wconf 32' lang='grc'>,</span> 
     </span>
     <span class='ocr_line' id='line_1_53' title="bbox 932 1392 1677 1486; baseline 0.003 -24"><span class='ocrx_word' id='word_1_366' title='bbox 932 1398 954 1462; x_wconf 92' lang='grc'>1.</span> <span class='ocrx_word' id='word_1_367' title='bbox 980 1401 1022 1463; x_wconf 91' lang='grc'>44</span> <span class='ocrx_word' id='word_1_368' title='bbox 1047 1400 1192 1485; x_wconf 80' lang='grc' dir='ltr'>έννοοῦσι)</span> <span class='ocrx_word' id='word_1_369' title='bbox 1216 1409 1421 1486; x_wconf 74' lang='grc' dir='ltr'>προεννοοῶσι.</span> <span class='ocrx_word' id='word_1_370' title='bbox 1441 1403 1520 1469; x_wconf 89' lang='grc'>-1,</span> <span class='ocrx_word' id='word_1_371' title='bbox 1545 1405 1587 1469; x_wconf 91' lang='lat'>45</span> <span class='ocrx_word' id='word_1_372' title='bbox 1611 1392 1677 1474; x_wconf 79' lang='grc' dir='ltr'>εἴδη</span> 
     </span>
     <span class='ocr_line' id='line_1_54' title="bbox 933 1499 1616 1590; baseline 0.015 -20"><span class='ocrx_word' id='word_1_373' title='bbox 933 1512 1133 1590; x_wconf 82' lang='grc' dir='ltr'>σκοποῦντες)</span> <span class='ocrx_word' id='word_1_374' title='bbox 1156 1499 1234 1584; x_wconf 81' lang='grc' dir='ltr'>εἴδη,</span> <span class='ocrx_word' id='word_1_375' title='bbox 1259 1509 1300 1573; x_wconf 84' lang='grc' dir='ltr'>τά</span> <span class='ocrx_word' id='word_1_376' title='bbox 1325 1501 1390 1582; x_wconf 80' lang='grc' dir='ltr'>εἴδη</span> <span class='ocrx_word' id='word_1_377' title='bbox 1417 1521 1616 1586; x_wconf 81' lang='grc' dir='ltr'>σκοποῦντες.</span> 
     </span>
    </p>

    <p class='ocr_par' dir='ltr' id='par_1_14' title="bbox 933 1611 1681 1814">
     <span class='ocr_line' id='line_1_55' title="bbox 979 1611 1681 1710; baseline 0 -25"><span class='ocrx_word' id='word_1_378' title='bbox 979 1619 1148 1686; x_wconf 68' lang='grc' dir='ltr'>ὄσίιοῑίιιιιι.</span> <span class='ocrx_word' id='word_1_379' title='bbox 1173 1625 1360 1710; x_wconf 70' lang='grc' dir='ltr'>Ποσαγῶςή</span> <span class='ocrx_word' id='word_1_380' title='bbox 1381 1611 1456 1700; x_wconf 78' lang='grc' dir='ltr'>δόξα</span> <span class='ocrx_word' id='word_1_381' title='bbox 1473 1621 1526 1686; x_wconf 84' lang='grc' dir='ltr'>καὶ</span> <span class='ocrx_word' id='word_1_382' title='bbox 1549 1627 1568 1694; x_wconf 80' lang='grc' dir='ltr'>η</span> <span class='ocrx_word' id='word_1_383' title='bbox 1595 1623 1681 1686; x_wconf 78' lang='grc' dir='ltr'>ἑπισ-</span> 
     </span>
     <span class='ocr_line' id='line_1_56' title="bbox 933 1715 1218 1814; baseline -0.004 -15"><span class='ocrx_word' id='word_1_384' title='bbox 933 1727 1034 1814; x_wconf 81' lang='grc' dir='ltr'>τίμη.</span> <span class='ocrx_word' id='word_1_385' title='bbox 1216 1715 1218 1723; x_wconf 69' lang='grc'><strong>’</strong></span> 
     </span>
    </p>

    <p class='ocr_par' dir='ltr' id='par_1_15' title="bbox 932 1830 1683 2574">
     <span class='ocr_line' id='line_1_57' title="bbox 978 1830 1679 1923; baseline -0.003 -23"><span class='ocrx_word' id='word_1_386' title='bbox 978 1835 1021 1900; x_wconf 90' lang='grc' dir='ltr'>Μ.</span> <span class='ocrx_word' id='word_1_387' title='bbox 1045 1835 1102 1902; x_wconf 86' lang='lat' dir='ltr'>fol.</span> <span class='ocrx_word' id='word_1_388' title='bbox 1130 1840 1202 1903; x_wconf 86' lang='grc'>147.</span> <span class='ocrx_word' id='word_1_389' title='bbox 1229 1837 1316 1923; x_wconf 20' lang='grc'>·-,1.</span> <span class='ocrx_word' id='word_1_390' title='bbox 1342 1841 1381 1904; x_wconf 85' lang='lat'>51</span> <span class='ocrx_word' id='word_1_391' title='bbox 1408 1831 1449 1902; x_wconf 88' lang='grc' dir='ltr'>ὧν</span> <span class='ocrx_word' id='word_1_392' title='bbox 1475 1838 1613 1921; x_wconf 78' lang='grc' dir='ltr'>ἐκείνοις)</span> <span class='ocrx_word' id='word_1_393' title='bbox 1638 1830 1679 1901; x_wconf 83' lang='grc' dir='ltr'>ὧν</span> 
     </span>
     <span class='ocr_line' id='line_1_58' title="bbox 932 1937 1682 2037; baseline -0.005 -23"><span class='ocrx_word' id='word_1_394' title='bbox 932 1944 1063 2018; x_wconf 72' lang='grc' dir='ltr'>ἐκεῖνος.</span> <span class='ocrx_word' id='word_1_395' title='bbox 1080 1982 1124 1992; x_wconf 98' lang='grc'>-</span> <span class='ocrx_word' id='word_1_396' title='bbox 1139 1947 1161 2011; x_wconf 92' lang='grc'>1.</span> <span class='ocrx_word' id='word_1_397' title='bbox 1179 1947 1300 2032; x_wconf 74' lang='lat' dir='ltr'>penult.</span> <span class='ocrx_word' id='word_1_398' title='bbox 1317 1957 1430 2037; x_wconf 88' lang='grc' dir='ltr'>γνῶσιν</span> <span class='ocrx_word' id='word_1_399' title='bbox 1448 1937 1589 2034; x_wconf 88' lang='grc' dir='ltr'>δέουσαν)</span> <span class='ocrx_word' id='word_1_400' title='bbox 1602 1955 1682 2037; x_wconf 86' lang='grc' dir='ltr'>γνῶ-</span> 
     </span>
     <span class='ocr_line' id='line_1_59' title="bbox 933 2042 1683 2148; baseline 0.008 -34"><span class='ocrx_word' id='word_1_401' title='bbox 933 2074 980 2115; x_wconf 91' lang='grc' dir='ltr'>σιν</span> <span class='ocrx_word' id='word_1_402' title='bbox 999 2042 1173 2124; x_wconf 80' lang='grc' dir='ltr'>δεηθεῖσαν.</span> <span class='ocrx_word' id='word_1_403' title='bbox 1194 2095 1234 2103; x_wconf 95' lang='grc'>-</span> <span class='ocrx_word' id='word_1_404' title='bbox 1252 2057 1273 2121; x_wconf 89' lang='lat' dir='ltr'>l.</span> <span class='ocrx_word' id='word_1_405' title='bbox 1291 2057 1348 2123; x_wconf 75' lang='lat' dir='ltr'>ult.</span> <span class='ocrx_word' id='word_1_406' title='bbox 1365 2065 1476 2148; x_wconf 89' lang='grc' dir='ltr'>γνῶσις</span> <span class='ocrx_word' id='word_1_407' title='bbox 1500 2060 1581 2141; x_wconf 73' lang='grc' dir='ltr'>νοῦν)</span> <span class='ocrx_word' id='word_1_408' title='bbox 1606 2066 1683 2148; x_wconf 88' lang='grc' dir='ltr'>γνῶ-</span> 
     </span>
     <span class='ocr_line' id='line_1_60' title="bbox 933 2154 1680 2252; baseline 0.005 -30"><span class='ocrx_word' id='word_1_409' title='bbox 933 2183 976 2234; x_wconf 90' lang='grc' dir='ltr'>σις</span> <span class='ocrx_word' id='word_1_410' title='bbox 1009 2167 1081 2250; x_wconf 88' lang='grc' dir='ltr'>παρ’</span> <span class='ocrx_word' id='word_1_411' title='bbox 1107 2165 1190 2245; x_wconf 82' lang='grc' dir='ltr'>αὐτῷ</span> <span class='ocrx_word' id='word_1_412' title='bbox 1216 2154 1291 2240; x_wconf 81' lang='grc' dir='ltr'>δόξα</span> <span class='ocrx_word' id='word_1_413' title='bbox 1322 2175 1380 2240; x_wconf 83' lang='grc' dir='ltr'>τῆς</span> <span class='ocrx_word' id='word_1_414' title='bbox 1408 2165 1586 2252; x_wconf 73' lang='grc' dir='ltr'>ἐπιστήμης</span> <span class='ocrx_word' id='word_1_415' title='bbox 1617 2173 1680 2228; x_wconf 88' lang='grc' dir='ltr'>τῶν</span> 
     </span>
     <span class='ocr_line' id='line_1_61' title="bbox 933 2264 1679 2362; baseline 0.007 -31"><span class='ocrx_word' id='word_1_416' title='bbox 933 2279 1054 2340; x_wconf 89' lang='grc' dir='ltr'>νοητῶν</span> <span class='ocrx_word' id='word_1_417' title='bbox 1080 2272 1184 2355; x_wconf 84' lang='grc' dir='ltr'>οόσης,</span> <span class='ocrx_word' id='word_1_418' title='bbox 1207 2276 1246 2346; x_wconf 86' lang='grc' dir='ltr'>ῶς</span> <span class='ocrx_word' id='word_1_419' title='bbox 1265 2275 1295 2336; x_wconf 87' lang='grc' dir='ltr'>έν</span> <span class='ocrx_word' id='word_1_420' title='bbox 1313 2274 1435 2360; x_wconf 82' lang='grc' dir='ltr'>Τιμαίῳ</span> <span class='ocrx_word' id='word_1_421' title='bbox 1459 2264 1679 2362; x_wconf 80' lang='grc' dir='ltr'>παραδίδοται·</span> 
     </span>
     <span class='ocr_line' id='line_1_62' title="bbox 933 2376 1680 2472; baseline 0.004 -31"><span class='ocrx_word' id='word_1_422' title='bbox 933 2378 1009 2442; x_wconf 87' lang='grc' dir='ltr'>όταν</span> <span class='ocrx_word' id='word_1_423' title='bbox 1035 2377 1089 2467; x_wconf 85' lang='grc' dir='ltr'>μέν</span> <span class='ocrx_word' id='word_1_424' title='bbox 1114 2376 1133 2466; x_wconf 70' lang='grc' dir='ltr'>ᾖ</span> <span class='ocrx_word' id='word_1_425' title='bbox 1159 2379 1229 2470; x_wconf 84' lang='grc' dir='ltr'>περὶ</span> <span class='ocrx_word' id='word_1_426' title='bbox 1259 2379 1300 2445; x_wconf 85' lang='grc' dir='ltr'>τά</span> <span class='ocrx_word' id='word_1_427' title='bbox 1324 2381 1403 2446; x_wconf 87' lang='grc' dir='ltr'>ὄντα</span> <span class='ocrx_word' id='word_1_428' title='bbox 1431 2387 1449 2456; x_wconf 77' lang='grc' dir='ltr'>η</span> <span class='ocrx_word' id='word_1_429' title='bbox 1476 2392 1588 2472; x_wconf 85' lang='grc' dir='ltr'>γνῶσις</span> <span class='ocrx_word' id='word_1_430' title='bbox 1612 2392 1680 2446; x_wconf 84' lang='grc' dir='ltr'>νοῦν</span> 
     </span>
     <span class='ocr_line' id='line_1_63' title="bbox 932 2487 1122 2574; baseline 0.005 -24"><span class='ocrx_word' id='word_1_431' title='bbox 932 2487 1122 2574; x_wconf 79' lang='grc' dir='ltr'>ἐπιστήμην,</span> 
     </span>
    </p>

    <p class='ocr_par' dir='ltr' id='par_1_16' title="bbox 932 2596 1681 3115">
     <span class='ocr_line' id='line_1_64' title="bbox 977 2596 1681 2684; baseline 0 -23"><span class='ocrx_word' id='word_1_432' title='bbox 977 2596 1021 2660; x_wconf 90' lang='grc' dir='ltr'>Μ.</span> <span class='ocrx_word' id='word_1_433' title='bbox 1046 2596 1101 2662; x_wconf 78' lang='lat' dir='ltr'>fol.</span> <span class='ocrx_word' id='word_1_434' title='bbox 1129 2600 1191 2663; x_wconf 87' lang='lat'>147</span> <span class='ocrx_word' id='word_1_435' title='bbox 1215 2621 1245 2664; x_wconf 86' lang='lat' dir='ltr'>v.</span> <span class='ocrx_word' id='word_1_436' title='bbox 1270 2599 1327 2664; x_wconf 76' lang='lat' dir='ltr'>Ed.</span> <span class='ocrx_word' id='word_1_437' title='bbox 1352 2622 1384 2684; x_wconf 85' lang='lat' dir='ltr'>p.</span> <span class='ocrx_word' id='word_1_438' title='bbox 1408 2600 1584 2665; x_wconf 78' lang='lat' dir='ltr'>424.-l.</span> <span class='ocrx_word' id='word_1_439' title='bbox 1609 2601 1628 2664; x_wconf 92' lang='grc'><strong>5</strong></span> <span class='ocrx_word' id='word_1_440' title='bbox 1654 2603 1681 2662; x_wconf 84' lang='grc' dir='ltr'>εἰ</span> 
     </span>
     <span class='ocr_line' id='line_1_65' title="bbox 933 2702 1681 2786; baseline 0.005 -20"><span class='ocrx_word' id='word_1_441' title='bbox 933 2705 986 2786; x_wconf 83' lang='grc' dir='ltr'>ὡς)</span> <span class='ocrx_word' id='word_1_442' title='bbox 1010 2707 1036 2767; x_wconf 84' lang='grc' dir='ltr'>εἰ</span> <span class='ocrx_word' id='word_1_443' title='bbox 1059 2702 1113 2767; x_wconf 80' lang='grc' dir='ltr'>καί</span> <span class='ocrx_word' id='word_1_444' title='bbox 1130 2708 1180 2778; x_wconf 86' lang='grc' dir='ltr'>ὡς.</span> <span class='ocrx_word' id='word_1_445' title='bbox 1196 2743 1238 2752; x_wconf 99' lang='grc'><strong>-</strong></span> <span class='ocrx_word' id='word_1_446' title='bbox 1256 2705 1278 2772; x_wconf 92' lang='lat' dir='ltr'>l.</span> <span class='ocrx_word' id='word_1_447' title='bbox 1307 2710 1346 2771; x_wconf 91' lang='grc'>10</span> <span class='ocrx_word' id='word_1_448' title='bbox 1371 2703 1454 2769; x_wconf 87' lang='grc' dir='ltr'>κατά</span> <span class='ocrx_word' id='word_1_449' title='bbox 1478 2703 1572 2786; x_wconf 87' lang='grc' dir='ltr'>αὐτά)</span> <span class='ocrx_word' id='word_1_450' title='bbox 1597 2705 1681 2770; x_wconf 79' lang='grc' dir='ltr'>κατά.</span> 
     </span>
     <span class='ocr_line' id='line_1_66' title="bbox 932 2808 1679 2899; baseline 0.005 -27"><span class='ocrx_word' id='word_1_451' title='bbox 932 2808 973 2872; x_wconf 83' lang='grc' dir='ltr'>τά</span> <span class='ocrx_word' id='word_1_452' title='bbox 990 2808 1081 2877; x_wconf 85' lang='grc' dir='ltr'>αότά.</span> <span class='ocrx_word' id='word_1_453' title='bbox 1101 2849 1141 2858; x_wconf 89' lang='grc'>-</span> <span class='ocrx_word' id='word_1_454' title='bbox 1159 2813 1180 2877; x_wconf 94' lang='grc'>1.</span> <span class='ocrx_word' id='word_1_455' title='bbox 1200 2814 1238 2877; x_wconf 93' lang='grc'>11</span> <span class='ocrx_word' id='word_1_456' title='bbox 1259 2809 1395 2875; x_wconf 79' lang='grc' dir='ltr'>καθόλου</span> <span class='ocrx_word' id='word_1_457' title='bbox 1415 2810 1584 2899; x_wconf 86' lang='grc' dir='ltr'>ἑπιστητά)</span> <span class='ocrx_word' id='word_1_458' title='bbox 1609 2809 1679 2880; x_wconf 79' lang='grc' dir='ltr'>καθ.</span> 
     </span>
     <span class='ocr_line' id='line_1_67' title="bbox 933 2909 1680 3008; baseline 0.001 -29"><span class='ocrx_word' id='word_1_459' title='bbox 933 2915 975 2980; x_wconf 82' lang='grc' dir='ltr'>τά</span> <span class='ocrx_word' id='word_1_460' title='bbox 998 2921 1100 2984; x_wconf 86' lang='grc' dir='ltr'>ἑπιστ.</span> <span class='ocrx_word' id='word_1_461' title='bbox 1120 2957 1159 2966; x_wconf 93' lang='grc'>-</span> <span class='ocrx_word' id='word_1_462' title='bbox 1177 2919 1199 2985; x_wconf 97' lang='lat' dir='ltr'>l.</span> <span class='ocrx_word' id='word_1_463' title='bbox 1219 2921 1258 2984; x_wconf 83' lang='lat'>13</span> <span class='ocrx_word' id='word_1_464' title='bbox 1284 2911 1442 3008; x_wconf 81' lang='grc' dir='ltr'>διάρορον)</span> <span class='ocrx_word' id='word_1_465' title='bbox 1466 2909 1619 3008; x_wconf 86' lang='grc' dir='ltr'>διαφέρον,</span> <span class='ocrx_word' id='word_1_466' title='bbox 1637 2957 1680 2970; x_wconf 92' lang='grc'>-</span> 
     </span>
     <span class='ocr_line' id='line_1_68' title="bbox 932 3026 1607 3115; baseline 0 -24"><span class='ocrx_word' id='word_1_467' title='bbox 932 3026 954 3093; x_wconf 95' lang='lat' dir='ltr'>l.</span> <span class='ocrx_word' id='word_1_468' title='bbox 981 3031 1020 3092; x_wconf 85' lang='lat'>15</span> <span class='ocrx_word' id='word_1_469' title='bbox 1045 3027 1118 3114; x_wconf 74' lang='grc' dir='ltr'>ἔχη)</span> <span class='ocrx_word' id='word_1_470' title='bbox 1143 3027 1221 3115; x_wconf 78' lang='grc' dir='ltr'>ἔχοι.</span> <span class='ocrx_word' id='word_1_471' title='bbox 1247 3065 1289 3076; x_wconf 90' lang='grc'>--</span> <span class='ocrx_word' id='word_1_472' title='bbox 1313 3029 1334 3093; x_wconf 94' lang='grc'>1.</span> <span class='ocrx_word' id='word_1_473' title='bbox 1361 3032 1401 3094; x_wconf 94' lang='grc'>16</span> <span class='ocrx_word' id='word_1_474' title='bbox 1425 3027 1504 3115; x_wconf 73' lang='grc' dir='ltr'>ἔχει)</span> <span class='ocrx_word' id='word_1_475' title='bbox 1530 3029 1607 3114; x_wconf 76' lang='grc' dir='ltr'>ἔχοι.</span> 
     </span>
    </p>

    <p class='ocr_par' dir='ltr' id='par_1_17' title="bbox 932 3125 1679 3427">
     <span class='ocr_line' id='line_1_69' title="bbox 976 3125 1678 3224; baseline -0.003 -26"><span class='ocrx_word' id='word_1_476' title='bbox 976 3133 1020 3199; x_wconf 89' lang='grc' dir='ltr'>Μ.</span> <span class='ocrx_word' id='word_1_477' title='bbox 1038 3136 1093 3200; x_wconf 83' lang='lat' dir='ltr'>fol.</span> <span class='ocrx_word' id='word_1_478' title='bbox 1114 3137 1186 3200; x_wconf 82' lang='lat'>148.</span> <span class='ocrx_word' id='word_1_479' title='bbox 1205 3172 1246 3181; x_wconf 91' lang='lat'>—</span> <span class='ocrx_word' id='word_1_480' title='bbox 1263 3134 1284 3199; x_wconf 94' lang='grc'>1.</span> <span class='ocrx_word' id='word_1_481' title='bbox 1303 3138 1344 3199; x_wconf 88' lang='grc'>30</span> <span class='ocrx_word' id='word_1_482' title='bbox 1361 3133 1444 3223; x_wconf 84' lang='grc' dir='ltr'>λέγοι</span> <span class='ocrx_word' id='word_1_483' title='bbox 1470 3125 1507 3202; x_wconf 75' lang='grc' dir='ltr'>δὴ</span> <span class='ocrx_word' id='word_1_484' title='bbox 1527 3131 1570 3215; x_wconf 77' lang='grc' dir='ltr'>ἓν)</span> <span class='ocrx_word' id='word_1_485' title='bbox 1594 3132 1678 3224; x_wconf 82' lang='grc' dir='ltr'>λέγοι</span> 
     </span>
     <span class='ocr_line' id='line_1_70' title="bbox 932 3233 1679 3323; baseline 0 -17"><span class='ocrx_word' id='word_1_486' title='bbox 932 3233 970 3314; x_wconf 75' lang='grc' dir='ltr'>δὴ</span> <span class='ocrx_word' id='word_1_487' title='bbox 996 3244 1033 3307; x_wconf 83' lang='grc' dir='ltr'>τό</span> <span class='ocrx_word' id='word_1_488' title='bbox 1057 3243 1098 3309; x_wconf 89' lang='grc' dir='ltr'>ἕν.</span> <span class='ocrx_word' id='word_1_489' title='bbox 1116 3283 1156 3291; x_wconf 95' lang='grc'>-</span> <span class='ocrx_word' id='word_1_490' title='bbox 1175 3245 1197 3310; x_wconf 90' lang='grc'>1.</span> <span class='ocrx_word' id='word_1_491' title='bbox 1215 3247 1254 3309; x_wconf 92' lang='grc'>31</span> <span class='ocrx_word' id='word_1_492' title='bbox 1281 3243 1368 3318; x_wconf 85' lang='grc' dir='ltr'>αὐτό,</span> <span class='ocrx_word' id='word_1_493' title='bbox 1393 3233 1514 3323; x_wconf 76' lang='grc' dir='ltr'>ἐπειδη)</span> <span class='ocrx_word' id='word_1_494' title='bbox 1540 3233 1616 3306; x_wconf 71' lang='grc' dir='ltr'>αὐτό</span> <span class='ocrx_word' id='word_1_495' title='bbox 1641 3241 1679 3306; x_wconf 87' lang='grc' dir='ltr'>τό</span> 
     </span>
     <span class='ocr_line' id='line_1_71' title="bbox 932 3342 1172 3427; baseline 0.004 -12"><span class='ocrx_word' id='word_1_496' title='bbox 932 3342 1029 3427; x_wconf 78' lang='grc' dir='ltr'>οόδὲν,</span> <span class='ocrx_word' id='word_1_497' title='bbox 1054 3343 1172 3423; x_wconf 77' lang='grc' dir='ltr'>ἐπειδή.</span> 
     </span>
    </p>

    <p class='ocr_par' dir='ltr' id='par_1_18' title="bbox 933 3455 1681 3642">
     <span class='ocr_line' id='line_1_72' title="bbox 977 3455 1681 3527; baseline -0.003 -3"><span class='ocrx_word' id='word_1_498' title='bbox 977 3461 1021 3526; x_wconf 87' lang='grc' dir='ltr'>Μ.</span> <span class='ocrx_word' id='word_1_499' title='bbox 1046 3461 1101 3526; x_wconf 84' lang='lat' dir='ltr'>fol.</span> <span class='ocrx_word' id='word_1_500' title='bbox 1129 3461 1190 3526; x_wconf 90' lang='grc'>148</span> <span class='ocrx_word' id='word_1_501' title='bbox 1216 3483 1245 3526; x_wconf 92' lang='lat' dir='ltr'>v.</span> <span class='ocrx_word' id='word_1_502' title='bbox 1271 3459 1357 3526; x_wconf 90' lang='grc'>-1.</span> <span class='ocrx_word' id='word_1_503' title='bbox 1383 3461 1424 3527; x_wconf 88' lang='lat'>35</span> <span class='ocrx_word' id='word_1_504' title='bbox 1451 3462 1506 3524; x_wconf 79' lang='grc' dir='ltr'>οόκ</span> <span class='ocrx_word' id='word_1_505' title='bbox 1536 3455 1578 3524; x_wconf 83' lang='grc' dir='ltr'>ὢν</span> <span class='ocrx_word' id='word_1_506' title='bbox 1612 3463 1681 3523; x_wconf 81' lang='grc' dir='ltr'>ἱκα-</span> 
     </span>
     <span class='ocr_line' id='line_1_73' title="bbox 933 3567 1046 3642; baseline -0.027 0"><span class='ocrx_word' id='word_1_507' title='bbox 933 3567 981 3642; x_wconf 78' lang='grc' dir='ltr'>νός</span> <span class='ocrx_word' id='word_1_508' title='bbox 1007 3587 1046 3639; x_wconf 83' lang='grc'>-;;·</span> 
     </span>
    </p>

    <p class='ocr_par' dir='ltr' id='par_1_19' title="bbox 930 3673 1682 5492">
     <span class='ocr_line' id='line_1_74' title="bbox 977 3673 1680 3763; baseline -0.007 -18"><span class='ocrx_word' id='word_1_509' title='bbox 977 3693 1017 3745; x_wconf 90' lang='lat'>—::-</span> <span class='ocrx_word' id='word_1_510' title='bbox 1042 3675 1212 3743; x_wconf 72' lang='lat' dir='ltr'>Selaeolimn.</span> <span class='ocrx_word' id='word_1_511' title='bbox 1228 3680 1395 3762; x_wconf 83' lang='grc' dir='ltr'>Τετρακῶς</span> <span class='ocrx_word' id='word_1_512' title='bbox 1412 3675 1449 3739; x_wconf 79' lang='grc' dir='ltr'>τό</span> <span class='ocrx_word' id='word_1_513' title='bbox 1467 3673 1509 3763; x_wconf 86' lang='grc' dir='ltr'>μὴ</span> <span class='ocrx_word' id='word_1_514' title='bbox 1528 3675 1574 3741; x_wconf 88' lang='grc' dir='ltr'>ὄν·</span> <span class='ocrx_word' id='word_1_515' title='bbox 1597 3674 1616 3747; x_wconf 76' lang='grc' dir='ltr'><strong>ἢ</strong></span> <span class='ocrx_word' id='word_1_516' title='bbox 1642 3675 1680 3740; x_wconf 84' lang='grc' dir='ltr'>τό</span> 
     </span>
     <span class='ocr_line' id='line_1_75' title="bbox 932 3781 1680 3872; baseline 0 -26"><span class='ocrx_word' id='word_1_517' title='bbox 932 3783 1123 3872; x_wconf 79' lang='grc' dir='ltr'>ὑπεροόσιον,</span> <span class='ocrx_word' id='word_1_518' title='bbox 1147 3788 1186 3858; x_wconf 89' lang='grc' dir='ltr'>ὡς</span> <span class='ocrx_word' id='word_1_519' title='bbox 1203 3782 1240 3846; x_wconf 89' lang='grc' dir='ltr'>τό</span> <span class='ocrx_word' id='word_1_520' title='bbox 1262 3791 1395 3870; x_wconf 88' lang='grc' dir='ltr'>πρῶτον·</span> <span class='ocrx_word' id='word_1_521' title='bbox 1413 3781 1431 3854; x_wconf 72' lang='grc' dir='ltr'>ά,</span> <span class='ocrx_word' id='word_1_522' title='bbox 1450 3783 1488 3847; x_wconf 86' lang='grc' dir='ltr'>τό</span> <span class='ocrx_word' id='word_1_523' title='bbox 1512 3781 1596 3848; x_wconf 78' lang='grc' dir='ltr'>κατά</span> <span class='ocrx_word' id='word_1_524' title='bbox 1620 3783 1680 3858; x_wconf 78' lang='grc' dir='ltr'>τὴν</span> 
     </span>
     <span class='ocr_line' id='line_1_76' title="bbox 932 3888 1680 3980; baseline -0.001 -25"><span class='ocrx_word' id='word_1_525' title='bbox 932 3892 1117 3980; x_wconf 83' lang='grc' dir='ltr'>ἑτερότητα,</span> <span class='ocrx_word' id='word_1_526' title='bbox 1136 3891 1153 3954; x_wconf 86' lang='grc' dir='ltr'>ό</span> <span class='ocrx_word' id='word_1_527' title='bbox 1170 3915 1201 3954; x_wconf 87' lang='grc' dir='ltr'>τι</span> <span class='ocrx_word' id='word_1_528' title='bbox 1219 3888 1260 3977; x_wconf 79' lang='grc' dir='ltr'>μὴ</span> <span class='ocrx_word' id='word_1_529' title='bbox 1279 3888 1314 3955; x_wconf 85' lang='grc' dir='ltr'>ὄν</span> <span class='ocrx_word' id='word_1_530' title='bbox 1332 3892 1425 3954; x_wconf 84' lang='grc' dir='ltr'>καλεῖ</span> <span class='ocrx_word' id='word_1_531' title='bbox 1447 3890 1680 3980; x_wconf 83' lang='grc' dir='ltr'>Ἀριστοτέλης,</span> 
     </span>
     <span class='ocr_line' id='line_1_77' title="bbox 934 3989 1678 4087; baseline 0 -25"><span class='ocrx_word' id='word_1_532' title='bbox 934 3998 1068 4062; x_wconf 85' lang='grc' dir='ltr'>Πλάτων</span> <span class='ocrx_word' id='word_1_533' title='bbox 1094 3989 1127 4062; x_wconf 85' lang='grc' dir='ltr'>δὲ</span> <span class='ocrx_word' id='word_1_534' title='bbox 1151 4000 1184 4061; x_wconf 80' lang='grc' dir='ltr'>οὐ</span> <span class='ocrx_word' id='word_1_535' title='bbox 1201 3996 1275 4087; x_wconf 84' lang='grc' dir='ltr'>παρ’</span> <span class='ocrx_word' id='word_1_536' title='bbox 1295 3999 1429 4062; x_wconf 83' lang='grc' dir='ltr'>ἔλαττον</span> <span class='ocrx_word' id='word_1_537' title='bbox 1455 4007 1509 4061; x_wconf 73' lang='grc' dir='ltr'>τοῦ</span> <span class='ocrx_word' id='word_1_538' title='bbox 1534 3997 1633 4072; x_wconf 88' lang='grc' dir='ltr'>ὄντος·</span> <span class='ocrx_word' id='word_1_539' title='bbox 1659 3994 1678 4067; x_wconf 81' lang='grc' dir='ltr'>ἢ</span> 
     </span>
     <span class='ocr_line' id='line_1_78' title="bbox 932 4101 1680 4192; baseline -0.004 -23"><span class='ocrx_word' id='word_1_540' title='bbox 932 4106 970 4169; x_wconf 78' lang='grc' dir='ltr'>τὸ</span> <span class='ocrx_word' id='word_1_541' title='bbox 996 4101 1157 4185; x_wconf 79' lang='grc' dir='ltr'>αἰσθητόν,</span> <span class='ocrx_word' id='word_1_542' title='bbox 1181 4104 1255 4192; x_wconf 75' lang='grc' dir='ltr'>πρὸς</span> <span class='ocrx_word' id='word_1_543' title='bbox 1279 4103 1317 4167; x_wconf 80' lang='grc' dir='ltr'>τ“ο</span> <span class='ocrx_word' id='word_1_544' title='bbox 1342 4103 1467 4178; x_wconf 84' lang='grc' dir='ltr'>νοητόν,</span> <span class='ocrx_word' id='word_1_545' title='bbox 1485 4102 1558 4192; x_wconf 86' lang='grc' dir='ltr'>όπερ</span> <span class='ocrx_word' id='word_1_546' title='bbox 1581 4102 1680 4177; x_wconf 87' lang='grc' dir='ltr'>ὄντως</span> 
     </span>
     <span class='ocr_line' id='line_1_79' title="bbox 933 4201 1679 4300; baseline -0.003 -25"><span class='ocrx_word' id='word_1_547' title='bbox 933 4208 965 4275; x_wconf 86' lang='grc' dir='ltr'>ὄν</span> <span class='ocrx_word' id='word_1_548' title='bbox 989 4211 1137 4300; x_wconf 80' lang='grc' dir='ltr'>λέγεται,</span> <span class='ocrx_word' id='word_1_549' title='bbox 1163 4201 1464 4299; x_wconf 80' lang='grc' dir='ltr'>παραόαλλόμενον·</span> <span class='ocrx_word' id='word_1_550' title='bbox 1490 4208 1509 4280; x_wconf 75' lang='grc' dir='ltr'><strong>ἢ</strong></span> <span class='ocrx_word' id='word_1_551' title='bbox 1535 4209 1613 4284; x_wconf 80' lang='grc' dir='ltr'>ὕλη,</span> <span class='ocrx_word' id='word_1_552' title='bbox 1638 4215 1679 4285; x_wconf 85' lang='grc' dir='ltr'>ὡς</span> 
     </span>
     <span class='ocr_line' id='line_1_80' title="bbox 931 4307 1681 4407; baseline -0.001 -25"><span class='ocrx_word' id='word_1_553' title='bbox 931 4309 1019 4382; x_wconf 79' lang='grc' dir='ltr'>ο·“ιδέν</span> <span class='ocrx_word' id='word_1_554' title='bbox 1036 4311 1122 4400; x_wconf 83' lang='grc' dir='ltr'>οὖσα,</span> <span class='ocrx_word' id='word_1_555' title='bbox 1140 4319 1288 4407; x_wconf 76' lang='grc' dir='ltr'>ἐνεργείᾳ·</span> <span class='ocrx_word' id='word_1_556' title='bbox 1305 4317 1323 4388; x_wconf 73' lang='grc' dir='ltr'><strong>ἢ</strong></span> <span class='ocrx_word' id='word_1_557' title='bbox 1343 4319 1380 4381; x_wconf 85' lang='grc' dir='ltr'>τό</span> <span class='ocrx_word' id='word_1_558' title='bbox 1399 4307 1552 4405; x_wconf 88' lang='grc' dir='ltr'>μηδαμῶς</span> <span class='ocrx_word' id='word_1_559' title='bbox 1567 4314 1603 4383; x_wconf 84' lang='grc' dir='ltr'>ὄν</span> <span class='ocrx_word' id='word_1_560' title='bbox 1627 4318 1681 4381; x_wconf 83' lang='grc' dir='ltr'>καὶ</span> 
     </span>
     <span class='ocr_line' id='line_1_81' title="bbox 932 4423 1679 4514; baseline -0.007 -24"><span class='ocrx_word' id='word_1_561' title='bbox 932 4429 1038 4502; x_wconf 85' lang='grc' dir='ltr'>ἁπλῶς</span> <span class='ocrx_word' id='word_1_562' title='bbox 1063 4424 1105 4514; x_wconf 77' lang='grc' dir='ltr'>μὴ</span> <span class='ocrx_word' id='word_1_563' title='bbox 1120 4424 1170 4512; x_wconf 71' lang='grc' dir='ltr'>δυ,</span> <span class='ocrx_word' id='word_1_564' title='bbox 1188 4423 1271 4489; x_wconf 78' lang='grc' dir='ltr'>κατά</span> <span class='ocrx_word' id='word_1_565' title='bbox 1287 4425 1341 4489; x_wconf 83' lang='grc' dir='ltr'>τόν</span> <span class='ocrx_word' id='word_1_566' title='bbox 1362 4436 1417 4489; x_wconf 76' lang='grc' dir='ltr'>τοῦ</span> <span class='ocrx_word' id='word_1_567' title='bbox 1442 4423 1679 4514; x_wconf 83' lang='grc' dir='ltr'>Ἀριστοτέλους</span> 
     </span>
     <span class='ocr_line' id='line_1_82' title="bbox 932 4529 1682 4626; baseline -0.003 -29"><span class='ocrx_word' id='word_1_568' title='bbox 932 4535 1026 4626; x_wconf 90' lang='grc' dir='ltr'>λόγον</span> <span class='ocrx_word' id='word_1_569' title='bbox 1059 4534 1180 4599; x_wconf 80' lang='grc' dir='ltr'>τοότων</span> <span class='ocrx_word' id='word_1_570' title='bbox 1205 4529 1257 4598; x_wconf 75' lang='grc' dir='ltr'>οὖν</span> <span class='ocrx_word' id='word_1_571' title='bbox 1283 4532 1324 4598; x_wconf 81' lang='grc' dir='ltr'>τά</span> <span class='ocrx_word' id='word_1_572' title='bbox 1357 4533 1436 4624; x_wconf 86' lang='grc' dir='ltr'>ἄκρα</span> <span class='ocrx_word' id='word_1_573' title='bbox 1465 4535 1564 4623; x_wconf 90' lang='grc' dir='ltr'>μόνως</span> <span class='ocrx_word' id='word_1_574' title='bbox 1595 4533 1682 4616; x_wconf 76' lang='grc' dir='ltr'>ἐκβέ-</span> 
     </span>
     <span class='ocr_line' id='line_1_83' title="bbox 932 4637 1680 4731; baseline -0.005 -23"><span class='ocrx_word' id='word_1_575' title='bbox 932 4637 1013 4716; x_wconf 83' lang='grc' dir='ltr'>ὄηκε</span> <span class='ocrx_word' id='word_1_576' title='bbox 1038 4643 1078 4708; x_wconf 82' lang='grc' dir='ltr'>τά</span> <span class='ocrx_word' id='word_1_577' title='bbox 1100 4643 1190 4726; x_wconf 84' lang='grc' dir='ltr'>ὄντα,</span> <span class='ocrx_word' id='word_1_578' title='bbox 1209 4643 1246 4706; x_wconf 84' lang='grc' dir='ltr'>τό</span> <span class='ocrx_word' id='word_1_579' title='bbox 1264 4642 1318 4731; x_wconf 85' lang='grc' dir='ltr'>μέν</span> <span class='ocrx_word' id='word_1_580' title='bbox 1336 4642 1387 4707; x_wconf 85' lang='grc' dir='ltr'>ἐπὶ</span> <span class='ocrx_word' id='word_1_581' title='bbox 1404 4643 1441 4706; x_wconf 86' lang='grc' dir='ltr'>τό</span> <span class='ocrx_word' id='word_1_582' title='bbox 1466 4651 1618 4730; x_wconf 81' lang='grc' dir='ltr'>κρεῖττον,</span> <span class='ocrx_word' id='word_1_583' title='bbox 1642 4639 1680 4704; x_wconf 84' lang='grc' dir='ltr'>τό</span> 
     </span>
     <span class='ocr_line' id='line_1_84' title="bbox 933 4743 1680 4842; baseline -0.005 -26"><span class='ocrx_word' id='word_1_584' title='bbox 933 4744 965 4818; x_wconf 83' lang='grc' dir='ltr'>δέ</span> <span class='ocrx_word' id='word_1_585' title='bbox 983 4753 1034 4817; x_wconf 86' lang='grc' dir='ltr'>επὶ</span> <span class='ocrx_word' id='word_1_586' title='bbox 1050 4753 1087 4816; x_wconf 75' lang='grc' dir='ltr'>τὸ</span> <span class='ocrx_word' id='word_1_587' title='bbox 1100 4763 1213 4842; x_wconf 78' lang='grc' dir='ltr'>χεῖρον·</span> <span class='ocrx_word' id='word_1_588' title='bbox 1228 4761 1290 4815; x_wconf 92' lang='grc' dir='ltr'>τῶν</span> <span class='ocrx_word' id='word_1_589' title='bbox 1305 4743 1458 4842; x_wconf 86' lang='grc' dir='ltr'>δὲ’μέσων</span> <span class='ocrx_word' id='word_1_590' title='bbox 1476 4751 1513 4815; x_wconf 84' lang='grc' dir='ltr'>τό</span> <span class='ocrx_word' id='word_1_591' title='bbox 1532 4750 1585 4840; x_wconf 85' lang='grc' dir='ltr'>μὲν</span> <span class='ocrx_word' id='word_1_592' title='bbox 1604 4743 1680 4814; x_wconf 82' lang='grc' dir='ltr'>εἶναι</span> 
     </span>
     <span class='ocr_line' id='line_1_85' title="bbox 930 4848 1680 4947; baseline -0.011 -22"><span class='ocrx_word' id='word_1_593' title='bbox 930 4871 974 4946; x_wconf 79' lang='grc' dir='ltr'>πῇ</span> <span class='ocrx_word' id='word_1_594' title='bbox 1002 4859 1057 4947; x_wconf 85' lang='grc' dir='ltr'>μὲν</span> <span class='ocrx_word' id='word_1_595' title='bbox 1081 4855 1127 4940; x_wconf 80' lang='grc' dir='ltr'>ὄν,</span> <span class='ocrx_word' id='word_1_596' title='bbox 1151 4868 1195 4943; x_wconf 77' lang='grc' dir='ltr'>πῇ</span> <span class='ocrx_word' id='word_1_597' title='bbox 1227 4849 1327 4945; x_wconf 79' lang='grc' dir='ltr'>δὲμὴ</span> <span class='ocrx_word' id='word_1_598' title='bbox 1354 4857 1400 4923; x_wconf 90' lang='grc' dir='ltr'>ὄν·</span> <span class='ocrx_word' id='word_1_599' title='bbox 1423 4855 1461 4922; x_wconf 87' lang='grc' dir='ltr'>τό</span> <span class='ocrx_word' id='word_1_600' title='bbox 1494 4848 1527 4921; x_wconf 85' lang='grc' dir='ltr'>δὲ</span> <span class='ocrx_word' id='word_1_601' title='bbox 1550 4855 1624 4946; x_wconf 84' lang='grc' dir='ltr'>πρός</span> <span class='ocrx_word' id='word_1_602' title='bbox 1648 4879 1680 4918; x_wconf 91' lang='grc' dir='ltr'>τι</span> 
     </span>
     <span class='ocr_line' id='line_1_86' title="bbox 932 4958 1679 5056; baseline -0.009 -23"><span class='ocrx_word' id='word_1_603' title='bbox 932 4968 987 5056; x_wconf 82' lang='grc' dir='ltr'>μὲν</span> <span class='ocrx_word' id='word_1_604' title='bbox 1011 4965 1057 5043; x_wconf 86' lang='grc' dir='ltr'>ὄν,</span> <span class='ocrx_word' id='word_1_605' title='bbox 1082 4968 1156 5055; x_wconf 90' lang='grc' dir='ltr'>πρός</span> <span class='ocrx_word' id='word_1_606' title='bbox 1188 4992 1220 5032; x_wconf 94' lang='grc' dir='ltr'>τι</span> <span class='ocrx_word' id='word_1_607' title='bbox 1253 4959 1286 5031; x_wconf 84' lang='grc' dir='ltr'>δέ</span> <span class='ocrx_word' id='word_1_608' title='bbox 1311 4965 1353 5056; x_wconf 78' lang='grc' dir='ltr'>μὴ</span> <span class='ocrx_word' id='word_1_609' title='bbox 1382 4966 1429 5042; x_wconf 92' lang='grc' dir='ltr'>ὄν,</span> <span class='ocrx_word' id='word_1_610' title='bbox 1453 4975 1516 5030; x_wconf 87' lang='grc' dir='ltr'>τῶν</span> <span class='ocrx_word' id='word_1_611' title='bbox 1549 4964 1603 5054; x_wconf 85' lang='grc' dir='ltr'>μὲν</span> <span class='ocrx_word' id='word_1_612' title='bbox 1628 4958 1679 5028; x_wconf 79' lang='grc' dir='ltr'>οὖν</span> 
     </span>
     <span class='ocr_line' id='line_1_87' title="bbox 933 5071 1682 5166; baseline -0.005 -26"><span class='ocrx_word' id='word_1_613' title='bbox 933 5075 1034 5164; x_wconf 84' lang='grc' dir='ltr'>ἄκρων</span> <span class='ocrx_word' id='word_1_614' title='bbox 1058 5077 1095 5140; x_wconf 78' lang='grc' dir='ltr'>τό</span> <span class='ocrx_word' id='word_1_615' title='bbox 1114 5075 1169 5164; x_wconf 86' lang='grc' dir='ltr'>μὲν</span> <span class='ocrx_word' id='word_1_616' title='bbox 1187 5087 1329 5166; x_wconf 82' lang='grc' dir='ltr'>κρεῖττον</span> <span class='ocrx_word' id='word_1_617' title='bbox 1347 5075 1383 5139; x_wconf 86' lang='grc' dir='ltr'>άν</span> <span class='ocrx_word' id='word_1_618' title='bbox 1402 5077 1447 5147; x_wconf 77' lang='grc' dir='ltr'>εἴη</span> <span class='ocrx_word' id='word_1_619' title='bbox 1473 5073 1577 5148; x_wconf 89' lang='grc' dir='ltr'>πάσης</span> <span class='ocrx_word' id='word_1_620' title='bbox 1601 5071 1682 5164; x_wconf 85' lang='grc' dir='ltr'>γνώ-</span> 
     </span>
     <span class='ocr_line' id='line_1_88' title="bbox 932 5173 1681 5271; baseline -0.008 -22"><span class='ocrx_word' id='word_1_621' title='bbox 932 5209 1008 5260; x_wconf 89' lang='grc' dir='ltr'>σεως</span> <span class='ocrx_word' id='word_1_622' title='bbox 1025 5175 1244 5258; x_wconf 77' lang='grc' dir='ltr'>ἑπίόλητικης·</span> <span class='ocrx_word' id='word_1_623' title='bbox 1260 5174 1341 5246; x_wconf 90' lang='grc' dir='ltr'>διότι</span> <span class='ocrx_word' id='word_1_624' title='bbox 1353 5191 1439 5246; x_wconf 83' lang='grc' dir='ltr'>πᾶσα</span> <span class='ocrx_word' id='word_1_625' title='bbox 1455 5191 1567 5271; x_wconf 85' lang='grc' dir='ltr'>γνῶσις</span> <span class='ocrx_word' id='word_1_626' title='bbox 1584 5173 1681 5256; x_wconf 85' lang='grc' dir='ltr'>εἴδους</span> 
     </span>
     <span class='ocr_line' id='line_1_89' title="bbox 931 5281 1680 5378; baseline -0.008 -23"><span class='ocrx_word' id='word_1_627' title='bbox 931 5293 1015 5368; x_wconf 88' lang='grc' dir='ltr'>τινός</span> <span class='ocrx_word' id='word_1_628' title='bbox 1038 5295 1122 5355; x_wconf 86' lang='grc' dir='ltr'>ἐστιν</span> <span class='ocrx_word' id='word_1_629' title='bbox 1148 5287 1323 5378; x_wconf 71' lang='grc' dir='ltr'>ἀντίληψις,</span> <span class='ocrx_word' id='word_1_630' title='bbox 1348 5295 1448 5354; x_wconf 84' lang='grc' dir='ltr'>έκεῖνο</span> <span class='ocrx_word' id='word_1_631' title='bbox 1466 5281 1499 5353; x_wconf 84' lang='grc' dir='ltr'>δὲ</span> <span class='ocrx_word' id='word_1_632' title='bbox 1521 5288 1596 5376; x_wconf 85' lang='grc' dir='ltr'>ὑπέρ</span> <span class='ocrx_word' id='word_1_633' title='bbox 1619 5297 1680 5350; x_wconf 80' lang='grc' dir='ltr'>πᾶν</span> 
     </span>
     <span class='ocr_line' id='line_1_90' title="bbox 930 5391 1680 5492; baseline -0.007 -27"><span class='ocrx_word' id='word_1_634' title='bbox 930 5393 1020 5484; x_wconf 78' lang='grc' dir='ltr'>εἶδος,</span> <span class='ocrx_word' id='word_1_635' title='bbox 1044 5401 1184 5492; x_wconf 87' lang='grc' dir='ltr'>γνωστόν</span> <span class='ocrx_word' id='word_1_636' title='bbox 1203 5391 1237 5464; x_wconf 81' lang='grc' dir='ltr'>δέ</span> <span class='ocrx_word' id='word_1_637' title='bbox 1253 5399 1352 5488; x_wconf 88' lang='grc' dir='ltr'>μόνως</span> <span class='ocrx_word' id='word_1_638' title='bbox 1370 5397 1454 5463; x_wconf 81' lang='grc' dir='ltr'>κατά</span> <span class='ocrx_word' id='word_1_639' title='bbox 1471 5396 1530 5470; x_wconf 69' lang='grc' dir='ltr'>τὴν</span> <span class='ocrx_word' id='word_1_640' title='bbox 1546 5397 1621 5488; x_wconf 84' lang='grc' dir='ltr'>πρός</span> <span class='ocrx_word' id='word_1_641' title='bbox 1638 5394 1680 5461; x_wconf 76' lang='grc' dir='ltr'>τά</span> 
     </span>
    </p>
   </div>
   <div class='ocr_carea' id='block_1_7' title="bbox 0 0 1976 6068">
    <p class='ocr_par' dir='ltr' id='par_1_20' title="bbox 0 0 1976 6068">
     <span class='ocr_line' id='line_1_91' title="bbox 0 0 1976 6068; baseline 0 0"><span class='ocrx_word' id='word_1_642' title='bbox 0 0 1976 6068; x_wconf 95' lang='lat' dir='ltr'> </span> 
     </span>
    </p>
   </div>
  </div>
 </body>
</html>
