3978 6070
299 519 352 576 122
643 509 769 602 Οιηιίιει·
788 513 918 586 ταμείου
938 511 1095 603 coelestis,
1114 513 1265 587 humana
1290 515 1495 606 Thamyrae.

299 689 416 766 Μοῦσα,
441 682 557 750 καὶτὸ
581 681 662 774 μετά
687 677 815 750 Λέσύιον
839 677 917 770 ᾠδόν
942 691 984 763 είς
1007 689 1175 777 παροιμίαν
1191 681 1376 766 ἐξενίκησεν·
1395 687 1615 779 ἀποχρώμενος
1634 679 1667 754 δέ
1691 689 1762 754 ἀντὶ
1785 699 1843 765 τῆς

297 788 462 880 ὑπεροψίας
486 801 548 856 τῶν
573 790 851 881 ἐκτεθηλυσμένων
876 798 978 881 μελῶν
1003 793 1193 885 ἀπεχθείᾳ’)
1219 796 1292 885 πρός
1316 797 1353 860 τό
1378 794 1457 868 θῆλυ
1481 806 1542 860 πᾶν
1567 789 1692 880 λαθών,
1717 797 1844 888 ἐμπαθῆ

297 899 432 976 ποιήσας
456 899 608 989 μουσικὴν
633 897 735 989 ψυχήν
759 902 833 990 πρὸς
858 901 1051 992 ἀνθρωπίνην
1075 903 1174 993 φύσιν,
1192 904 1246 968 καί
1268 898 1350 982 ζωὴν
1369 904 1564 993 μεθιστάνειν
1581 915 1683 970 πᾶσαν
1708 896 1844 986 τοιάνδε,

298 1005 356 1072 κάν
381 1003 400 1094 ᾗ
427 1008 559 1096 μουσικὴ
586 1003 669 1088 ζωὴν
694 1013 735 1083 εἰς
756 1011 898 1099 ἀλογίαν,
923 1012 995 1075 οὔτε
1019 1004 1078 1088 ἔξω
1102 1023 1252 1099 μουσικῆς
1275 1011 1313 1086 ἣν
1337 1004 1535 1098 ἐπετήδευεν,
1558 1015 1629 1080 οὔτε
1654 1013 1846 1105 ἀνθρωπίνην

258 1142 270 1181 ε
297 1113 336 1188 ἢν
354 1108 515 1194 ἐξέκλινεν·
533 1121 589 1181 οὺκ
606 1117 664 1208 ἀρα
681 1108 751 1182 υόδέ
767 1122 783 1181 ὁ
801 1119 945 1206 μουσικός
961 1120 1025 1203 βίος
1038 1113 1129 1198 σώζει
1141 1119 1201 1191 τῆν
1215 1119 1318 1210 ψυχὴν
1336 1119 1406 1186 ἀνευ
1425 1119 1584 1199 ἀπαθείας·
1603 1121 1687 1187 ἀλλά
1704 1122 1844 1212 καθάπερ

298 1225 485 1314 όέρωτικός,
502 1226 556 1292 καί
576 1222 665 1303 οὗτος
690 1226 799 1318 ἀνάγει
823 1225 906 1316 μετά
930 1231 1122 1318 φιλοσοφίας,
1145 1227 1242 1306 πάθος
1267 1221 1301 1294 δέ
1323 1228 1536 1321 ὑποσυμμιγές
1561 1232 1646 1313 αὐτῷ
1669 1231 1846 1322 γενόμενον,

299 1331 424 1423 ἀλόγοις
449 1334 599 1400 συνάπτει
621 1330 712 1415 ζώοις
730 1347 878 1425 μυσικοῖς.
896 1342 1005 1402 Ταῦτα
1022 1338 1076 1425 μέν
1094 1331 1146 1402 ούν
1163 1337 1234 1427 περὶ
1250 1333 1355 1425 ψυχῶν
1377 1335 1585 1427 ἀνθρωπίνων,
1603 1347 1758 1427 μουσικῶν
1780 1339 1845 1428 μέν,

299 1443 354 1504 ούκ
379 1441 449 1508 ἀνευ
475 1433 508 1509 δέ
530 1443 664 1521 πάθους,
688 1446 762 1534 πρὸς
789 1444 848 1518 τὴν
882 1445 1077 1537 ἀνθρωπίνην
1110 1445 1368 1535 ἀπεκθανομένων
1399 1445 1506 1536 φύσιν·
1532 1438 1580 1511 δεῖ
1601 1446 1659 1539 γάρ
1684 1453 1724 1523 ὡς
1747 1448 1845 1512 ἐοικεν

300 1552 435 1641 ἀσχέτου
459 1545 540 1631 ζωῆς
564 1563 633 1630 ταῖς
659 1553 701 1642 μὴ
726 1555 931 1645 πεσουμέναις
954 1560 995 1632 εἰς
1020 1557 1163 1646 ἀλογίαν,
1188 1560 1214 1620 εί
1239 1546 1273 1621 δέ
1296 1556 1349 1619 καί
1372 1554 1482 1630 κύκνος
1505 1559 1547 1631 εἰς
1565 1554 1754 1646 ἀνθρώπινον
1780 1559 1844 1640 βίον

244 1677 271 1716 ¹0
300 1659 484 1747 μεθίστατο,
502 1659 521 1734 ἢ
539 1663 594 1726 καί
610 1656 676 1746 ζῷα
693 1663 776 1728 ἀλλά
794 1663 939 1754 μουσικά,
956 1663 1062 1730 πολλά
1078 1656 1112 1730 δέ
1126 1665 1168 1729 τά
1185 1675 1327 1747 τοιαῦτα,
1344 1664 1441 1729 παντὶ
1457 1655 1558 1736 δήπου
1576 1655 1673 1737 δῆλον
1687 1667 1737 1729 ότι
1749 1660 1845 1754 ψυχαὶ

299 1767 354 1858 μέν
378 1764 459 1843 ἦσαν
479 1773 509 1834 ἐν
526 1769 648 1846 τούτοις
674 1771 871 1862 ἀνθρώπιναι,
896 1773 991 1838 πάλιν
1009 1765 1043 1838 δέ
1059 1774 1234 1859 ἐπανῄεσαν
1248 1771 1274 1858 2)
1297 1778 1338 1848 εἰς
1355 1771 1415 1845 τὴν
1440 1776 1560 1837 ἑαυτῶν
1584 1765 1673 1850 τάξιν
1698 1773 1759 1836 ἀπὸ
1784 1781 1844 1836 τῶν

298 1876 443 1966 χειρόνων
456 1878 618 1951 οἰκήσεων.
640 1887 652 1915 “
666 1883 709 1945 Ού
723 1879 782 1971 γάρ
796 1882 815 1952 ἥ
832 1905 869 1973 γε
886 1884 1012 1972 μήποτε
1028 1871 1150 1947 εἰδοῦσα
1167 1879 1227 1952 τῆν
1241 1878 1402 1962 ἀληθειαν,
1418 1885 1460 1956 είς
1476 1871 1549 1946 τόδε
1565 1873 1632 1959 ἥξει
1643 1881 1681 1945 τό
1694 1892 1805 1970 σχῆμα
1818 1934 1844 1963 ,,

299 1985 392 2074 φησίν
417 1990 432 2049 ὁ
457 1991 487 2052 ἐν
512 1995 558 2071 τῷ
583 1977 711 2074 Φαίδρῳ
737 1987 919 2079 Σωκράτης,
944 1993 978 2053 οὺ
1002 1997 1105 2054 πᾶσαν
1130 1987 1189 2061 τῆν
1214 1993 1245 2054 ἐν
1261 1998 1325 2064 τοῖς
1343 1989 1468 2078 ἀλόγοις
1489 1981 1571 2068 ζωὴν
1597 1981 1782 2076 μετοικίζων
1805 1992 1845 2064 είς

299 2092 476 2185 ἀνθρώπους

244 2321 270 2360 ¹⁵
299 2315 322 2381 f.
351 2316 431 2381 173:
460 2311 555 2397 [ἀλλά
577 2311 636 2384 τὴν
651 2311 676 2397 ³)
693 2306 725 2391 ἐξ
745 2311 913 2402 ἀνθρώπων
932 2318 973 2389 είς
991 2315 1121 2406 ἀλογίαν
1138 2317 1338 2380 ἐκπεσοῦσαν.
1356 2316 1475 2378 Ούκοῦν
1492 2315 1554 2400 ἐμ.
1571 2365 1578 2380 .
1594 2365 1600 2380 .
1625 2322 1782 2402 μουσικῶν
1805 2319 1845 2387 εἰς

299 2418 405 2510 ψυχῶν
430 2413 629 2512 μεταόά]σεις
646 2425 681 2488 ἐκ
696 2426 832 2516 λογικῶν
856 2429 897 2499 εἰς
914 2423 1027 2514 ἄλογα,
1049 2423 1113 2508 [καί
1128 2416 1160 2501 ἐξ
1185 2422 1320 2514 ἀλόγων]
1348 2427 1390 2499 εἰς
1413 2420 1528 2512 λογικά
1544 2415 1619 2506 ζῶα,
1640 2421 1695 2486 καί
1717 2423 1844 2511 φανερόν

300 2532 373 2598 ὡσεὶ
388 2532 481 2623 λόγος
505 2532 665 2620 κρατήσας
690 2537 730 2609 εἰς
748 2531 907 2624 ἄνθρωπον
923 2532 1053 2624 ἤγαγεν·
1069 2531 1167 2607 πάθος
1184 2523 1218 2597 δέ
1233 2535 1373 2596 λεοναϊον
1391 2537 1431 2607 είς
1455 2531 1596 2620 ἀλογίαν·
1620 2529 1769 2594 ἀπέωσεν·
1793 2530 1846 2594 καὶ

299 2639 437 2732 λεγέσθω
449 2649 535 2705 πᾶσα
549 2639 604 2729 μέν
621 2637 705 2729 ψυχὴ
725 2639 858 2728 μουσικῆ
878 2641 1012 2731 Ὀρφέως
1029 2637 1048 2708 ἢ
1067 2639 1214 2731 Θαμύρου
1228 2641 1322 2722 τινὀς,
1339 2640 1401 2704 ἀπό
1418 2649 1481 2704 τῶν
1489 2634 1517 2724 ⁴)
1532 2637 1672 2726 μάλιστα
1689 2649 1842 2726 μουσικῶν

299 2739 440 2813 λαθοῦσα
463 2745 522 2820 τὴν
547 2729 733 2838 ἐπωνυμίαν·
759 2745 855 2824 πάθος
873 2738 906 2812 δέ
922 2749 1020 2813 αίτιον
1038 2746 1175 2836 ἄμουσον
1192 2747 1245 2810 καί
1262 2746 1450 2835 ἀφιλόσοφον
1461 2743 1489 2832 5)
1506 2756 1564 2822 τῆς
1588 2751 1629 2822 εἰς
1654 2747 1756 2836 ἀλογα
1779 2740 1844 2824 ζῶα

245 2879 272 2916 ιο
299 2859 435 2946 πορείας.
462 2893 501 2904 -
526 2863 642 2933 Διττῆς
667 2847 700 2921 δέ
723 2859 816 2933 οὔσης
840 2865 1000 2944 μουσικῆς,
1017 2866 1075 2931 τῆς
1094 2855 1147 2946 μέν
1162 2852 1187 2938 ⁸)
1204 2854 1318 2938 ἐνθέου,
1341 2865 1399 2930 τῆς
1424 2844 1458 2919 δέ
1482 2852 1686 2944 ἀνθρωπικῆς,
1711 2855 1844 2931 καὶτῆς

300 2965 410 3056 μὲνέν
434 2965 542 3055 Ὀρφεῖ
563 2963 809 3055 τεθεωρημένης,
833 2974 892 3040 τῆς
917 2954 950 3029 δὲ
974 2967 1004 3029 ἐν
1024 2967 1168 3053 Θαμυρᾷ,
1191 2962 1373 3038 Καλλιόπης
1398 2960 1452 3052 μέν
1476 2961 1536 3053 γάρ
1560 2967 1673 3039 ἐκεῖνος
1696 2965 1769 3041 υἱὸς,
1794 2953 1845 3027 διά

299 3074 359 3146 τὴν
383 3073 483 3140 ἔνθεον
508 3079 642 3156 Μοῦσαν,
665 3074 765 3163 πηρόν
790 3063 824 3137 δέ
847 3082 960 3138 τοῦτον
985 3070 1092 3138 ἔθεσαν
1117 3077 1148 3135 αί
1172 3076 1301 3155 Μοῦσαι,
1327 3062 1379 3135 διά
1403 3071 1462 3142 τὴν
1487 3070 1625 3160 ἅμιλλαν
1649 3082 1707 3147 τῆς
1732 3070 1848 3161 ἀνθρω-

299 3185 390 3260 πίνης
414 3193 565 3275 μουσικῆς
588 3181 674 3273 παρά
696 3181 756 3254 τὴν
781 3179 865 3246 θείαν
888 3180 1039 3270 ἑκατέραν
1063 3177 1156 3244 πάθει
1179 3180 1387 3270 χραινομένην
1402 3177 1427 3264 ⁷)
1454 3183 1495 3255 εἰς
1516 3181 1648 3270 ἀλογίαν
1674 3178 1770 3272 ἄγειν,
1794 3181 1848 3244 καί

299 3291 357 3369 τάς
375 3291 467 3377 ἐνθέῳ
485 3301 618 3381 μουσικῇ
633 3290 686 3355 καὶ
697 3289 754 3366 τάς
768 3287 942 3379 ἀνθρωπίνῃ
958 3287 1170 3380 χρησάμενας,
1184 3293 1224 3365 ὡς
1238 3288 1310 3353 ἀνευ
1327 3290 1509 3378 φιλοσοφίας
1523 3288 1566 3379 μὴ
1586 3279 1620 3354 δέ
1634 3287 1677 3354 τά
1695 3280 1848 3355 δοκοῦντα

245 3416 272 3453 ²⁵
300 3399 376 3468 εἶναι
393 3393 540 3491 δαιμόνια
557 3394 665 3478 σώζειν
681 3398 738 3474 τάς
762 3393 873 3487 ψυχάς,
899 3397 977 3486 μόνη
997 3395 1057 3488 γάρ
1075 3399 1155 3471 αὕτη
1173 3390 1314 3488 προξενεῖ
1327 3396 1387 3468 τὴν
1404 3395 1510 3471 ἀπαθῆ
1529 3391 1622 3475 ζωήν·
1642 3397 1695 3462 καί
1711 3397 1844 3486 μουσικὴ

301 3503 334 3577 δέ
357 3511 411 3576 καί
433 3509 565 3601 ἐρωτικὴ
592 3510 646 3573 καί
675 3517 735 3584 πᾶς
760 3506 855 3583 ἀλλος
880 3508 953 3590 βίος,
977 3505 1094 3582 πάθους
1119 3508 1254 3596 μέτοχος
1278 3504 1338 3590 ὢν,
1363 3507 1478 3598 ἀλογίᾳ
1501 3505 1669 3571 συνάπτειν
1693 3505 1846 3595 πέφυκεν·

300 3624 477 3711 φιλοσοφεῖν
503 3619 557 3711 μὲν
581 3616 641 3709 γάρ
665 3608 751 3683 οὐδὲν
777 3607 908 3682 δύναται
931 3623 993 3679 τῶν
1019 3615 1159 3705 ἀλόγων·
1186 3613 1338 3704 μουσικὴν
1362 3605 1397 3680 δέ
1424 3613 1557 3703 φυσικὴν
1581 3607 1656 3690 ἴδοις
1680 3614 1716 3680 ἀν
1741 3615 1794 3678 καί
1816 3619 1847 3679 ἐν

300 3729 423 3806 ἐκείνοις
447 3730 500 3794 καί
524 3721 726 3818 ἐναόρύνεταί
749 3751 786 3818 γε
808 3736 878 3803 ταῖς
902 3715 995 3810 ᾠδαῖς
1011 3725 1134 3788 ἐκείνων
1151 3721 1257 3787 πολλά
1274 3726 1394 3813 μᾶλλον
1412 3723 1466 3787 καὶ
1490 3721 1692 3813 ἀνθρωποιθ)
1718 3723 1847 3812 μετέστι

299 3835 359 3929 γάρ
384 3836 553 3914 αἰσθήσεως
576 3837 629 3900 καί
652 3838 787 3914 ἐκείνοις·
813 3833 944 3926 μουσικὴ
965 3824 997 3901 δὲ
1013 3833 1067 3898 καὶ
1082 3831 1214 3923 ἐρωτικὴ
1233 3841 1451 3922 προσχρῶνται
1475 3843 1544 3908 ταῖς
1569 3831 1759 3922 ἀκροτάταις
1783 3841 1846 3896 τῶν

246 3955 273 3992 ³⁰
301 3943 490 4018 αἰσθήσεων·
515 3947 683 4035 φιλοσοφία
707 3936 740 4010 δέ
763 3945 863 4010 πάλαι
884 3935 1143 4032 καταψηφίζεται
1171 3939 1276 4018 πάσης
1305 3939 1494 4023 αἰσθήσεως,
1519 3946 1559 4017 ὡς
1591 3941 1662 4005 οὔτε
1694 3939 1846 4030 ἀκούομεν

301 4047 423 4145 ἀκριύές
446 4045 544 4136 οὐδὲν,
568 4054 640 4118 οὔτε
658 4057 777 4144 ὁρῶμεν
795 4053 1015 4142 ἀπελέγχουσα
1030 4050 1084 4115 καί
1100 4041 1387 4141 διαμαρτυρομένη·
1405 4048 1499 4138 λόγον
1525 4040 1559 4114 δέ
1582 4046 1729 4114 πείθουσα
1754 4048 1847 4138 μόνον

301 4161 442 4252 ἡγεμόνα
466 4160 674 4252 προίστασθαι
697 4160 751 4225 καί
774 4170 854 4245 νοῦν,
878 4160 953 4224 ὥστ’
977 4157 1106 4235 εἰκότως
1130 4159 1210 4231 αύτη

301 4381 325 4448 f.
352 4379 415 4446 173
440 4403 470 4445 v.
498 4379 585 4469 [γεγο
599 4429 689 4442 .....
703 4371 754 4457 ζαι
778 4385 840 4442 τῶν
865 4380 907 4452 εἰς
931 4376 990 4448 τὴν
1024 4377 1155 4467 ἀλογίαν
1180 4385 1334 4466 φερουσῶν
1359 4368 1451 4440 ὁδῶν·
1475 4376 1547 4440 τίνα
1572 4371 1627 4463 μὲν
1652 4368 1703 4439 οὖν
1727 4374 1848 4440 τούτων

302 4486 423 4552 ἀκούειν
447 4487 508 4575 χρῆ
524 4483 550 4572 ⁹)
574 4485 711 4550 καὶτῶν
737 4483 898 4572 ὀνομάτων
922 4483 1043 4550 τούτων
1069 4485 1219 4571 καὶτῶν]
1247 4484 1456 4574 πλασμάτων,
1483 4489 1593 4560 ἱκανῶς
1615 4484 1848 4573 ὑπεμνῆσαμεν,

247 4601 273 4638 ³⁵
301 4595 385 4690 λέγω
402 4587 435 4662 δέ
446 4591 485 4678 ¹⁰)
502 4606 557 4660 τοῦ
575 4595 718 4684 Ὀρφέως,
733 4605 788 4660 τοῦ
801 4593 960 4686 Θαμύρου,
976 4603 1032 4659 τοῦ
1049 4595 1191 4670 Αἴαντος,
1206 4605 1261 4660 τοῦ
1274 4593 1515 4685 Ἀγαμέμνονος,
1531 4593 1610 4669 ὅλως
1626 4601 1688 4656 τῶν
1706 4597 1848 4682 ἡρωικῶν

302 4701 419 4796 ψυχῶν·
443 4715 593 4770 τοσοῦτον
618 4693 651 4770 δὲ
675 4715 738 4779 τοῖς
762 4703 933 4793 ἔμπροσθεν
958 4702 1156 4793 προσθετέον,
1181 4698 1224 4778 οἷς
1247 4703 1318 4792 περί
1341 4723 1379 4766 τε
1403 4700 1537 4790 Ὀρφέως
1561 4698 1758 4788 εἴπομενκαὶ
1781 4705 1849 4765 Θα-

304 4813 417 4904 μύρου·
441 4814 512 4903 περί
533 4823 597 4878 τῶν
621 4817 737 4877 λοιπῶν
762 4817 801 4889 ὡς
825 4818 844 4886 ἡ
872 4812 926 4901 μὲν
951 4814 1083 4890 Αἴαντος
1115 4808 1198 4902 ψυχὴ
1231 4821 1334 4876 πᾶσαν
1367 4801 1463 4883 δηλοῖ
1483 4803 1585 4894 ζωὴν,
1609 4799 1755 4897 ἀνδρικὴν
1781 4807 1848 4896 μὲν,

338 5007 361 5080 ¹)
379 5007 418 5062 M.
438 5007 578 5074 ἀπέχθειαν.
1134 5007 1157 5082 ⁶)
1176 5006 1215 5062 M.
1236 5011 1349 5067 oms&
1363 5009 1406 5078 μέν
1420 5002 1567 5077 usquead
1583 5003 1709 5061 alterum
1731 5007 1773 5066 τίς
1794 5006 1853 5076 μέν.

338 5097 362 5169 ²)
381 5096 420 5151 M.
440 5099 575 5166 ἐπαινῆσαι.
1134 5100 1157 5172 ⁷)
1175 5100 1212 5155 A.
1231 5097 1251 5155 f.
1271 5097 1332 5154 109.

338 5186 359 5251 ³)
379 5184 418 5240 M.
438 5182 537 5240 omnia
556 5201 611 5241 om.
631 5200 726 5256 usque
746 5185 784 5242 ιιά
802 5188 918 5259 λεγέσθω.
1134 5187 1157 5260 ⁸)
1176 5187 1215 5242 Μ.
1235 5187 1250 5244 ἢ
1271 5189 1400 5256 ἅνθρωποι,
1420 5202 1488 5240 mox
1507 5201 1564 5240 om.
1584 5188 1635 5238 καί.

336 5276 360 5348 ⁴)
379 5275 418 5330 M.
437 5275 467 5327 ἀν
488 5278 545 5328 τῶν.
1133 5278 1156 5349 ⁹)
1175 5277 1214 5333 M.
1235 5275 1274 5331 σύν
1294 5279 1384 5349 τρόπον
1404 5281 1486 5330 ἀλλων
1507 5279 1526 5329 τί
1547 5277 1581 5349 μή
1602 5277 1667 5347 χρῆ.
1682 5314 1704 5327 ..

339 5369 362 5439 θ)
381 5365 419 5422 Μ.
440 5367 579 5438 φιλόσοφον.
1125 5367 1160 5442 ¹⁰)
1179 5368 1217 5424 M.
1238 5385 1294 5424 om.
1313 5369 1379 5441 λέγω
1399 5370 1423 5420 δὲ
1436 5407 1441 5418 .
1453 5406 1476 5418 ..
