3978 6070
302 520 338 580 82
843 516 1036 592 Parcarum
1055 518 1167 611 qualis
1194 518 1306 594 ordo?

302 688 325 754 f.
352 689 392 754 75
409 712 451 768 κ,
469 689 503 755 in
518 689 644 756 laciniis
670 692 689 756 6
713 713 814 757 νοτες
842 742 893 758 ...
917 699 975 767 τῆς
1000 689 1191 778 συνθέ[σεως]
1208 744 1215 758 .
1231 745 1261 758 ..
1284 691 1419 764 νοήσεσι·
1443 691 1681 784 καθαρεύσωμεν
1697 747 1704 762 .
1719 747 1748 762 ..
1775 718 1850 784 μορ-

302 792 411 884 φώτως
427 799 529 858 αὐτῶν
546 788 654 886 ἕξομεν
672 795 871 869 συναίσθησιν
887 850 894 865 .
909 850 916 864 .
932 851 938 866 .
954 791 1049 887 ρύξειν
1066 804 1085 871 ή
1105 798 1189 863 κατά
1205 798 1264 870 τήν
1290 801 1463 888 φαντασίαν
1486 802 1776 891 ἀποσκευασόμενον
1789 803 1849 886 ¹)...

301 900 343 966 τά
375 900 543 993 φθέγματα
575 907 678 969 αὐτῶν
710 897 762 970 διά
792 917 843 970 νοῦ
874 907 1068 996 γνωσόμενον
1094 907 1208 996 μόνης,
1234 909 1310 971 όταν
1343 908 1521 999 σιγήσωμεν
1549 909 1664 996 πάσαις
1691 917 1849 998 ήμῶν...

302 1009 496 1096 θωματικαῖς
522 1010 711 1086 αἰσθήσεσιν.
730 1013 914 1078 -Τούτων
933 1005 961 1077 δ’
978 1009 1029 1078 οὖν
1047 1015 1301 1106 ῦπεμνησμένων,
1320 1018 1354 1080 τί
1366 1016 1427 1105 χρή
1450 1016 1551 1109 λέγειν
1567 1028 1690 1107 πρῶτον
1707 1019 1777 1108 περί
1791 1029 1850 1094 τῆς

262 1148 274 1186 ι
301 1127 364 1180 τῶν
382 1123 501 1208 Μοιρῶν
517 1112 653 1205 τάξεως;
669 1111 784 1210 ἴδωμεν
801 1146 848 1198 τις
864 1121 973 1211 πρώτη
993 1122 1113 1187 τούτων
1130 1125 1231 1201 έστιν;
1248 1125 1301 1198 Τίς
1318 1115 1352 1189 δέ
1370 1125 1461 1213 τρίτη
1471 1151 1478 1203 ;
1497 1127 1550 1202 Τίς
1568 1117 1601 1191 δέ
1618 1127 1715 1216 μέσην
1733 1129 1849 1217 ἔχουσα

302 1216 450 1314 δύναμιν;
476 1231 514 1290 Οῑ
537 1227 591 1318 μὲν
611 1228 670 1320 γάρ
686 1240 750 1294 τῶν
766 1231 825 1318 πρὸ
842 1235 931 1319 ήμῶν
948 1231 1007 1303 τήν
1024 1231 1158 1321 Λάχεσιν
1175 1234 1286 1323 τρίτην
1304 1231 1419 1298 ἔθεντο·
1438 1235 1491 1297 καί
1507 1235 1609 1323 φασίν,
1627 1241 1666 1310 ὡς
1684 1237 1850 1325 ὑφειμένην

301 1337 447 1425 έκατέραι
470 1336 606 1427 χρῆσθαι
635 1349 706 1403 ταῖν
730 1351 863 1429 χειροῖν,
887 1341 941 1404 καί
964 1340 1006 1406 τά
1029 1333 1273 1432 παραδείγματα
1304 1353 1366 1407 τῶν
1398 1343 1522 1433 κλήρων
1556 1344 1617 1408 ἀπό
1647 1343 1784 1426 ταύτης,
1808 1349 1849 1418 ῶς

301 1444 466 1532 ἀφειμένης
489 1438 663 1534 λαμόάνειν
687 1447 742 1511 τόν
766 1448 943 1537 προφήτην,
967 1459 1074 1513 πασῶν
1099 1449 1176 1513 ὄντα
1199 1441 1455 1540 καταδεέστερον,
1481 1451 1542 1515 ἀπὸ
1566 1460 1623 1526 τῆς
1647 1454 1749 1533 ἑαυτῷ
1772 1474 1850 1534 προ-

303 1565 420 1643 σεχοῦς.
447 1559 485 1618 Οῑ
509 1547 542 1620 δέ
567 1555 664 1644 μέσην
689 1555 789 1628 αὐτήν
813 1556 983 1622 τάττουσιν
1008 1557 1202 1648 ἀμφοτέρων,
1226 1559 1279 1622 καὶ
1303 1565 1342 1634 ώς
1367 1559 1641 1648 συνεφαπτομένην
1658 1569 1726 1634 ταῖς
1743 1559 1850 1648 ἄκραις

303 1663 399 1738 ούτως
416 1666 560 1754 ἐνεργεῖν,
584 1663 667 1753 μετά
692 1664 746 1753 μέν
771 1664 914 1742 Κλωθοῦς
936 1677 976 1751 τῇ
996 1657 1091 1752 δεξιᾷ,
1109 1667 1191 1756 μετά
1207 1659 1241 1731 δέ
1257 1683 1296 1738 -ἱὶ-
1312 1668 1468 1759 Ἀτρόπου
1491 1679 1532 1754 τῇ
1559 1672 1714 1760 ἀριστερᾷ·
1732 1661 1850 1734 διὸκαὶ

302 1773 426 1836 ἐκείνων
450 1772 601 1862 ἑκατέραν
625 1773 735 1863 χρόνον
761 1765 940 1858 διαλείπειν,
965 1772 1027 1840 οἷον
1050 1775 1155 1866 χώραν
1179 1787 1220 1862 τῇ
1247 1777 1324 1866 μέσῃ
1350 1778 1578 1867 παρεχομένας,
1602 1779 1656 1844 καί
1672 1765 1731 1843 διά
1753 1787 1849 1842 τοῦτο

301 1882 424 1955 ταύτην
448 1884 529 1971 ἔχειν
554 1875 801 1973 παραδείγματα
817 1893 880 1950 τῶν
904 1885 1028 1975 κλήρων
1052 1892 1093 1961 ώς
1117 1889 1147 1950 ἐν
1172 1891 1281 1972 ἑαυτῇ,
1307 1879 1358 1950 διά
1382 1887 1440 1957 τήν
1465 1887 1636 1976 μησότητα
1653 1885 1713 1958 τήν
1736 1877 1851 1974 τριάδα

302 1989 361 2064 τήν
379 1995 528 2082 Μοιραίαν
547 1983 755 2075 δεικνύουσαν,
778 1993 831 2056 καί
847 1999 887 2068 ῶς
905 2004 944 2078 τῇ
966 1994 1119 2082 μεσότητι
1134 2003 1196 2060 τῶν
1214 1993 1319 2085 ψυχῶν
1335 1997 1561 2086 προσήκουσαν.
1579 2001 1617 2060 Οἱ
1634 1986 1667 2060 δέ
1683 1988 1721 2068 δή
1740 1997 1851 2086 τρίτοι,

301 2092 511 2191 πρεσθυτέραν
537 2104 651 2190 ἀμφοῖν
675 2100 881 2167 ὑπώπτευσαν
906 2097 1066 2174 εἶναιτὴν
1091 2101 1242 2193 Λάχεσιν,
1267 2104 1321 2168 καί
1344 2105 1440 2179 οὕτως
1466 2105 1654 2193 ἀμφοτέραις
1678 2115 1770 2168 κινεῖν
1794 2105 1849 2167 τόν

302 2209 470 2298 ἄτρακτον,
495 2215 535 2286 ώς
559 2211 613 2273 καί
636 2211 673 2275 τό
698 2209 834 2288 ἀπλανὲς
857 2213 1100 2302 ἐπιστρέφουσαν
1125 2212 1179 2278 καί
1202 2214 1239 2278 τὸ
1262 2213 1466 2303 πλανώμενον
1492 2213 1546 2277 καί
1570 2217 1674 2290 άπλῶς
1699 2215 1771 2279 όλον
1794 2216 1850 2278 τόν

303 2318 440 2407 οὐρανόν·
466 2317 520 2382 καί
543 2316 584 2382 τά
608 2310 853 2411 παραδείγματα
877 2329 940 2383 τῶν

302 2535 326 2601 f.
344 2537 396 2614 76,
413 2535 449 2600 in
463 2535 575 2601 iisdem
593 2535 737 2602 laciniis:
757 2533 892 2624 ...μετά
915 2525 949 2601 δὲ
971 2536 1030 2609 τὴν
1057 2539 1135 2627 αἵρε.
1147 2537 1285 2628 ..πέραν
1303 2538 1356 2602 καί
1375 2529 1425 2603 διά
1441 2549 1536 2603 τοῦτο
1556 2537 1684 2605 καλεῖσθ
1697 2593 1704 2606 .
1715 2592 1721 2606 .
1732 2589 1738 2604 .
1750 2563 1851 2602 νωσαν

301 2644 355 2708 καί
378 2643 477 2716 αύτήν
501 2635 652 2736 ἐμπεδοῦν
676 2643 735 2714 τήν
752 2695 769 2710 ..
798 2643 916 2728 [τόν]τε
938 2645 1003 2727 βίον
1021 2644 1105 2734 λέγω
1130 2645 1183 2708 καί
1207 2644 1248 2710 τά
1272 2646 1556 2734 ἐπικεκλησμένα...
1579 2657 1675 2711 τοῦτο
1695 2646 1852 2736 ’Ἀτροπον

303 2747 517 2839 ὀνομάζεσθαι.
537 2791 578 2801 -
596 2751 723 2816 Τούτων
740 2743 774 2816 δέ
790 2753 1014 2842 ἐμφερομένων,
1031 2758 1122 2842 ήμεῖς
1138 2762 1184 2835 τῷ
1201 2757 1346 2818 Πλατῶνι
1359 2753 1543 2845 χρώμενοι...
1554 2755 1637 2842 τῷί)
1652 2754 1778 2844 λέγοντι
1795 2754 1850 2842 μὲν

303 2863 333 2924 ἐν
351 2860 463 2948 Νόμοις
487 2866 518 2926 ἐν
542 2869 588 2942 τῷ
612 2851 780 2942 δωδεκάτῳ
804 2859 997 2945 σαφέστατα,
1013 2863 1053 2934 ῶς
1078 2859 1136 2949 ἄρα
1159 2859 1287 2951 πρώτην
1312 2860 1368 2947 μέν
1384 2861 1518 2950 Λάχεσιν
1535 2853 1768 2950 ῦπολαμθάνειν
1794 2852 1851 2943 δεῖ,

303 2967 421 3032 Κλωθώ
435 2961 468 3033 δὲ
481 2960 639 3058 δευτέραν,
649 2967 805 3057 Ἀτρόπου
820 2957 853 3030 δέ
865 2968 986 3056 τρίτην,
999 2967 1226 3057 ἀμετάστροφα
1238 2968 1280 3032 τά
1293 2968 1473 3034 κλωσθέντα
1487 2973 1710 3034 ἀποτελοῦσαν·
1722 2970 1850 3060 λέγοντι

303 3068 336 3140 δέ
360 3077 413 3141 καί
437 3079 468 3142 ἐν
492 3076 626 3153 τούτοις,
651 3081 690 3152 ὡς
715 3076 775 3164 ἀρα
799 3081 814 3139 ό
838 3074 946 3165 λαχών
963 3075 1100 3149 ἑκάστην
1118 3073 1220 3166 ψυχήν
1242 3069 1371 3165 δαίμων,
1388 3077 1459 3170 ἄγει
1482 3087 1604 3168 πρῶτον
1629 3077 1684 3166 μὲν
1708 3079 1766 3141 ὑπὸ
1791 3077 1851 3141 τήν

304 3183 439 3274 Λάχεσιν
470 3185 524 3249 καὶ
546 3183 606 3257 τήν
634 3185 753 3255 ἐκείνην
778 3184 985 3274 ἐπιστροφήν·
1010 3175 1152 3273 δεύτερον
1177 3177 1220 3267 δέ,
1245 3186 1304 3248 ὑπό
1328 3184 1387 3258 τήν
1412 3197 1469 3262 τῆς
1494 3186 1653 3262 Κλώθους·
1677 3189 1783 3278 τρίτον
1808 3177 1852 3266 δέ,

303 3295 362 3358 ὑπὸ
389 3293 471 3380 [τήν]
488 3293 513 3376 ³)
530 3303 587 3368 τῆς
605 3290 768 3382 Ἀτρόπου·
786 3291 928 3356 κάκεῖθεν
943 3293 1002 3356 ὑπὸ
1020 3293 1056 3356 τό
1073 3283 1179 3357 πεδίον
1196 3295 1342 3383 ἔρχονται
1357 3303 1455 3359 πᾶσαι
1471 3305 1528 3370 τῆς
1548 3295 1649 3372 λήθης
1667 3312 1706 3369 -22—
1721 3295 1773 3359 καί
1796 3296 1851 3358 τόν

305 3403 452 3491 ἀμέλητα
464 3401 619 3490 ποταμόν.
637 3406 673 3463 Εἰ
689 3395 740 3465 οὖν
754 3406 773 3474 ή
789 3392 918 3476 κάθοδος
933 3399 1057 3484 ἀνωθεν,
1072 3393 1167 3475 δῆλον
1182 3407 1252 3478 ώςή
1269 3402 1400 3492 Λάχεσις
1417 3395 1619 3492 πρεσόυτοίτη
1634 3414 1741 3468 πασῶν
1759 3406 1854 3480 ἐστιν,

305 3507 359 3572 καί
375 3508 472 3584 ούτως
487 3508 621 3600 ἑκατέρα
639 3518 718 3572 κινεῖ
733 3518 803 3572 ταῖν
822 3518 946 3598 χειροῖν,
963 3513 1002 3585 ῶς
1026 3509 1081 3574 καί
1096 3507 1155 3583 τήν
1172 3509 1223 3574 ἐπί
1240 3501 1327 3587 δεξιά
1350 3511 1404 3573 καί
1421 3511 1479 3581 τήν
1496 3509 1542 3574 ἐπ’
1562 3509 1708 3600 ἀριστερά
1727 3519 1853 3574 κινοῦσα

304 3627 359 3681 τοῦ
375 3615 533 3706 ἀτράκτου
546 3617 721 3707 περιφοράν.
732 3655 772 3666 -
786 3616 905 3681 Τούτου
922 3607 954 3680 δὲ
967 3622 1041 3705 ήμῖν
1057 3620 1109 3681 ἀπ’
1125 3621 1227 3682 αὐτῶν
1242 3609 1427 3707 δειχθέντος,
1441 3627 1503 3682 τῶν
1517 3622 1721 3682 πλατωνικῶν
1736 3618 1854 3706 ῥήσεων

303 3725 346 3791 τά
369 3726 504 3814 ἑπόμενα
521 3725 644 3802 τούτοις
668 3719 813 3814 σόμίίολα
830 3717 1079 3814 διασκεψώμεθα.
1101 3727 1145 3790 Τό
1163 3725 1217 3816 μὲν
1235 3719 1286 3790 ούν
1305 3726 1477 3816 θυγατέρας
1493 3725 1641 3816 λέγεσθαι
1658 3725 1713 3800 τάς
1739 3727 1853 3816 Μοίρας

305 3843 362 3909 τῆς
387 3833 556 3923 Ἀνάγκης,
574 3825 723 3898 δείκνυσιν
747 3834 785 3897 τό
806 3832 860 3921 μέν
877 3825 1004 3909 ἐνοειδές
1021 3833 1144 3922 κράτος,
1162 3843 1202 3919 τῇ
1221 3832 1360 3924 Ἀνάγκη
1378 3844 1546 3923 προσῆκον,
1570 3841 1610 3911 ὡς
1634 3835 1739 3899 πάντα
1760 3858 1853 3898 συνε-

304 3942 404 4031 χούσῃ
430 3940 513 4006 κατά
538 3943 611 4030 μίαν
636 3943 750 4022 αἰτίαν,
766 3941 804 4015 ήν
823 3934 993 4026 ἀποδρᾶναι
1009 3951 1071 4006 τῶν
1086 3944 1261 4033 ἐγκοσμίων
1279 3933 1380 4008 οῦδενί
1397 3942 1533 4033 θεμιτόν,
1551 3948 1586 4007 οῦ
1607 3953 1670 4008 τῶν
1695 3945 1852 4033 οὐρανίων,

305 4057 339 4118 ού
363 4062 426 4117 τῶν
450 4053 509 4117 ύπό
534 4053 688 4134 σελήνην,
712 4058 746 4117 ού
771 4062 834 4117 τῶν
859 4057 989 4136 όλικῶν,
1014 4054 1048 4117 ού
1072 4063 1134 4117 τῶν
1160 4062 1307 4143 μερικῶν·
1332 4054 1389 4141 μία
1413 4051 1474 4142 γάρ
1504 4055 1588 4117 ἐστιν
1618 4051 1698 4124 αὐτὴ
1724 4052 1852 4116 πάντων

305 4161 430 4253 φρουρά,
455 4172 518 4226 τῶν
542 4171 597 4226 τοῦ

306 4379 330 4446 f.
348 4381 390 4446 76
406 4403 447 4459 κ,
464 4379 499 4445 in
516 4379 629 4446 eadem
651 4378 785 4445 lacuna:
811 4377 927 4442 ...καί
950 4384 1012 4442 τῶν
1037 4377 1088 4442 ἐπί
1111 4375 1230 4442 Κλωθῶ
1244 4428 1249 4438 .
1263 4427 1290 4440 ..
1313 4376 1439 4442 πάντων
1463 4378 1636 4468 ἀναγκαίας
1662 4373 1852 4460 ἀκόλου[θως

305 4481 396 4574 εἷγναι
413 4479 581 4559 δεσπότην·
598 4485 654 4562 τάς
672 4478 705 4551 δὲ
721 4488 844 4577 Μοίρας,
863 4486 964 4559 ἀλλην
985 4487 1089 4573 [ἄλ]λσ
1107 4513 1139 4552 τι
1157 4478 1240 4578 δρᾶν·
1258 4487 1463 4576 μερισαμένας
1479 4484 1521 4551 τά
1537 4488 1614 4576 ἔργα
1633 4493 1691 4560 τῆς
1709 4475 1850 4574 μονάδος·

249 4615 277 4654 ιε
306 4595 358 4660 καί
383 4586 435 4659 διά
452 4603 546 4659 τοῦτο
563 4593 711 4686 λέγεσθαι
728 4595 911 4684 θυγατέρας,
928 4601 967 4672 ώς
984 4596 1043 4668 τήν
1061 4619 1096 4660 τε
1111 4587 1243 4686 πρόοδον
1260 4595 1313 4661 καὶ
1337 4595 1396 4666 τήν
1422 4597 1525 4660 ούσίαν
1549 4597 1603 4663 καὶ
1625 4594 1683 4670 τάς
1708 4586 1853 4682 δυνάμεις

305 4703 358 4768 καί
381 4702 438 4779 τάς
462 4704 614 4794 ἐνεργείας
638 4701 690 4768 ἀπ’
715 4705 834 4777 ἐκείνης
866 4693 1178 4791 διακληρωσαμένας·
1203 4706 1233 4766 ἐν
1267 4700 1327 4792 γάρ
1351 4712 1416 4777 τοῖς
1444 4699 1522 4778 θεοῖς
1553 4701 1595 4767 τά
1624 4705 1710 4767 αἴτια
1734 4701 1788 4764 καί
1810 4698 1853 4765 τά

306 4809 436 4876 αίτιατά
452 4810 575 4886 τούτοις
593 4803 737 4901 διαφέρει,
755 4821 801 4894 τῷ
818 4810 958 4900 ήνυμένῳ
975 4810 1028 4875 καί
1047 4810 1305 4899 πεπληθυσμένῳ,
1320 4819 1365 4892 τῷ
1382 4810 1557 4900 όλικωτέρῳ
1575 4809 1628 4874 καί
1645 4807 1850 4899 μερικωτέρῳ,

305 4929 351 5002 τῷ
367 4912 546 5009 ἑξηρημένῳ
571 4920 623 4984 καί
646 4920 880 5011 προσεχεστέρῳ
903 4931 968 4996 τοῖς
993 4911 1223 5010 διοικουμένοις·
1248 4918 1410 4984 κάνταῦθα
1433 4920 1536 4983 τοίνυν
1555 4928 1743 5009 προηγεῖται
1759 4916 1849 5006 μένή

308 5028 402 5118 μονάς
426 5029 480 5094 καί
503 5022 655 5118 ἐξήρηται
677 5029 780 5116 πάντη
807 5039 869 5095 τῶν
893 5031 1078 5121 ἐγκοσμίων,
1104 5031 1157 5095 καὶ
1180 5030 1264 5096 ἔστιν
1282 5031 1340 5102 όλη
1360 5029 1413 5094 καὶ
1430 5030 1497 5117 μία,
1521 5026 1640 5103 ταύτης
1665 5015 1698 5090 δὲ
1720 5030 1740 5098 ή
1766 5021 1854 5114 τριάς

344 5277 367 5348 ¹)
385 5277 454 5336 005·
475 5280 719 5350 &noomuaoospmm
1143 5281 1166 5353 ³)
1184 5279 1254 5336 eod.
1274 5297 1330 5336 οτικ
1349 5281 1406 5346 τήνς
1426 5295 1495 5334 mox
1519 5278 1550 5336 in
1573 5277 1746 5334 membrana
1766 5289 1853 5330 erasa

344 5369 367 5444 ²)
387 5368 456 5426 Cod.
476 5373 515 5440 τῇ.
1107 5385 1160 5424 sex
1179 5367 1314 5424 asterisoi
1333 5367 1432 5424 deleta
1450 5369 1542 5426 verba
1561 5367 1700 5442 produnt.
