3978 6070
736 500 831 578 Vuae
848 503 904 576 υίο
924 499 1062 597 duplex,
1082 524 1205 596 οσρενο
1222 507 1253 578 οἱ
1267 501 1388 596 plana.

556 691 600 752 ÷
623 675 681 750 τὴν
706 686 761 742 τοῦ
785 677 903 767 κλήρου
920 676 1032 768 τύχην,
1053 676 1132 764 [ἐπεὶ
1149 679 1238 753 εἴτις
1256 677 1314 753 ἀεὶ,
1340 677 1437 742 ὅποτε
1460 681 1501 752 εἱς
1524 690 1568 752 ÷

555 800 600 862 -ζ-
622 785 676 850 τόν
701 776 809 850 ἐνθάδε
835 787 899 870 βίον
917 789 1087 875 ἀφίκνοιτο,
1104 789 1196 878 ὑγιῶς
1220 789 1391 875 φιλοσοφοῖ,
1417 786 1501 850 καὶὸ
1526 800 1569 862 ÷

555 908 601 969 ÷
623 899 736 984 κλῆρος
761 897 846 977 αὐτῷ
870 904 927 971 τῆς
952 896 1095 986 αἱρέσεως
1119 893 1162 984 μὴ
1188 899 1219 959 ὲν
1235 896 1429 970 ,τελευταίοις
1449 896 1500 959 πί·
1522 908 1566 969 -ζ-

557 1019 601 1080 ÷
624 1027 713 1084 πτοι,
738 993 906 1068 κινδυνεύει
930 1007 964 1069 ἐκ
987 1014 1050 1069 τῶν
1074 1002 1190 1070 ἐκεῖθεν
1215 1003 1502 1095 ἀπαγγελλομένων
1525 1018 1569 1079 ÷

556 1127 601 1188 ÷
623 1115 657 1177 οὐ
683 1112 775 1202 μόνον
801 1103 910 1177 ἐνθάδε
926 1104 1119 1204 εὐδαιμονεῖν
1137 1113 1183 1195 ἀν,
1203 1110 1287 1178 ἀλλά
1304 1110 1358 1176 καὶ
1374 1112 1433 1184 τὴν
1458 1118 1502 1180 ἐν·
1524 1126 1568 1188 -ζ-

557 1237 602 1299 -ζ-
625 1216 713 1288 θένδε
728 1224 829 1288 ἐκεῖσε
845 1222 899 1286 καὶ
913 1214 998 1314 δεῦρο
1010 1223 1106 1288 πάλιν
1118 1224 1242 1314 πορείαν
1256 1225 1311 1287 οὐκ
1324 1221 1360 1286 ἀν
1377 1219 1504 1311 χθονίαν
1528 1235 1572 1297 ÷

555 1344 600 1408 ÷
623 1330 677 1395 καί
700 1341 851 1422 τραχεῖαν
875 1329 1079 1420 πορεύεσθαι,]
1106 1330 1189 1396 ἀλλά
1212 1331 1297 1397 λείαν
1315 1353 1351 1396 τε
1374 1329 1428 1394 καὶ
1452 1331 1502 1395 οὐ·
1525 1341 1569 1403 -ζ-

556 1441 808 1529 ÷wm÷

334 1651 413 1719 Ἀπὸ
436 1653 562 1719 πάντων
587 1663 649 1719 τῶν
672 1654 744 1746 περὶ
768 1654 838 1732 τούς
864 1657 996 1747 κλήρους
1019 1654 1073 1720 καί
1096 1654 1152 1732 τάς
1177 1655 1304 1747 αἱρέσεις
1333 1665 1395 1720 τῶν
1420 1657 1495 1740 βίων
1520 1653 1747 1744 ἱστορημένων,
1771 1649 1835 1719 οἷον

238 1788 262 1826 ιο
290 1763 498 1853 συμπέρασμα
514 1762 545 1828 έν
562 1765 815 1852 ἐπιστημονικόν,
834 1764 960 1855 συνάγει
977 1756 1029 1828 διά
1043 1764 1175 1840 τούτων,
1193 1765 1243 1828 ὅτι
1258 1763 1383 1828 τούτοιν
1400 1765 1491 1853 χρεία
1508 1754 1600 1839 δυεῖν,
1614 1764 1679 1838 ἑνὸς
1697 1762 1762 1852 μέν,
1776 1773 1835 1838 τῆς

290 1869 382 1960 ὀρθῆς
405 1873 530 1962 κρίσεως
553 1872 624 1962 περί
647 1871 684 1938 τό
709 1871 833 1962 ἄμεινον
857 1873 911 1937 καί
934 1884 1036 1963 χεῖρον
1054 1881 1117 1937 τῶν
1133 1873 1378 1963 προτεινομένων
1405 1873 1489 1956 βίων,
1513 1871 1619 1962 ἑτέρου
1641 1863 1684 1953 δέ,
1701 1881 1757 1936 τοῦ
1781 1872 1835 1935 τόν

290 1982 406 2070 κλῆρον
424 1979 467 2069 μὴ
487 1985 517 2045 ἐν
535 1991 600 2056 τοῖς
617 1979 761 2070 ἐσχάτοις
777 1983 913 2049 πίπτειν.
932 1981 974 2045 Τί
986 1980 1045 2072 γάρ
1063 1985 1089 2044 εἰ
1106 1979 1191 2044 καὶὸ
1208 1979 1384 2071 αἱρούμενος
1403 1983 1448 2053 εἴη
1466 1980 1537 2070 περὶ
1553 1982 1650 2070 κρίσιν
1675 1980 1834 2068 ἀσφαλής,

290 2089 363 2149 ἀλλ’
387 2091 416 2152 οἱ
437 2088 671 2177 προτεινόμενοι
696 2091 756 2173 βίοι
781 2080 831 2154 διά
855 2081 892 2162 δή
919 2114 1004 2164 τινας
1029 2089 1131 2164 αἰτίας
1156 2093 1184 2152 οἱ
1207 2088 1358 2177 τυχόντες
1382 2082 1455 2152 τίσιν
1471 2083 1504 2175 ¹).
1530 2091 1569 2153 Τί
1593 2079 1626 2152 δέ
1649 2092 1675 2152 εί
1698 2090 1835 2179 εὐμοιρία

290 2193 345 2283 μέν
369 2219 416 2271 τις
440 2197 486 2269 είη
513 2199 583 2288 περὶ
606 2198 677 2274 τούς
704 2199 798 2282 βίους,
822 2201 838 2261 ὁ
864 2188 897 2262 δὲ
921 2197 1098 2287 αἱρούμενος
1122 2201 1164 2274 εἱς
1189 2195 1324 2287 ἐκλογὴν
1349 2206 1410 2260 τῶν
1436 2196 1604 2286 ἀμεινόνων
1629 2195 1764 2281 ἄτοπος,
1789 2187 1837 2261 δεῖ

237 2325 261 2362 ιο
290 2296 341 2367 οὐν
366 2312 428 2368 τῶν
442 2303 470 2391 ἐ)
494 2309 578 2396 ἀμφο

290 2520 314 2586 f.
341 2523 414 2602 166,
439 2522 584 2608 squallor
607 2523 693 2609 tegit
717 2525 737 2589 8
761 2546 866 2591 versa
890 2521 987 2612 τέρων
1003 2521 1057 2585 καί
1073 2531 1130 2598 τῆς
1151 2523 1217 2607 [τοῦ
1233 2524 1351 2610 κλῆρον
1369 2519 1501 2613 ἀγαθῆς]
1519 2521 1573 2586 καὶ
1595 2531 1654 2596 τῆς
1678 2521 1830 2612 ῆμετέρας

293 2630 429 2718 [κρίσεως
439 2627 514 2718 ³)...
530 2641 593 2694 τῶν
611 2630 703 2717 φησίν
720 2631 773 2695 καὶ
789 2632 894 2698 ὅτι...
910 2621 1045 2718 ἐνψθένδε
1061 2634 1158 2696 ἐκεῖσε
1174 2632 1292 2720 πορεία,
1309 2630 1363 2694 καί
1379 2629 1494 2695 ἐκεῖθεν
1512 2621 1655 2720 δεῦρο...
1673 2635 1714 2707 εἱς
1730 2631 1833 2720 ἕτερον

294 2737 360 2819 βίον
385 2742 419 2801 οὐ
444 2739 610 2828 τραχείαὶ)
634 2738 653 2810 ἢ
679 2741 789 2829 χρονία
805 2738 853 2822 ἀν,
870 2737 953 2802 ἀλλά
970 2741 1039 2802 λεία
1055 2762 1092 2803 τε
1115 2738 1169 2804 καί
1193 2741 1326 2829 οὐρανία.
1350 2739 1389 2803 Τί
1412 2730 1450 2810 δέ,
1536 2739 1695 2829 λέγωμεν;
1719 2740 1756 2803 τό
1780 2738 1834 2828 μέν

291 2837 329 2916 δὴ
355 2843 456 2936 τραχύ
480 2847 534 2910 καί
557 2845 681 2936 χθόνιον
706 2848 853 2936 σημαίνει
869 2845 928 2919 τῆν
945 2848 1101 2930 ἐπίπονον,
1118 2847 1171 2911 καί
1186 2847 1352 2912 κολάσεσιν
1374 2849 1481 2937 ἔνοχον
1505 2840 1598 2912 οὐσαν
1623 2840 1716 2925 ζωήν·
1741 2847 1777 2912 τθ
1801 2837 1835 2912 δέ

236 2987 262 3026 20
289 2957 373 3018 λεῖον
397 2953 451 3018 καὶ
473 2953 623 3045 οὐράνιον,
647 2953 707 3026 τὴν
733 2954 895 3031 εὐπαθείας
918 2955 1054 3045 μέτοχον
1071 2956 1125 3020 καὶ
1141 2958 1305 3046 εὐμοιρίας·
1321 2966 1408 3022 πᾶσα
1424 2955 1484 3048 γάρ
1507 2955 1669 3047 τραχύτης
1693 2946 1835 3046 ἐμποδῶν

290 3067 358 3127 ἐστι
374 3073 442 3138 ταῖς
458 3063 626 3141 κινήσεσιν,
640 3065 695 3128 οὐκ
708 3067 790 3129 ἐῶσα
804 3061 963 3154 ῥᾳστώνης
977 3065 1132 3155 μετέχειν·
1145 3075 1231 3130 πᾶσα
1245 3056 1278 3130 δέ
1290 3066 1417 3142 λειότης
1435 3056 1690 3156 ἀπαραπόδιστον
1707 3065 1836 3155 παρέχει

291 3182 356 3247 τοῖς
380 3172 595 3263 πορευομένοις
619 3171 679 3244 τῆν
704 3161 848 3249 διέξοδον·
873 3165 954 3249 ζωῆς
979 3166 1030 3238 οὐν
1054 3178 1073 3247 ῆ
1093 3172 1148 3263 μέν
1166 3175 1356 3256 εὐκολίαν,ῆ
1383 3164 1416 3238 δέ
1439 3171 1634 3245 τληπάθειαν
1658 3184 1728 3239 ταῖν
1753 3165 1835 3238 ὐδοῖν

290 3290 445 3369 περιποιεῖ
457 3277 494 3365 ⁸),
519 3280 573 3344 καί
596 3282 694 3346 ἔοικεν
719 3290 821 3344 ταῦτα
839 3279 893 3370 μέν
910 3281 1136 3373 παραγίνεσθαι
1152 3280 1194 3347 τά
1212 3280 1317 3372 ἀγαθά
1340 3292 1409 3358 ταῖς
1434 3277 1546 3370 ψυχαῖς
1571 3281 1632 3346 ἀπό
1656 3306 1693 3348 τε
1716 3286 1836 3347 ἑαυτῶν

291 3389 345 3453 καί
369 3399 424 3452 τοῦ
448 3389 577 3473 παντὸς,
593 3388 652 3460 τὴν
671 3382 759 3467 ἀξίαν
778 3389 832 3477 μὲν
849 3399 905 3454 τοῦ
921 3391 1038 3465 παντὸς
1056 3382 1270 3473 ἀποδιδόντος,
1287 3399 1350 3456 τῶν
1368 3381 1401 3454 δὲ
1416 3386 1522 3480 ψυχῶν
1546 3386 1661 3463 ἑαυτάς
1683 3395 1836 3452 ποιουσῶν

236 3525 263 3564 ιι
291 3491 378 3576 ἀξίας
392 3496 417 3580 ⁶)
441 3487 493 3562 διά
515 3507 573 3574 τῆς
597 3500 745 3586 ἔμφρονος
769 3489 860 3575 ζωῆς·
877 3500 980 3563 ἐκεῖνα
997 3489 1030 3562 δέ
1045 3500 1198 3564 τάναντία
1214 3497 1335 3563 τούτων
1358 3499 1412 3562 ἀπ’
1437 3497 1620 3587 ἀμφοτέρων
1643 3493 1747 3560 πάλιν
1772 3504 1834 3559 τῶν

292 3606 346 3697 μέν
371 3597 422 3672 διά
446 3605 506 3680 τὴν
531 3605 704 3697 ἀφροσύνην
728 3609 852 3682 ἑαυταῖς
877 3610 1100 3671 ἑπικλωσασῶν
1125 3605 1359 3698 μοχθηροτέραν
1383 3600 1476 3684 ζωήν,
1499 3617 1555 3671 τοῦ
1580 3597 1614 3670 δέ
1635 3604 1753 3678 παντθς
1775 3602 1835 3675 τὴν

290 3715 495 3806 ὀφειλομένην
520 3719 627 3791 αὐταῖς
653 3725 762 3804 μοῖραν
786 3715 1031 3804 ἐπαρτήσαντος.
1058 3715 1112 3780 Ἐκ
1145 3707 1182 3788 δὴ
1216 3706 1316 3781 τῶνδε
1345 3725 1408 3781 τῶν
1434 3715 1551 3808 ῥήσεων
1575 3716 1699 3778 κάκεῖνο
1723 3714 1836 3776 συλλο-

290 3823 424 3914 γιστέον,
449 3828 489 3900 ὡς
513 3822 573 3913 ἀρα
597 3821 681 3888 κατά
707 3823 871 3902 Πλάτωνα,
890 3824 943 3889 καὶ
959 3828 986 3889 εἰ
1003 3823 1045 3912 μὴ
1065 3829 1208 3890 συντελεῖ
1220 3826 1294 3908 πρὸς
1311 3816 1509 3916 εὐδαιμονίαν
1526 3820 1568 3888 τά
1584 3826 1618 3887 ἐκ
1641 3831 1697 3887 τοῦ
1720 3819 1836 3895 παντὸς

291 3931 508 4020 ἀπονεμόμενα
532 3941 600 4008 ταῖς
624 3928 747 4020 ψυχαῖς,
773 3930 856 3995 ἀλλά
881 3936 1027 3998 συντελεῖ
1047 3934 1122 4024 πρός
1146 3957 1183 4024 γε
1199 3935 1236 3999 τό
1258 3927 1443 4023 εὐδαίμονας
1468 3929 1621 4023 γενέσθαι,
1645 3930 1698 3994 καί
1721 3919 1772 3994 διά
1795 3926 1837 3992 τά

237 4062 264 4102 ιο
290 4038 405 4106 ἐκεῖθεν
430 4031 625 4129 έμποδίσοιεν
650 4038 686 4104 ἀν
710 4041 784 4130 πρός
808 4039 867 4112 τὴν
891 4046 932 4117 εἰς
956 4033 1154 4130 εὐδαιμόνιαν
1179 4033 1266 4108 ὁδόν·
1291 4044 1344 4107 καί
1367 4040 1426 4135 γάρ
1451 4040 1596 4129 σώματος
1618 4027 1740 4102 τοιοῦδε
1762 4035 1836 4126 πρὸς

292 4147 351 4218 τὴν
376 4153 449 4212 κατ’
475 4147 591 4239 ἀρετὴν
615 4148 747 4222 ἄσκησιν
773 4141 897 4216 δεῖκαὶ
920 4153 1094 4241 περιουσίας
1118 4153 1212 4234 τινός,
1236 4157 1277 4229 είς
1293 4152 1331 4217 τύ
1356 4151 1399 4241 μὴ
1422 4161 1485 4216 τῶν
1510 4149 1705 4240 ἀνανγκαίων
1729 4137 1837 4220 ἐνδεεῖς

292 4255 395 4336 ὄντας,
420 4255 608 4346 ἀφέλκεσθαι
624 4268 682 4334 τῆς
698 4259 935 4350 προηγουμένης
952 4264 1071 4326 ἑαυτῶν
1088 4263 1265 4350 ἐπιμελείας
1283 4260 1336 4325 καὶ
1352 4270 1409 4337 τῆς
1434 4253 1544 4338 ἔξωθεν
1568 4248 1738 4348 ἀταραξίας
1761 4258 1839 4319 ἀπε-

294 4361 481 4452 ρισπάστους
493 4361 521 4452 ⁷)
534 4416 542 4433 ,
558 4417 565 4432 ,
580 4417 588 4432 .

292 4581 316 4648 f.
336 4583 399 4648 166
415 4606 456 4662 ν.,
474 4583 534 4648 sub
549 4581 704 4668 pellicula
720 4581 823 4650 crevit
839 4582 1000 4670 squallor:
1018 4593 1184 4674 κοσμοῦσιν
1202 4581 1276 4648 καί.
1291 4632 1298 4646 .
1312 4633 1318 4646 .
1344 4580 1397 4646 καὶ
1412 4577 1539 4672 χαλεπά
1562 4577 1665 4670 πράως
1679 4627 1686 4642 .
1702 4629 1727 4641 ..
1752 4581 1835 4644 ἐστιν

238 4713 265 4752 ιο
292 4689 330 4754 τό
353 4694 446 4781 ὑγιῶς
470 4692 714 4778 φιλοσοφεῖν...
738 4690 864 4755 πίπτειν
889 4681 989 4761 δηλοῖ·
1012 4700 1106 4756 τοῦτο
1124 4691 1177 4782 μὲν
1195 4691 1361 4755 τοίνυν...
1386 4688 1460 4778 πρὸς
1476 4687 1536 4760 τὴν
1554 4684 1631 4779 ρίψιν
1657 4684 1838 4776 συμφώνως,

330 4901 354 4976 ι)
373 4900 413 4958 Μ.
433 4899 488 4956 εἱιν.
507 4901 576 4960 cod.
597 4899 668 4971 ιὶσιν,
689 4901 731 4960 εἰσ
750 4903 788 4961 H.
1126 4906 1150 4981 ⁴)
1167 4903 1205 4962 H.
1224 4907 1368 4978 τραχιὶως...
1388 4903 1427 4972 ἀν,
1444 4905 1518 4956 ἀλλά.
1536 4901 1576 4959 Μ.
1596 4902 1699 4973 τραχεῖα
1721 4905 1763 4953 καῖ
1782 4903 1839 4968 χθι-

329 4993 353 5068 2)
371 4994 410 5049 Μ.
424 5009 480 5050 om.
495 4996 556 5061 τῶη
570 4992 726 5066 sequentia
735 4993 811 5067 legit
820 4994 937 5068 plenius
949 5013 1037 5068 quam
1092 4999 1154 5048 νὶα...
1175 4997 1251 5047 ἀλλὰ.

293 5085 330 5140 Η.
350 5085 404 5142 sed
422 5089 490 5158 post
508 5087 608 5155 κρίσιος
627 5083 719 5142 tacito
738 5085 813 5158 pede
831 5086 942 5144 vadum
960 5091 1039 5143 tran·
1128 5085 1152 5158 ⁸)
1170 5084 1209 5139 M·
1230 5087 1361 5154 πιριστιιῒν
1381 5098 1447 5138 oum
1467 5081 1530 5137 cod·

294 5174 356 5232 silit
372 5192 469 5247 usque
486 5174 525 5231 ad
544 5179 576 5237 ιὶς
596 5177 675 5248 ἕτερον
696 5177 754 5242 βίον.
1127 5173 1150 5249 ⁰)
1169 5173 1207 5230 H.
1225 5172 1246 5228 f.
1266 5174 1328 5229 101.

328 5267 351 5339 ³)
369 5264 409 5320 Μ.
428 5264 569 5324 continuo
588 5267 689 5338 κρίσιος
703 5252 841 5338 ιῖςλιίραν,
860 5265 1038 5341 interposita
1126 5264 1150 5336 ²)
1168 5263 1207 5318 M.
1227 5280 1283 5319 om.
1303 5261 1459 5338 sequentia
1477 5279 1574 5335 usque
1592 5259 1630 5318 οὐ
1649 5264 1669 5314 οἱ
1688 5267 1746 5334 γὰρ,
1769 5256 1841 5317 inde

294 5354 402 5414 omisit.
1093 5353 1192 5428 porgit
1208 5371 1262 5428 per
1279 5355 1366 5428 plura
1384 5359 1513 5426 χάσματα.
