3978 6070
275 485 328 546 138
772 478 879 554 Statio
898 480 945 552 ad
962 478 1133 554 Anankae
1150 480 1317 557 thronum.

272 651 444 743 λαχούσης,
469 651 523 716 καὶ
547 643 833 742 διαπορθμευοόσης
858 657 899 729 είς
923 650 964 717 τά
988 643 1067 738 τῇδε
1091 652 1147 730 τὰς
1165 656 1284 730 ἐκείνης
1310 645 1420 732 δόσεις,
1446 655 1506 722 ἀπό
1530 664 1593 721 τῶν
1617 651 1824 750 ὑψηλοτέρων

273 760 468 851 ὡρμημένας.
487 759 582 826 -Ἀ
606 751 644 832 δή
668 759 774 826 πάντα
798 751 936 826 κατιδὼν
961 766 977 825 ό
995 761 1128 826 Πλάτων
1147 761 1217 853 άγει
1232 762 1293 834 τὴν
1317 759 1420 852 ψυχήν
1444 763 1504 828 ὑπό
1525 763 1584 836 τήν
1602 761 1720 828 Κλωθὼ
1745 787 1827 853 προ-

272 869 375 960 τέραν,
399 863 454 934 εἶθ’
474 870 532 933 ὑπό
546 867 606 940 τήν
623 867 799 956 Ἀτροπον,
815 863 870 933 εἷθ’
889 869 985 945 οὕτως
1003 870 1062 933 ὑπὸ
1078 869 1133 934 τόν
1151 881 1209 946 τῆς
1227 871 1388 964 Ἀνάγκης
1406 871 1522 961 θρόνον,
1540 872 1588 962 ὑφ’
1614 871 1647 938 θν
1671 875 1726 938 καὶ
1742 871 1825 938 θεῶν

273 977 332 1044 εἰσί
348 978 402 1044 καὶ
419 967 574 1068 δαιμόνων
590 977 650 1068 ἄρα
665 971 770 1056 τάξεις
784 981 985 1042 συντελοῦσαι
1007 978 1083 1067 πρός
1099 975 1156 1055 τάς
1174 977 1307 1070 γενέσεις
1330 990 1376 1065 τῷ
1392 972 1488 1054 τήνδε
1499 978 1534 1064 ¹),
1551 980 1637 1046 κατά
1653 992 1711 1059 της
1727 981 1826 1047 Ἀνά-

231 1114 244 1152 ι
272 1111 352 1179 γκης
377 1079 429 1153 διά
452 1085 512 1160 τήν
538 1086 686 1172 βούλησιν
701 1090 737 1172 ²⁹),
762 1087 932 1152 καὶτοῦτο
957 1086 1013 1176 μὲν
1036 1091 1079 1164 εἰς

272 1306 295 1372 f.
323 1307 403 1373 188:
432 1298 536 1390 [αὖθις.
552 1341 592 1352 -
614 1309 650 1368 Εἰ
666 1296 700 1369 δὲ
723 1302 951 1392 ὲφάπτεσθαι3)
967 1303 1054 1394 λέγει
1068 1303 1123 1368 τόν
1147 1293 1282 1391 δαίμονα
1304 1313 1363 1379 τῆς
1386 1303 1488 1393 χειρός
1506 1314 1564 1380 τῆς
1586 1299 1740 1379 Κλωθοῦς,
1764 1300 1823 1366 καὶ

271 1413 370 1490 οὕτως
392 1413 454 1500 ἐπὶ]
479 1412 539 1487 τήν
556 1411 718 1502 ’Ἀτροπον
743 1410 831 1504 ἄγειν
849 1411 908 1484 τήν
925 1408 1039 1501 ψυχήν,
1061 1403 1169 1497 [δῆλον
1188 1404 1341 1487 δήπουθεν
1366 1414 1426 1498 ότι]
1452 1412 1512 1485 τήν
1535 1416 1648 1476 ἑαυτοῦ
1671 1411 1823 1500 πρόνοιαν

272 1514 387 1610 ἐξάψας
411 1533 469 1597 τῆς
493 1518 636 1597 Κλωθοῦς
668 1521 722 1586 καί
752 1519 874 1609 ἀμέσως
905 1525 986 1607 αὐτῇ
1017 1518 1114 1586 συνὼν
1145 1520 1198 1585 καί
1221 1531 1262 1607 τῇ
1288 1520 1433 1607 Ἀτρόπῳ
1458 1522 1696 1610 παραπλησίως,
1721 1520 1822 1594 οὕτως

271 1621 411 1721 ποδηγεῖ
437 1627 497 1702 τήν
528 1630 681 1720 ἑλομένην
706 1630 800 1694 αὐτόν
829 1626 951 1719 ψυχήν,
974 1627 1029 1692 καὶ
1052 1633 1079 1694 εἰ
1103 1625 1145 1717 μή
1173 1625 1267 1718 μόνον
1290 1635 1309 1703 ή
1335 1628 1514 1719 Ἀτροπος,
1539 1627 1623 1694 ἀλλά
1647 1629 1702 1694 καί
1723 1631 1822 1706 αὑτός

197 1761 244 1800 Διο
273 1736 511 1828 (ἀμετάστροφα
534 1748 655 1804 ποιοῦσι
671 1735 713 1803 τά
729 1736 924 1827 κλωθέντα*)
947 1747 1011 1803 τῶν
1029 1743 1147 1827 Μοιρῶν
1164 1738 1248 1801 ἐστιν
1265 1736 1361 1814 όντως
1378 1737 1541 1830 ὑπουργὸς,
1566 1740 1723 1802 συντελῶν
1746 1748 1820 1812 ταῖς

273 1850 314 1922 εἰς
337 1850 421 1933 ἡμᾶς
446 1850 549 1911 αὐτῶν
574 1837 770 1937 δραστηρίοις
796 1838 917 1912 δόσεσιν
942 1843 1026 1910 κατά
1056 1846 1112 1910 τόν
1135 1844 1205 1935 περὶ
1227 1848 1339 1910 ἑαυτοῦ
1364 1843 1498 1937 ῥηθέντα
1521 1845 1617 1936 λόγον
1643 1845 1735 1936 ἱερὸν,
1762 1839 1821 1929 st}

273 1956 432 2038 βασίλειον
456 1952 613 2044 ἡμετέρης
637 1951 785 2044 γενέθλης
809 1959 922 2044 Μοῖραι
945 1943 1039 2018 δόσαν
1058 2002 1083 2033 ,.
1101 1990 1145 2003 -
1162 1952 1322 2019 Ἐντεῦθεν
1340 1944 1373 2020 δὲ
1389 1945 1465 2038 ήδη,
1482 1951 1620 2044 φησὶνθ),
1642 1977 1821 2046 μεταστρε-

271 2061 409 2152 φομένην
422 2060 448 2147 ⁶)
473 2060 577 2152 ψυχήν
602 2063 696 2127 αὐτόν
722 2061 810 2152 ἄγειν
826 2062 885 2127 ὑπὸ
901 2062 957 2126 τόν
974 2060 1078 2152 θρόνον
1096 2071 1154 2139 τῆς
1169 2060 1339 2153 Ἀνάγκης·
1356 2064 1415 2128 όπό
1434 2062 1487 2151 μὲν
1505 2060 1566 2156 γάρ
1582 2062 1641 2134 τήν
1658 2061 1820 2156 Ἀνάγκην

270 2171 337 2259 (καὶ
359 2171 509 2262 πρότερον
534 2167 598 2258 ήν),
622 2171 681 2235 ὑπὸ
702 2161 735 2236 δὲ
752 2171 806 2235 τόν
823 2168 929 2260 θρόνον
947 2172 1046 2246 αὐτῆς
1062 2170 1175 2246 τελέως
1192 2169 1424 2261 όποταχθεῒσαν
1440 2171 1569 2262 λέγεται
1584 2171 1725 2265 γίνεσθαι
1747 2183 1815 2248 τοῖς

216 2295 242 2335 ¹⁵
270 2291 431 2370 κοσμικοῖς
455 2277 639 2370 κλώσμασιν
663 2279 718 2344 καί
740 2290 810 2356 ταῖς
833 2272 987 2367 περιόδοις
1019 2277 1153 2355 πάσαις·
1176 2281 1258 2344 ὥστε
1286 2280 1340 2344 καί
1368 2280 1398 2344 εἴ
1417 2281 1465 2355 τίς
1489 2282 1574 2344 ἐστιν
1598 2281 1657 2344 ὑπό
1681 2279 1819 2353 σελήνην

271 2381 426 2478 δαιμόνων
450 2388 470 2462 ἢ
496 2387 571 2454 θεῶν
596 2397 820 2480 γενεσιουργῶν
836 2380 935 2468 τάξις,
953 2380 1140 2478 ἀφορίζουσα
1155 2398 1225 2464 ταῖς
1250 2387 1441 2465 κατιοόσαις,
1458 2389 1517 2454 ὅσα
1540 2393 1621 2474 αὐτῇ
1647 2397 1815 2480 προσῆκεν,

270 2497 325 2562 καὶ
348 2497 406 2563 ὑπθ
430 2495 553 2569 ταότην
569 2487 631 2569 ήδη
650 2499 763 2561 τελεῖν·
789 2487 836 2560 διό
858 2505 903 2577 τῷ
920 2493 1017 2584 θρόνῳ
1035 2494 1269 2586 τῆςἈνάγκης
1284 2500 1445 2572 παντελῶς
1462 2497 1671 2588 ὑπέστρωται.
1688 2535 1731 2545 -
1747 2494 1815 2566 Τήν

272 2605 327 2695 μέν
344 2600 396 2671 οθν
411 2604 570 2696 Ἀνάγκην
586 2605 658 2668 τίνα
675 2595 722 2669 δεῖ
737 2596 870 2692 νομίζειν
881 2600 922 2689 ⁷);
939 2603 1159 2692 καὶπρότερον
1176 2606 1313 2692 εἴπομεν,
1330 2604 1384 2668 καὶ
1401 2616 1617 2695 μαρτυροῦσαν
1630 2589 1742 2694 ἔχομεν
1755 2602 1817 2674 τήν

273 2712 430 2804 ἱερατικὴν
446 2703 645 2802 παραδοῦσαν
662 2712 716 2777 καὶ
732 2711 928 2783 αότοπτικήν
945 2717 1056 2785 κλῆσιν
1073 2722 1131 2788 της
1149 2714 1296 2803 μερίστης
1307 2711 1331 2794 ⁸)
1350 2712 1416 2779 θεοῦ
1430 2712 1561 2794 ταύτης,
1575 2714 1629 2777 καί
1645 2704 1816 2791 διδάξασαν

214 2834 242 2872 2⁰
270 2831 334 2898 πῶς
359 2821 504 2911 όφθείσης
527 2821 700 2910 προσιέναι·
725 2811 773 2886 δεῖ
788 2819 848 2911 γάρ
873 2822 969 2885 ἄλλον
993 2821 1108 2910 τρόπον
1132 2823 1170 2885 τὸ
1194 2813 1442 2912 παραδοξότερον
1466 2820 1485 2892 ἢ
1511 2833 1577 2896 τοῖς
1594 2821 1701 2897 ἄλλοις
1725 2819 1813 2903 θεοῖς,

270 2934 297 2995 εί
320 2926 376 3018 ὁ’)
401 2938 505 2994 ταῦτα
529 2928 655 3021 γράφων
681 2929 855 3019 Πετόσειρίς
879 2931 964 2993 ἐστιν
989 2922 1155 3018 ἀξιόχρεως
1179 2928 1267 3019 ἀνήρ,
1287 2931 1449 3006 παντοίαις
1473 2922 1582 3008 τάξεσι
1606 2928 1681 2994 θεῶν
1705 2953 1742 2994 τε
1763 2927 1818 2992 καὶ

271 3039 414 3132 ἀγγέλων
433 3036 632 3114 συναλισθείς.
650 3077 694 3087 -
710 3036 879 3103 Ἀλλάκκὶ
895 3037 1002 3123 ὅτιτῇ
1020 3029 1134 3126 Θέμιδι
1150 3038 1209 3111 τήν
1227 3038 1326 3112 αὐτήν
1345 3032 1497 3111 εἶναιτὴν
1516 3039 1677 3130 Ἀνάγκην
1694 3035 1816 3108 ταότην

271 3147 404 3220 οἰητέον,
430 3149 464 3211 οῦ
489 3146 584 3236 μόνον
608 3149 644 3211 ἐκ
667 3155 730 3210 τῶν
753 3149 927 3219 ἑλληνικῶν
952 3143 1114 3238 θεογονιῶν
1138 3147 1248 3212 πιστόν
1263 3142 1312 3228 ¹⁰),

270 3367 293 3432 f.
320 3367 383 3432 188
407 3386 455 3432 v.:
483 3363 542 3449 [ἔτι
566 3352 599 3427 δὲ
623 3361 676 3427 καί
699 3366 735 3428 έκ
758 3371 882 3426 τῶν...
908 3369 941 3426 αἱ
962 3365 1033 3448 τῆς]
1053 3353 1185 3451 Θέμιδος
1209 3362 1386 3437 ἐπικλήσεις
1414 3364 1557 3453 [πρῶταη
1582 3361 1685 3448 μέσαι,
1706 3364 1816 3426 τελευ-

214 3497 241 3534 ιι
273 3475 371 3557 ταῑαι]
392 3470 612 3550 συνάπτουσιν,
629 3469 683 3533 καί
696 3468 766 3554 [τήν
780 3468 939 3560 Ἀνάγκην
955 3469 1117 3561 λέ]γουσαι
1133 3479 1236 3559 σαφῶς
1250 3470 1345 3558 Θέμις
1359 3469 1413 3534 καί
1428 3469 1582 3559 Ἀνάγκη,
1599 3469 1652 3533 καὶ
1668 3479 1763 3534 τοῦτο
1778 3467 1816 3552 ¹¹)

269 3579 320 3645 ἐπὶ
343 3588 463 3646 πασῶν.
488 3617 530 3626 -
555 3579 616 3643 Τόν
641 3569 675 3643 δὲ
698 3570 735 3652 δὴ
762 3577 867 3670 θρόνον
889 3582 998 3656 αὐτῆς,
1016 3582 1079 3644 εἴτε
1102 3577 1161 3651 τήν
1186 3572 1268 3657 ζωήν
1293 3578 1352 3651 τήν
1376 3570 1608 3668 ὑποδεξαμένην
1634 3581 1731 3652 αὐτῆς
1754 3576 1814 3650 τήν

269 3688 399 3777 μόνιμον
423 3686 478 3752 καὶ
500 3686 631 3753 ἄκλιτον
655 3687 772 3766 ἕνωσιν,
796 3690 860 3752 εἴτε
884 3687 937 3752 καί
961 3689 1033 3751 ὅλον
1057 3689 1158 3751 ἐκεῖνο
1185 3687 1223 3751 τὸ
1253 3684 1334 3751 θεῖον
1363 3695 1424 3775 φῶς
1449 3687 1486 3751 τό
1509 3686 1652 3776 περιέχον
1676 3683 1736 3757 τήν
1760 3695 1815 3750 τοῦ

268 3801 397 3886 οόρανοῦ
419 3794 596 3886 περιφοράν,
622 3788 819 3883 συμόολικῶς
843 3795 967 3870 οἰητέον
984 3786 1111 3870 δηλοῦν,
1129 3799 1160 3860 ὲν
1176 3803 1222 3878 τῷ
1239 3795 1372 3884 παρόντι
1391 3803 1495 3859 πᾶσαν
1519 3792 1579 3865 τήν
1603 3797 1743 3859 ἑστῶσαν
1768 3792 1817 3858 ἀεὶ

268 3904 322 3969 καί
338 3905 487 3978 ἀκίνητον
507 3905 668 3989 βασιλείαν
692 3915 752 3981 τῆς
777 3901 945 3996 Ἀνάγκης,
962 3906 1007 3994 ὑφ’
1027 3902 1066 3978 ήν
1084 3907 1126 3978 είς
1149 3902 1187 3968 τθ
1212 3904 1348 3993 ἔσχατον
1364 3901 1557 3993 προελθοῦσα
1580 3912 1642 3968 τῶν
1666 3889 1817 3992 περιόδων

212 4033 240 4071 ιο
269 4014 390 4103 γίνεται
405 4007 502 4100 ψυχή·
519 4011 655 4102 πρόεισιν
673 4003 707 4077 δὲ
722 4016 763 4088 είς
779 4011 817 4076 τό
834 4013 981 4100 ἔσχατον,
997 4021 1067 4087 ταῖς
1084 4010 1145 4076 ἀπὸ
1162 4019 1226 4076 τῶν
1243 4011 1389 4102 οὐρανίων
1405 4011 1631 4103 περιληφθεῖσα
1643 4009 1817 4090 ποιήσεσιν,

270 4122 351 4188 ὥστε
374 4119 417 4211 μή
444 4119 537 4209 μόνον
563 4113 640 4185 εῐναι
663 4130 718 4184 τοῦ
742 4118 861 4209 κόσμου
886 4119 986 4209 μέρος,
1011 4117 1095 4185 ἀλλά
1119 4119 1172 4184 καὶ
1195 4119 1226 4184 ἔν
1250 4144 1282 4184 τι
1299 4127 1362 4184 τῶν
1384 4119 1528 4210 ἐσχάτων
1552 4128 1652 4208 μερῶν
1675 4117 1730 4182 καί
1753 4125 1818 4182 τῶν

269 4220 500 4318 διοικουμένων,
525 4226 596 4292 ἀντὶ
611 4237 674 4293 τῶν
692 4217 890 4292 διοικοόντων
915 4227 952 4290 τὸ
975 4235 1047 4291 πᾶν.
1072 4222 1144 4293 Οῖον
1169 4229 1199 4293 εί
1210 4251 1258 4303 τις
1274 4227 1441 4317 φιλόσοφος
1457 4231 1499 4304 είς
1520 4237 1592 4292 ναῦν
1617 4217 1746 4316 ἑμόαίη,
1763 4224 1819 4288 καί

268 4337 391 4429 γένοιτο
414 4335 557 4424 πλωτήρ
583 4335 704 4428 ἀνάγκη
731 4332 792 4428 γάρ
816 4346 928 4408 τοῦτον
952 4335 1006 4400 καὶ
1029 4337 1088 4401 ὑπὸ
1111 4345 1174 4400 τῶν
1199 4345 1321 4401 ναυτῶν
1345 4332 1387 4401 τά
1411 4335 1466 4400 καί
1488 4331 1530 4400 τά
1551 4333 1683 4416 ἀκοόειν,
1707 4331 1762 4397 καὶ
1777 4328 1818 4419 ¹²)

268 4443 395 4512 ἕπεσθαι
418 4453 463 4527 τῷ
487 4435 675 4533 κυόερνήτῃ,
693 4443 747 4508 καί
763 4445 884 4534 ἀνέμων
901 4442 1084 4509 ὑποκεῖσθαι
1101 4438 1222 4527 ζάλαις,
1238 4443 1293 4508 καί
1310 4437 1387 4508 εἶναι
1403 4443 1518 4534 τρόπον
1534 4465 1606 4507 τινα
1628 4431 1819 4531 διαφέροντα

213 4567 240 4606 ³⁵
269 4561 330 4618 τῶν
361 4549 587 4643 ἑτεροκινήτων
619 4541 724 4616 οὐδέν·
757 4552 839 4618 οὕτω
862 4551 922 4643 γάρ
947 4553 1001 4618 καί
1024 4549 1107 4643 ψυχή
1133 4562 1270 4619 πεσοῦσα
1296 4551 1423 4628 πάντως
1448 4555 1490 4628 εἰς
1513 4550 1654 4642 γένεσιν,
1677 4549 1819 4614 ἔκκειται

305 4783 327 4857 ¹)
346 4784 384 4841 Η.
403 4787 453 4838 τῶν
473 4787 539 4854 τῇδε.
1118 4786 1142 4860 ⁷)
1160 4784 1230 4842 God.
1249 4787 1356 4856 νομίζειν
1375 4789 1401 4838 δέ
1420 4787 1474 4839 καί.

303 4873 327 4946 ²)
346 4869 416 4929 cod.
436 4877 468 4929 et
485 4871 523 4928 Η.
543 4870 607 4930 sine
626 4871 762 4946 apicibus
781 4877 874 4937 διατης.
1117 4877 1140 4949 ⁸)
1159 4875 1197 4930 M.
1217 4877 1338 4949 μεγίστης
1358 4875 1378 4930 f.
1397 4875 1481 4945 bene,
1502 4873 1556 4930 sed
1574 4876 1679 4929 οοιιίεε
1696 4869 1758 4928 οοθ.

303 4962 327 5037 ³)
345 4963 384 5018 Η.
405 4981 464 5020 non
482 4961 560 5036 legit
577 4963 711 5020 verbum.
1116 4962 1139 5036 ⁹)
1158 4962 1197 5018 M.
1210 4966 1229 5016 ιὶ
1241 4961 1471 5037 &recipiendum
1482 4961 1551 5019 God.
1562 4963 1584 5014 εἴ
1594 4964 1636 5031 τῷ.
1646 4959 1684 5016 H.
1695 4961 1751 5013 ιῖτο
1762 4956 1816 5014 sic.

301 5053 328 5127 ⁴)
346 5052 415 5112 cod.
434 5054 473 5110 M.
493 5055 642 5107 κλασθέντα.
1106 5051 1140 5126 ¹⁰)
1160 5051 1286 5110 Omissis
1305 5051 1498 5126 interpositis,
1510 5051 1547 5107 H.
1562 5057 1660 5106 πιστόν.
1672 5090 1695 5103 ..
1716 5055 1743 5102 αἱ
1762 5053 1815 5110 τῆς·

302 5143 326 5217 ⁵)
344 5144 381 5199 H.
401 5142 421 5200 έ,
442 5145 502 5200 124.
1068 5143 1107 5198 M.
1127 5148 1222 5211 πιστόν,
1244 5147 1359 5196 ἀλλα...
1380 5147 1423 5205 τής
1442 5143 1545 5213 θέμιδος.

215 5287 218 5296 ,
299 5223 323 5306 8)
341 5232 381 5289 M.
401 5233 605 5307 μεταστρέφοντα
624 5235 668 5292 τήν
689 5235 712 5305 ψ.
733 5233 802 5292 cod.
822 5255 954 5308 μιταστρι.
968 5236 1013 5294 τήν
1104 5233 1138 5307 ¹¹)
1157 5231 1195 5288 H.
1214 5235 1268 5304 θίμι
1287 5254 1309 5286 κ.
1329 5238 1353 5287 όι.
1373 5254 1395 5285 κ.
1416 5236 1470 5294 τοὺς
1489 5233 1538 5286 ini.

265 5327 368 5395 aperto
385 5323 518 5399 vulnere,
537 5324 617 5382 unde
635 5324 672 5380 H.
695 5328 892 5397 μιταστριτιήν.
1105 5324 1139 5396 ¹²)
1157 5322 1196 5378 M.
1217 5339 1271 5378 om.
1292 5324 1342 5374 καί,
