3978 6070
751 501 900 578 Ακαιιίιο
922 501 1062 579 Themis
1078 509 1136 579 οεί.
1683 511 1720 570 63

171 673 238 741 θεόν
262 675 384 750 ταύτην
408 669 485 742 εἶναι
501 677 659 768 φὴσομεν;
676 676 695 752 ἡ
714 670 812 752 δῆλον
830 681 879 744 ὅτι
895 689 961 756 τοῖς
980 681 1114 771 ῥήμασιν
1139 680 1294 769 ἑπόμενοι,
1313 679 1434 771 μητέρα
1453 677 1507 769 μέν
1532 678 1631 753 αὑτὴν
1656 691 1720 746 τῶν

171 790 290 874 Μοιρῶν
313 785 507 873 ὑμνουμένην
530 784 707 867 ἀκούοντες,
723 786 867 878 ἡγεμόνα
884 777 917 851 δέ
933 798 992 864 τῆς
1008 796 1161 876 κοσμικῆς
1179 786 1303 864 άπάσης
1320 781 1446 870 τάξεως,
1463 797 1521 863 τὴς
1537 791 1569 853 ἐν
1593 784 1719 877 ψυχαῖς,

171 903 230 970 τῆς
252 896 284 958 ἐν
315 892 457 990 φύσεσιν,
482 893 670 983 συνέχουσαν
701 888 734 960 δὲ
758 899 890 972 άκλινῶς
914 895 956 961 τά
978 895 1094 972 πάντα,
1119 894 1173 959 καί
1197 889 1356 984 ὑρίζουσαν
1382 893 1547 962 όπουτεθέν
1579 897 1722 978 ἕκαστον,

172 1000 396 1093 συμπληρώσει
406 999 431 1084 ¹)
448 1002 502 1066 τὺν
521 1002 638 1093 κόσμον
654 1007 686 1068 ἐν
704 1013 749 1086 τῷ
765 1003 916 1094 πρέποντι
932 1003 1086 1092 σχήματι·
1102 1003 1224 1077 ταύτην
1241 1005 1364 1077 ἐκείνην
1378 999 1464 1082 εἶναι,
1482 1003 1541 1076 τὴν
1558 1004 1643 1094 παρά
1659 1015 1724 1080 τοῖς

173 1109 330 1199 θεολόγοις
354 1109 551 1198 καλουμένην
576 1111 685 1201 Θέμιν·
709 1110 747 1184 ἡν
771 1112 809 1176 τό
833 1104 1025 1201 ὑπερύαίνειν
1046 1114 1215 1202 ἐγχειροῦν,
1234 1111 1381 1202 ἀθέμιτον
1399 1111 1453 1200 μέν
1479 1107 1556 1177 εἷναι
1578 1113 1722 1204 λέγομεν·

173 1210 362 1306 ὑπερὺαίνειν
388 1209 421 1282 δέ
445 1219 527 1307 ὅμως
552 1217 595 1306 μὴ
622 1210 780 1286 δύνασθαι.
805 1221 882 1284 Τίνα
905 1217 966 1310 γάρ
990 1219 1239 1309 ἄλληνμητέρα
1264 1225 1383 1309 Μοιρῶν
1408 1218 1427 1293 ἡ
1453 1219 1575 1292 ταύτην
1599 1222 1723 1284 ἐκείνων

173 1327 352 1416 ὑμνούντων
375 1326 572 1418 ἡκούσαμεν;
597 1318 734 1415 Οἴδαμεν
759 1322 810 1392 οὑν
828 1330 878 1393 ότι
895 1329 949 1393 καὶ
965 1329 1076 1416 Μοίρας
1093 1325 1193 1402 ἄλλας
1217 1325 1392 1416 Ὀρφεὺςῖ),
1411 1333 1437 1392 εἰ
1454 1327 1507 1391 καί
1528 1339 1594 1404 τοῖς
1618 1329 1723 1404 αὐτοῖς

174 1435 306 1526 ὀνόμασι
329 1435 498 1526 χρώμενος,
524 1435 576 1500 ἄπ’
602 1439 705 1501 αὑτῶν
728 1435 890 1525 προελθεῖν
915 1435 1009 1528 φησὶν
1025 1445 1088 1500 τῶν
1105 1437 1289 1526 πρωτίστων
1312 1435 1400 1514 θεῶν,
1425 1435 1566 1502 ἐπέκεινα
1590 1436 1643 1500 καί
1665 1447 1723 1513 τὴς

175 1545 293 1627 Κρόνου
308 1545 478 1628 βασιλείας,
492 1544 621 1608 καὶτῶν
638 1553 747 1634 νοερῶν
765 1547 843 1620 όλως
862 1535 1049 1635 διακόσμων·
1067 1546 1151 1610 ἄλλά
1168 1549 1307 1622 κάκεῖνος
1325 1547 1427 1619 ἄλλην
1443 1545 1603 1638 Ἀνάγκην
1620 1547 1723 1636 παρὴ-
1759 1623 1761 1628 ,

175 1677 273 1744 γαγεν
296 1653 356 1744 πρό
380 1663 443 1717 τῶν
467 1657 599 1743 Μοιρῶν,
624 1661 810 1744 στυγερῶπα
833 1677 870 1720 τε
893 1652 1053 1746 Ἀνάγκην
1070 1655 1171 1747 λέγων
1191 1653 1354 1746 προελθεῖν
1379 1653 1431 1720 ἄπ’
1454 1656 1587 1733 ἐκείνων,
1610 1653 1668 1731 τάς
1693 1645 1726 1722 δέ

176 1763 310 1853 ἐγκοσμί

177 1978 202 2044 f.
222 1981 283 2047 141
302 2003 344 2059 v.‚
360 1978 396 2044 in
410 1979 529 2046 lacuna
545 1981 565 2044 3
582 2003 684 2046 vera:
704 2032 711 2046 .
727 2031 734 2045 .
751 1978 897 2068 ,μὴποτε
913 1972 965 2042 οὑν
980 2031 987 2046 .
1003 2032 1010 2046 .
1025 2031 1032 2046 .
1048 1982 1213 2068 πολλαχοῦ
1229 1988 1275 2061 τῷ
1294 1968 1423 2061 Ἡσιόδῳ
1443 1975 1612 2068 χρώμενος,
1628 1983 1668 2053 ὡς
1692 1981 1727 2042 ἐκ

177 2096 232 2151 τοῦ
256 2085 420 2175 Κρατύλου
446 2077 552 2162 δῆλον,
577 2086 630 2150 καὶ
647 2097 686 2172 τῇ
707 2078 844 2150 Ἡσιόδου
870 2085 1030 2177 θεογωνία·
1055 2083 1214 2150 κάνταῦθα
1240 2084 1363 2170 βλέπων
1379 2091 1421 2161 εἰς
1437 2088 1562 2164 ἐκεῖνον,
1586 2087 1726 2174 τοὺνομα

180 2195 272 2284 μόνον
296 2187 491 2272 ὑπαλλάξας,
508 2193 567 2265 τὴν
592 2194 689 2283 Θέμιν
714 2193 872 2285 Ἀνάγκην
889 2195 1105 2284 προσείρηκεν,
1123 2194 1247 2284 μητέρα
1262 2205 1326 2260 τῶν
1342 2199 1461 2284 Μοιρῶν
1477 2193 1581 2274 εἰπὼν,
1599 2197 1648 2259 ἵνα
1665 2199 1727 2260 ἐνε·

181 2296 323 2381 δείξηται
346 2301 406 2372 τὴν
430 2301 630 2391 ἐπικράτειαν
654 2303 762 2377 αὑτῆς,
780 2301 839 2373 τὴν
855 2305 887 2367 ἐν
912 2313 957 2386 τῷ
982 2303 1089 2393 κόσμῳ
1113 2303 1240 2369 πάντων
1266 2298 1584 2393 οὑσανκρατητικὴν,
1609 2302 1725 2368 άναπό-

181 2403 314 2502 δραστον
338 2403 428 2488 τάξιν
452 2410 506 2474 καί
529 2413 640 2483 ἀκλινῆ
665 2409 810 2501 φρουράν,
834 2413 1050 2484 ἑπιστὴσασαν
1074 2423 1177 2477 πᾶσιν·
1202 2412 1240 2486 ἡν
1264 2404 1351 2478 οὐδὲν
1371 2404 1502 2487 ἐκύὴναι
1527 2403 1670 2488 δυνατόν,
1694 2415 1728 2476 οὑ

180 2529 243 2585 τῶν
257 2518 388 2609 πρώτων
403 2511 442 2583 δι’
460 2517 627 2608 ὑπεροχὴν,
642 2521 676 2583 οὑ
690 2529 753 2584 τῶν
768 2519 911 2608 ἐσχάτων
929 2512 969 2586 δι’
986 2518 1132 2609 ἔλλειψιν,
1147 2531 1203 2611 μιᾷ
1213 2519 1237 2605 ³)
1251 2531 1314 2586 τῶν
1327 2519 1453 2586 πάντων
1467 2520 1728 2611 κατειλημμένων

180 2629 309 2719 προνοίᾳ
332 2626 386 2690 καί
415 2625 620 2718 τεταγμένων
650 2636 714 2691 τῶν
739 2619 845 2692 άῖδίων
869 2629 923 2693 καὶ
946 2630 1150 2719 ταττομένων
1175 2641 1423 2721 τῶνγενητῶν,
1447 2633 1478 2695 ἐν
1502 2640 1543 2716 τῇ
1567 2629 1727 2720 πρεπούσῃ

182 2736 283 2826 μοίρᾳ.
308 2734 370 2798 Καὶ
392 2743 450 2810 τῆς
474 2735 550 2810 όλης
573 2745 629 2800 τοὺ
653 2735 771 2826 κόσμου
795 2737 956 2811 πολιτείας
974 2727 1025 2802 διά
1041 2737 1163 2811 ταύτην
1188 2729 1338 2803 οὐδέποτε
1363 2740 1640 2828 μετακινουμένης,
1658 2728 1730 2802 οὑδὲ

182 2833 394 2918 ἐπεισοδιῶδές
417 2867 450 2906 τι
466 2833 700 2932 παραδέξασθαι
716 2835 900 2931 δυναμένης,
918 2836 956 2909 δι’
974 2841 1012 2919 ἦν
1027 2849 1058 2911 ἐν
1077 2844 1200 2935 θέσμοις
1216 2847 1398 2923 καλλίστοις
1409 2843 1438 2933 ⁴)
1454 2844 1496 2910 τά
1512 2845 1618 2910 πάντα
1640 2867 1731 2933 φρου-

183 2961 289 3043 ρεῖται,
305 2950 367 3038 Καὶ
383 2948 442 3040 γάρ
460 2951 490 3014 εἴ
502 2973 541 3038 με
553 2941 602 3016 δεῖ
612 2957 643 3016 τ’
661 2952 755 3040 οὑμόν
770 2957 875 3030 εἰπεῖν,
889 2954 960 3044 περὶ
974 2955 1136 3030 πολιτείας
1152 2954 1207 3019 τὺν
1225 2953 1393 3042 σύμπαντα
1408 2953 1505 3043 λόγον
1521 2951 1730 3040 ποιησάμενος

180 3051 274 3124 τοῦδε
286 3069 341 3123 τοῦ
355 3057 463 3146 μύθου,
476 3069 534 3134 τῆς
549 3070 702 3147 κοσμικῆς
715 3062 876 3138 πολιτείας
889 3062 927 3127 τὸ
940 3052 1142 3152 παράδειγμα
1157 3051 1209 3124 διά
1223 3059 1343 3137 ταύτης
1357 3054 1500 3150 ἐξέφηνεν
1513 3070 1571 3136 τὴς
1585 3051 1730 3148 μονάδος·

183 3160 224 3232 δι’
248 3161 286 3239 ἡν
311 3166 365 3230 καί
381 3169 397 3229 ό
415 3157 604 3256 δημιουργὸς
620 3167 783 3244 πολιτικός
800 3171 894 3250 ἐστιν,
911 3180 951 3254 τῇ
972 3159 1085 3256 θεμίδι
1102 3167 1198 3232 συνὼν
1211 3169 1246 3252 ⁶),
1264 3175 1288 3252 ῴ
1306 3166 1349 3256 μὴ
1372 3166 1456 3257 θέμις
1473 3159 1558 3257 δρᾶν,
1576 3165 1647 3230 ἄλλ’
1671 3167 1731 3246 ότι,

182 3273 267 3346 πλὴν
284 3274 322 3339 τό
339 3273 522 3358 κάλλιστον,
539 3274 631 3362 φησὶν
648 3279 664 3338 ό
682 3281 822 3364 Τιμαῒος·
839 3275 898 3346 τὴν
916 3274 972 3365 μὲν
989 3269 1041 3340 οὑν
1057 3274 1217 3365 Ἀνάγκην
1234 3273 1302 3340 θεόν
1320 3275 1423 3339 αἰτίαν
1443 3285 1502 3349 τῆς
1518 3277 1549 3338 ἐν
1567 3282 1612 3356 τῷ
1635 3271 1733 3336 παντί

183 3377 299 3462 τάξεως
322 3378 398 3450 εἶναι
421 3383 533 3474 φαμὲν,
557 3383 611 3448 καί
627 3378 713 3464 ζωῶν
731 3393 794 3448 τῶν
818 3383 1034 3474 τεταγμένων,
1051 3384 1104 3448 καί
1121 3375 1173 3448 διά
1188 3393 1251 3448 τῶν
1275 3373 1396 3448 παιδῶν
1413 3382 1565 3454 κινήσεων
1588 3378 1732 3473 ἡγεμόνα

182 3494 339 3558 παντοίων
363 3492 417 3557 καί
439 3482 590 3583 περιόδων
614 3491 790 3583 ὡρισμένων
814 3489 898 3557 κατά
922 3492 995 3582 μίαν
1018 3489 1123 3582 νοεράν
1148 3482 1278 3580 δύναμιν
1302 3490 1362 3563 τὴν

184 3713 208 3780 f.
221 3715 295 3793 142,
306 3712 340 3777 in
350 3713 468 3778 lacuna
478 3715 498 3778 4
507 3734 605 3778 νοτες
619 3709 919 3799 συμπεραίνουσαν...
930 3719 985 3773 τοῦ
994 3699 1138 3798 περίοδον
1149 3706 1243 3779 τὴν...
1253 3697 1433 3796 ἀδάμαντος
1445 3701 1549 3771 εἶναι..
1559 3717 1633 3798 γοῦν
1643 3711 1734 3794 ἡμεῖς

185 3819 324 3909 οἰόμεθα,
340 3820 395 3884 τόν
414 3819 468 3908 μὲν
485 3816 579 3911 γάρ..
592 3845 640 3886 ,τι
655 3828 717 3903 πᾷν
731 3813 809 3884 εἶναι
822 3819 914 3908 φησίν
931 3827 986 3882 τοῦ
1003 3819 1131 3907 ούρανοῦ
1148 3817 1185 3880 τὺ
1200 3825 1266 3892 τοῖς
1282 3820 1391 3907 ὁρῶσιν
1409 3815 1503 3881 αὑτόν
1520 3813 1662 3880 κάτωθεν
1675 3814 1735 3880 ὑπὸ

186 3937 249 3992 τῶν
267 3925 365 4017 ὄψεων
390 3921 610 4018 ἄφοριζόμενον
634 3939 750 4018 τμῆμα
767 3925 848 4016 μετά
864 3937 920 3991 τοῦ
938 3919 1044 4004 ἄξονος
1061 3919 1138 3990 εἶναι
1154 3925 1207 3989 καί
1223 3923 1372 4014 ἀτράκτῳ
1387 3923 1608 4013 παραπλήσιον
1627 3919 1659 4010 ᾖ,
1684 3912 1735 3986 διά

186 4049 249 4104 τῶν
266 4035 437 4127 ἔμπροσθεν
453 4037 683 4125 ἑπεμνὴσαμεν·
700 4035 753 4100 καί
766 4028 862 4110 δῆλον
875 4041 915 4112 ὡς
927 4037 1052 4110 ἐκείνοις
1065 4035 1175 4099 ἕπεται
1186 4034 1225 4099 τό
1241 4031 1297 4121 μὲν
1311 4032 1478 4122 ἄγκιστρον
1492 4041 1547 4096 τοῦ
1564 4030 1736 4121 ἀτράκτου,

186 4149 242 4214 τόν
266 4148 363 4213 πόλον
389 4141 466 4212 εἶναι
488 4149 608 4236 λέγειν,
632 4147 664 4222 ός
688 4149 771 4210 ἐστιν
795 4143 847 4210 ἐπί
869 4153 926 4219 τὴς
950 4152 1066 4236 κυρτῆς
1088 4144 1282 4233 περιφερείας
1311 4152 1366 4207 τοῦ
1391 4143 1531 4231 οὑρανίου
1555 4141 1735 4231 τμήματος,

188 4263 229 4335 ὡς
252 4258 291 4323 τὺ
315 4256 483 4347 ἄγκιστρον
507 4255 558 4320 ἐπὶ
580 4264 638 4329 τῆς
662 4263 717 4318 τοῦ
743 4245 925 4341 σφονδύλου·
949 4251 1009 4321 τὴν
1034 4241 1068 4316 δέ
1083 4249 1252 4326 ἠλακάτην
1270 4249 1365 4314 αὑτὸν
1382 4249 1437 4314 τὺν
1462 4241 1559 4326 ἄξονα
1582 4248 1637 4313 τόν
1661 4249 1738 4318 ἐλη-

189 4367 325 4456 λάμενον
350 4357 402 4429 διά
425 4372 489 4429 τῶν
513 4354 703 4451 σφονδύλων·
727 4359 867 4427 ἐντεῦθεν
892 4359 952 4452 γάρ
969 4360 1064 4424 αὑτόν
1081 4359 1136 4424 καί
1159 4359 1256 4434 οὑτως
1276 4356 1434 4425 ἐκάλεσεν.
1458 4354 1545 4421 Ἀλλ’
1571 4355 1657 4441 ότιθ)
1679 4363 1738 4429 τῆς

188 4473 356 4550 ἠλακάτης
371 4471 456 4562 παρά
473 4482 538 4547 τοῖς
553 4474 682 4545 πολλοῖς
696 4467 919 4558 σημαινούσης,
931 4467 1000 4558 περὶ
1016 4467 1051 4540 ἡν
1068 4472 1198 4533 εἱλεῖται
1214 4466 1252 4531 τό
1269 4467 1359 4554 ἐριον,
1372 4468 1443 4529 ἄλλ’
1460 4469 1488 4530 εί
1505 4463 1547 4552 μὴ
1568 4463 1737 4553 μέλλοιμεν

134 4621 162 4658 ³5
189 4583 243 4648 καί
266 4581 356 4647 αἰτοί
378 4579 507 4671 γράφειν
532 4577 674 4667 όνόματα
694 4576 784 4666 μόνα,
802 4577 857 4641 τόν
873 4576 970 4641 πόλον
987 4577 1134 4668 λέγοντες
1150 4575 1206 4640 καί
1227 4575 1282 4639 τὺν
1307 4566 1414 4650 ἄξονα,
1439 4570 1549 4662 ῥητέον
1574 4571 1606 4635 τί
1629 4568 1740 4668 τρανές

189 4691 261 4782 περί
283 4695 385 4754 αὑτῶν
410 4689 464 4753 καί
488 4687 634 4780 θεολογίᾳ
656 4696 824 4775 προσῆκον·
849 4683 917 4750 ἐπεὶ
932 4683 986 4750 καί
1003 4685 1095 4761 αὐτὸς
1113 4682 1206 4750 εἰπὼν
1223 4677 1255 4761 ἐξ
1275 4672 1457 4770 ἀδάμαντος
1480 4678 1628 4768 ἑκάτερον
1651 4671 1739 4754 εἶναι,

191 4800 245 4866 καί
268 4797 328 4873 τὴν
351 4799 457 4863 οὑσίαν
482 4799 585 4861 αὑτῶν
612 4786 783 4884 ἀδάμαντα
806 4794 950 4869 καλέσας,
975 4795 1072 4859 ἔοικεν
1090 4784 1265 4870 αἱνίξασθαί
1287 4815 1319 4855 τι
1343 4787 1434 4854 θεῖον·
1459 4779 1613 4878 οὐδὲγάρ
1637 4785 1739 4858 ἄλλην

229 4993 340 5067 1)ίοτὺ
359 4989 618 5063 συμπληρύοιιννθέ
638 4990 832 5060 ουμπληριὺσαν.
1030 4989 1053 5062 ⁵)
1073 4987 1143 5046 Cod.
1163 4988 1247 5039 συνῶν.

229 5085 253 5158 ²)
272 5085 357 5140 Inter
376 5080 505 5154 Orphica
522 5079 669 5136 hactenus
688 5076 769 5136 edita
787 5077 863 5134 nihil
880 5077 940 5134 huo
1030 5077 1053 5146 ⁶)
1073 5076 1110 5132 In
1129 5073 1356 5146 marginez'on
1368 5073 1536 5142 καὶΌμηρος
1550 5073 1596 5141 πρὸ
1610 5071 1743 5126 Πλάτωνος

192 5173 324 5248 respicit.
992 5167 1124 5221 ἠλακάτην
1144 5164 1219 5215 ἔοικεν
1238 5166 1323 5214 καλεῖν
1343 5165 1383 5214 τὸν
1403 5164 1443 5212 νῦν
1459 5160 1591 5231 λεγόμενον
1611 5160 1742 5228 ἄτρακτον·

229 5266 253 5340 ³)
271 5263 363 5334 Tolle,
383 5262 434 5334 sis,
453 5260 515 5316 ἱοὺθι
533 5257 724 5332 adscriptum.
995 5273 1057 5325 φησι
1075 5273 1093 5324 γ
1121 5272 1160 5305 ουν
1177 5253 1309 5308 ηλακᾶτην
1323 5252 1478 5321 οτραφῶσαι·
1492 5247 1624 5319 στρέφεται
1641 5249 1667 5298 δί
1687 5243 1741 5314 οὑχί

229 5357 255 5429 ⁴)
273 5353 370 5426 Supra
387 5350 437 5408 lin.
456 5347 616 5421 corrigitur
635 5348 739 5408 ἀλύτοις.
995 5347 1021 5396 τά
1042 5343 1064 5395 ἐν
1085 5339 1104 5413 ᾧ
1124 5345 1152 5394 τὸ
1172 5341 1242 5412 ἔριον,
1262 5343 1329 5392 ἄλλα
1348 5343 1374 5392 τό
1394 5340 1417 5391 ἐν
1438 5335 1457 5410 ᾧ
1476 5341 1505 5390 τὸ
1523 5339 1599 5408 νὴμα.
