3944 6074
325 555 380 615 246

321 719 401 786 ὄντα
424 717 601 812 ὑπεροχὴν,
627 721 681 787 καὶ
712 725 785 814 ὅπερ
816 722 944 790 εἰώθασι
966 725 1069 816 λέγειν

324 830 455 920 μύσασιν
477 829 611 920 ὄμμασι.
629 833 673 898 T6
691 823 724 898 δὲ
741 835 876 923 ἔσχατον
895 835 997 924 ὥσπερ
1021 838 1072 899 ού-

324 930 430 1028 δαμῶς
444 939 489 1016 όν,
508 941 590 1006 οὕτω
607 941 660 1005 καὶ
677 933 821 1031 οὐδαμῶς
838 943 989 1035 γνωστόν·
1008 952 1071 1007 τῶν

325 1039 359 1114 δὲ
376 1047 476 1138 μέσων
490 1047 636 1138 ἑκάτερον
650 1060 694 1135 πῇ
712 1052 865 1142 γνωστὸν,
880 1053 914 1115 ού
932 1025 1073 1140 θαυμαά-

324 1158 389 1223 τόν·
416 1149 497 1223 διότι
514 1159 568 1224 καὶ
583 1169 627 1244 πῇ
645 1159 691 1224 όν·
710 1149 761 1224 διά
778 1171 874 1226 τοῦτο
898 1155 949 1224 ούν
976 1165 1075 1249 ἀμφο-

324 1269 386 1342 λῶς
404 1270 420 1330 6
439 1267 610 1358 Σωκράτης
626 1270 664 1333 τὸ
681 1260 836 1359 μηδαμῶς
852 1267 887 1335 όν
902 1269 1074 1359 ἄγνωστον,

326 1377 492 1463 ἀπεφήνεν·
517 1381 544 1441 εἰ
569 1365 602 1442 δὲ
617 1378 654 1442 τδ
679 1376 714 1444 όν
731 1372 796 1444 εἷπε
817 1379 910 1467 μόνον
934 1379 1075 1470 γνωστὸν

327 1487 361 1548 ού
386 1482 577 1573 θαυμαστόν·
602 1490 642 1560 ὡς
666 1485 725 1576 γάρ
743 1486 887 1575 περὶτῆς
905 1479 1075 1559 ἑπιύλητι-

326 1601 384 1667 κῆς
408 1589 566 1682 γνώσεως,
591 1589 626 1668 ἧς
651 1598 667 1658 6
692 1593 839 1660 Γλαύκων
868 1595 986 1660 ἔννοιαν
1010 1589 1076 1684 εἶχε

327 1709 430 1763 ταῦτα
460 1701 592 1789 εἴρηται.
619 1701 710 1766 Ἔστι
740 1726 772 1766 τι
796 1703 850 1767 καί
873 1703 1036 1792 πέμπτον,
1061 1701 1077 1768 6

327 1807 402 1895 πρὸς
427 1817 481 1871 τοῦ
507 1811 612 1885 άπλῶς
637 1809 679 1899 μά.
705 1810 795 1888 ὄντος
820 1802 869 1876 δεῖ
891 1811 1030 1894 τάττειν,
1055 1815 1074 1884 η

328 1915 401 1992 ύλη,
425 1919 576 2006 ἀνομοίως
592 1920 767 2008 ὁμοιωμένη
787 1929 832 2004 τῷ
849 1919 974 2011 πρώτῳ,
997 1911 1078 1984 διότι

330 2027 435 2116 ὥσπερ
459 2027 496 2090 τ“ο
520 2037 643 2117 πρῶτον
667 2039 809 2118 κρεῖττον
839 2031 956 2104 παντὸς
980 2020 1078 2103 εἴδους

330 2132 424 2210 ἐστὶν,
442 2133 539 2210 ούτως
557 2135 637 2208 αὕτη
656 2138 776 2226 χείρων·
798 2147 837 2222 τῇ
855 2159 890 2201 τε
913 2130 964 2200 ούν
989 2140 1081 2200 ύποσ·

330 2241 419 2306 τάσει
434 2243 533 2307 ἔοικεν
550 2253 596 2326 τῷ
619 2244 733 2334 πρώτῳ
759 2246 920 2333 ἀνομοίως,
939 2250 978 2320 ὡς
1001 2247 1081 2334 εἴρη-

330 2375 402 2427 ται,
428 2352 482 2417 καὶ
504 2363 546 2438 τῇ
570 2354 641 2444 περὶ
666 2357 763 2431 αὐτῆς
787 2353 911 2447 γνώσει·
936 2359 992 2419 οὐκ
1020 2354 1080 2442 ἄρα

332 2450 403 2524 οὐδὲ
419 2459 541 2532 ταύτην
559 2459 629 2526 καθ’
649 2461 746 2534 αὐτὴν
762 2461 991 2553 γιγνώσκομεν,
1007 2464 1078 2525 ἀλλ’

331 2573 367 2634 ὲκ
389 2578 445 2634 τοῦ
468 2577 562 2632 πᾶσιν
583 2569 775 2655 ὑποκεῖσθαι,
800 2572 901 2662 ώσπερ
925 2574 1022 2636 ἐκεῒνο
1046 2575 1081 2635 ἐκ

331 2685 387 2740 τοῦ
409 2674 536 2741 πάντων
560 2668 739 2766 ἐξῃρῆσθαι.
772 2677 870 2741 Μόνον
895 2672 946 2742 οὖν
970 2679 1080 2767 κυρίως

333 2780 495 2872 ἄγνωστον
519 2783 556 2847 τὸ
575 2787 680 2859 ἁπλῶς
696 2782 739 2872 μὴ
758 2781 803 2866 όν,
820 2783 876 2850 άτε
894 2777 975 2874 μηδὲ
991 2785 1082 2848 ύπόσ·

332 2892 423 2955 τασίν
440 2916 511 2956 τινα
528 2893 610 2981 ἕχον·
628 2894 701 2982 πρὸς
725 2904 820 2959 τοῦτο
844 2895 881 2958 τό
906 2920 949 2978 τι,
964 2905 1081 2958 ταῢτον

335 2988 368 3063 δὲ
392 3001 497 3082 εἰπεῖν,
521 3001 560 3065 τὸ
586 2998 641 3090 μὲν
664 2998 699 3068 όν
723 3003 742 3072 ἢ
769 3001 902 3091 μετέχον
927 3012 982 3066 τοῦ
1006 3001 1083 3083 ἑνὸς,

334 3107 474 3196 γνωστὸν
506 3101 588 3172 εἶπεν
613 3111 628 3170 6
662 3107 849 3198 Σωκράτης·
876 3105 945 3174 εἶτα
974 3099 1080 3178 ἐπειδὴ

335 3214 471 3291 ἄλλως...
495 3217 532 3280 τὸ
556 3219 587 3281 ὲν
611 3228 676 3293 τοῖς
701 3212 784 3282 οὖσιν
808 3217 839 3282 ἓν
863 3217 1004 3307 γνωστὸν
1028 3241 1084 3280 κα-

335 3332 528 3412 ταφατικῶς,
547 3323 648 3400 ἄλλως
662 3315 696 3390 δὲ
709 3325 746 3389 τὸ
759 3325 834 3416 ύπερ
848 3324 889 3389 τά
902 3325 980 3390 όντα
997 3327 1085 3409 (67:6-

878 549 960 624 Cori.
981 548 1111 626 Medic.
1131 549 1323 624 varietates.

1125 735 1263 815 φατικῶς
1282 725 1356 816 γάρ)
1374 724 1472 815 μόνην
1490 727 1636 814 (reliqua,
1659 727 1730 794 leco
1753 729 1861 813 margi·

1125 836 1174 902 nis
1198 860 1307 918 νοουο,
1331 837 1575 922 desiderantur).

1172 944 1230 1010 Ed.
1254 967 1285 1030 p.
1302 947 1378 1011 424.
1397 982 1435 990 -
1454 943 1476 1010 l.
1494 946 1535 1010 38
1554 941 1718 1034 Κατέγνω)
1736 941 1796 1006 Καί
1814 967 1863 1006 κα-

1126 1052 1238 1140 τέγνω.

1174 1161 1217 1226 Μ.
1241 1161 1297 1226 fol.
1321 1162 1394 1226 149.
1420 1197 1461 1208 -
1485 1160 1507 1226 l.
1532 1163 1574 1226 48
1599 1149 1754 1247 δυνάμης)
1778 1148 1865 1222 δυνά-

1129 1290 1206 1356 μεις.
1231 1306 1271 1315 -
1296 1266 1316 1339 ἢ
1341 1265 1529 1349 ποιητικάς)
1560 1269 1600 1340 εἰς
1629 1264 1806 1341 ποιητικάς.
1828 1303 1865 1314 -

1128 1376 1151 1443 l.
1176 1377 1229 1442 49.
1252 1371 1312 1465 γάρ
1337 1377 1499 1464 ἑνεργείαι)
1523 1398 1552 1464 γ.
1572 1379 1603 1437 αἱ
1628 1379 1726 1466 ἑνεργ.
1752 1413 1786 1422 -
1816 1376 1865 1442 Εύ.

1129 1505 1162 1568 p.
1186 1485 1250 1547 425
1275 1491 1389 1569 τριχῶς
1413 1479 1472 1571 γάρ
1496 1487 1515 1554 η
1542 1473 1682 1570 δύναμις.

1176 1591 1346 1658 Schoiium.
1372 1597 1440 1655 Τῶν
1459 1600 1579 1680 τεχνῶν
1596 1595 1629 1654 αἱ
1645 1589 1702 1678 μὲν
1728 1587 1810 1654 κατά
1832 1587 1868 1651 τί

1130 1699 1316 1786 ὑποκείμενα
1334 1687 1537 1788 διαφέρουσιν,
1551 1705 1590 1776 ώς
1607 1697 1803 1789 χαλκευτικὴ
1822 1699 1868 1760 καὶ

1130 1807 1350 1896 ἀργυροχοῖκή·
1376 1813 1408 1870 αἱ
1434 1800 1467 1872 δὲ
1490 1808 1574 1872 κκτά
1598 1810 1652 1873 τὸν
1677 1807 1793 1897 τρόπον
1817 1816 1866 1880 τῆς

1129 1917 1291 2005 ἐνεργείας,
1309 1921 1349 1992 ὡς
1366 1915 1532 1988 τεκτονικὴ
1551 1916 1605 1980 καὶ
1620 1915 1814 2006 ναυπηγικὴ·
1833 1919 1869 1977 εί-

1131 2025 1230 2100 κότως
1262 2019 1314 2090 οὖν
1345 2029 1399 2090 ἀπ’
1425 2027 1607 2116 ἀμφοτέρων
1638 2029 1744 2090 αὐτῶν
1768 2015 1868 2090 ἔλαύεν

1131 2133 1190 2204 τὴν
1215 2125 1365 2224 διαφοράν
1382 2138 1397 2198 ὁ
1416 2133 1597 2224 Σωκράτης,
1615 2133 1668 2198 καί
1686 2137 1792 2210 ἁπλῶς
1815 2139 1868 2195 τῶν

1134 2233 1307 2332 δυνάμεων.

1177 2351 1199 2417 l.
1224 2354 1244 2416 8
1267 2350 1420 2440 λέγωμεν)
1444 2348 1586 2439 λέγομεν.

1178 2459 1222 2526 Μ.
1235 2459 1290 2526 fol.
1307 2461 1379 2525 149.
1395 2483 1424 2525 v.
1438 2497 1480 2506 -
1492 2460 1514 2525 l.
1528 2463 1569 2526 13
1582 2453 1804 2548 ἀπεργάζεται,
1817 2465 1867 2518 τῶν

1134 2567 1248 2656 μέσων)
1266 2561 1479 2658 άπεργάζεταί
1495 2592 1527 2631 τι
1543 2569 1599 2632 ούκ
1616 2565 1651 2631 ἂν
1667 2570 1716 2640 εἴη
1736 2569 1867 2654 ἔσχατον,

1134 2674 1218 2740 ἀλλά
1235 2680 1307 2763 μετ’
1324 2674 1423 2746 αὐτὴν
1441 2679 1457 2738 6
1473 2669 1697 2766 ἀπεργάζεται,
1714 2684 1778 2738 τῶν
1792 2697 1823 2760 μ.
1834 2706 1869 2720 -

1134 2787 1156 2853 l.
1176 2789 1216 2851 14
1234 2787 1289 2849 ούκ
1305 2785 1387 2870 ἔστι)
1404 2788 1458 2849 οὐκ
1474 2786 1532 2851 ἔτι.
1550 2822 1592 2834 -
1608 2785 1630 2852 l.
1649 2788 1692 2851 16
1709 2783 1739 2858 ὃς
1757 2781 1868 2870 ἀπεριμ)

1136 2891 1152 2958 6
1176 2897 1284 2982 άπεργ.

1181 3003 1224 3068 Μ.
1249 3002 1304 3068 fol.
1331 3005 1404 3068 150.
1429 3039 1472 3048 --
1494 3002 1516 3069 l.
1541 3004 1583 3067 27
1608 3003 1655 3088 ἐφ’
1679 3001 1792 3089 ἑτέροις
1820 2995 1868 3086 γάρ

1137 3107 1304 3200 τετάχθαι)
1328 3112 1374 3198 ἐφ’
1392 3107 1470 3198 ἐτέρ.
1487 3108 1547 3201 γάρ
1565 3108 1758 3198 τετάχαται,
1775 3110 1816 3174 sie
1836 3105 1868 3171 cf.

1137 3219 1182 3285 M.
1206 3220 1262 3286 fol.
1289 3222 1362 3284 134.
1387 3219 1501 3284 Exstat
1525 3219 1556 3285 in
1573 3219 1720 3304 margine
1743 3213 1867 3284 inferiori

1138 3327 1193 3393 fol.
1220 3329 1282 3392 149
1307 3349 1335 3393 ν.
1356 3315 1526 3414 διαγραφή·

1025 3564 1057 3613 A!
1076 3563 1191 3630 δυνάμεις

615 3649 1046 3676 ,θ’θ’-ὴ
1068 3651 1599 3676 Ἀκμὴ--

719 3695 856 3765 γνωστικαί

1321 3693 1437 3753 κῶιίισεως
1458 3693 1538 3745 αἰτίαι

527 3784 1056 3812 “-w
1166 3783 1702 3814 Μ

536 3829 679 3883 αἰσθητικαί
845 3829 958 3882 νοητικαί
1149 3830 1172 3881 ἐν
1193 3829 1340 3896 κινουμένοις
1488 3831 1511 3882 ie
1531 3835 1634 3882 κινοῦσιν

538 3921 571 3968 τὰ
589 3917 710 3970 Mirm
848 3923 880 3969 τὰ
899 3919 1000 3987 μείζονα
1150 3921 1176 3970 αἱ
1196 3921 1242 3972 ὐπὸ
1263 3921 1334 3972 ἔλατ·
1491 3922 1517 3971 αἱ
1537 3927 1568 3972 τὰ
1588 3921 1689 3990 μείζονα

537 4005 721 4076 γιγνώσκουσαι
1488 4013 1597 4062 κινοῦσαι
1616 4017 1659 4063 καὶ

848 4007 1014 4078 γινώσκευσαι
1152 4011 1226 4061 τόνων
1246 4011 1385 4081 κινούμεναι

537 4098 580 4147 καί
600 4099 633 4146 τὰ
651 4096 736 4166 μείζω.
846 4101 889 4148 καὶ
908 4103 940 4148 τὰ
959 4094 1054 4150 ἐλάττω
1152 4105 1194 4151 καὶ
1213 4100 1260 4152 imi
1280 4099 1403 4168 μειζόνων.
1491 4105 1523 4150 τὰ
1542 4101 1670 4152 ἐλάσσονα.

1092 4477 1132 4544 V.

515 4711 587 4803 Περὶ
610 4722 666 4778 τοῦ
689 4715 720 4777 ἐν
744 4713 894 4799 Πολιτείᾳ
917 4713 1014 4805 λόγου
1038 4725 1093 4779 τοῦ
1119 4706 1294 4793 δεικνύντος
1317 4719 1350 4781 τί
1369 4719 1447 4782 ποτέ
1471 4720 1538 4783 ἐστι
1562 4714 1712 4808 τάγαθόν.

628 4823 680 4888 De
702 4823 769 4890 loeo
792 4823 1003 4910 Reipublicae
1026 4848 1088 4913 φυο
1111 4828 1283 4914 exponitur
1305 4827 1385 4915 quid
1407 4828 1450 4892 eit
1472 4827 1600 4894 bonum.

387 5054 535 5124 solemne
556 5057 702 5124 omnibus
711 5057 918 5146 philosophie
934 5069 1167 5148 στρηιαοιιιιιιιι,
1184 5061 1271 5127 haud
1285 5064 1354 5126 eine
1370 5061 1527 5149 οζεφαιιάα
1542 5062 1631 5149 apud
1654 5061 1807 5140 Ρτοείιιω,
1822 5049 1864 5118 τού

336 5162 484 5250 prolixa,
509 5167 600 5252 eujus
622 5172 675 5231 eat
697 5168 758 5232 erit
786 5190 909 5234 semme
932 5169 1087 5256 quaedam
1111 5169 1256 5257 οοίίίφοτο
1285 5171 1536 5258 epiphonemata,
1566 5171 1661 5236 immo
1691 5171 1771 5236 εσίίτ
1792 5163 1864 5253 foret

342 5270 470 5336 verbum
494 5296 603 5359 ωιιοικ,
627 5285 655 5340 ei
679 5275 827 5341 ultimum
850 5277 998 5362 quidem:
1021 5279 1191 5346 Summum
1215 5281 1337 5348 bonum
1362 5280 1525 5361 Platonis,
1550 5303 1695 5346 summus
1718 5281 1798 5346 Deus
1817 5275 1862 5338 esi·

343 5386 368 5446 'f
371 5381 386 5442 6
410 5378 468 5474 άρα
494 5379 611 5472 ἀγαθόν
636 5387 719 5448 ἐστιν
745 5395 866 5474 πρῶτος
891 5385 964 5464 δέος.
