3944 6074
330 493 382 550 ιτο
807 491 996 583 Ηονοειομί
1015 492 1218 584 explanatis
1234 501 1265 568 et
1283 496 1401 569 ventis.

328 661 563 742 καταστάσεως,
588 666 629 737 είς
654 661 691 727 τό
708 661 832 753 γόνιμοι
847 673 905 738 τῆς
922 665 1034 738 οἰκείας
1059 663 1184 752 φόσεως,
1200 665 1242 730 τά
1267 658 1300 732 δὲ
1316 679 1374 745 τῆς
1393 669 1546 746 ἐναντίας.
1564 676 1603 736 Οἰ
1626 665 1660 737 δέ
1682 672 1770 765 λόγοι
1795 674 1860 764 [τῆς

328 771 442 860 ρόσεως
467 771 536 855 (fol.
562 773 616 850 99)
641 776 669 836 οἰ
692 775 834 835 πλεῖστοι
857 772 1063 860 προέρχονται
1087 783 1141 837 τοῦ
1166 777 1262 864 ἔαρος·
1288 774 1329 840 τά
1346 767 1379 842 δέ
1395 777 1562 867 σπέρματα
1578 791 1635 856 τῆς
1660 785 1861 871 μετοπωρίνης

327 882 418 954 οὐσης
436 880 516 967 ὥρας
540 871 781 943 καταύιίλλεται
805 885 846 956 είς
869 889 939 971 γῆν·
960 870 1006 944 διό
1030 882 1083 942 καί
1107 902 1181 968 φασι
1205 891 1268 944 τῶν
1293 881 1394 970 ὡρῶν]
1421 884 1478 955 τὴν
1504 887 1558 974 μὲν
1578 887 1754 976 χειμερινὴν
1779 884 1862 978 [εἶναι

328 991 468 1079 Κρονίαν,
487 987 700 1076 κρύπτουσαν]
717 989 776 1052 ὐπύ
793 999 851 1078 γῆς
868 985 909 1052 τά
926 987 1101 1076 σπέρματα,
1119 989 1258 1079 καθάπερ
1277 991 1405 1078 [ἐκεῖνος
1422 991 1464 1057 τά
1484 997 1609 1079 ἑψαυτοῦ
1626 998 1816 1085 γεννήματα.
1833 1003 1862 1059 Ei

286 1116 299 1153 ⁵
329 1098 432 1180 βούλει
457 1094 658 1187 θεολ[ογικῶς
682 1097 809 1187 λέψγειν,
833 1095 887 1159 καί
903 1087 954 1160 διαὶ
971 1096 1029 1168 τὴν
1048 1089 1134 1183 ψόξιν
1152 1093 1189 1169 ὴν
1213 1087 1371 1162 ἐνδίδωσιν
1398 1099 1478 1188 [τοῖς
1499 1101 1711 1192 γιγνο]μένοις
1729 1113 1861 1190 ρυσικῶς·

326 1206 386 1276 τὴν
400 1199 433 1270 δέ
445 1207 587 1270 ἐναντίαν
603 1203 756 1294 [ταύτης]
770 1203 829 1278 τὴν
844 1203 977 1293 θερινὴν,
991 1203 1145 1293 Ἀρείκὴν·
1161 1195 1212 1268 διαί
1225 1204 1282 1276 τὴν
1298 1204 1413 1294 θέρμην
1430 1205 1500 1296 [ὴν]
1525 1226 1554 1278 ;;-
1564 1212 1696 1300 παρέχει
1707 1221 1769 1285 τοῖς
1783 1234 1862 1297 ρατι-

326 1326 389 1389 κοῖς
406 1315 460 1378 καί
478 1307 528 1379 διαί
548 1313 639 1405 [τὴν]
657 1314 833 1402 ἑτερότητα
851 1313 909 1383 τὴν
935 1304 1132 1402 διακριτικὴν
1149 1313 1285 1378 πάντων·
1305 1314 1358 1404 [ὴν
1377 1315 1414 1402 ὴ]
1433 1326 1489 1392 τῆς
1515 1316 1706 1405 θερμότητος
1731 1319 1864 1380 ἐνεικονί-

326 1417 415 1502 ζεται
432 1415 594 1512 διάκρισις,
610 1422 669 1494 τὴν
688 1413 721 1488 δέ
744 1423 878 1510 ἐαρινὴν,
904 1425 996 1506 Δίῖον,
1017 1428 1057 1497 ὡς
1081 1423 1270 1512 γεννητικὴν
1295 1426 1348 1488 καὶ
1367 1426 1592 1514 [ἐκ]ραντικὴν,
1609 1436 1672 1491 τῶν
1690 1417 1723 1490 δέ
1740 1449 1864 1514 κεκρυμ-

327 1534 426 1622 μένων
443 1534 557 1624 λόγων,
576 1531 649 1622 [ῶς]
667 1534 720 1597 καί
738 1537 752 1596 ό
773 1531 845 1608 Ζεὺς
863 1538 904 1608 εἰς
921 1533 975 1596 τόν
993 1534 1115 1621 πατέρα
1133 1527 1199 1624 δρᾷ,
1217 1534 1258 1599 τέ
1284 1535 1467 1624 γεννήματα
1491 1537 1585 1600 αὐτοῦ
1610 1533 1652 1598 τά
1675 1533 1865 1622 κεκρυμμένα

272 1648 298 1686 ¹⁰
327 1642 419 1716 αὐτός
443 1646 483 1714 εἰς
508 1642 547 1704 τὸ
570 1642 702 1729 ἐμφανὲς
722 1631 878 1731 προάγων·
897 1639 957 1708 τὴν
975 1631 1009 1704 δὲ
1025 1641 1249 1731 μετοπωρινὴν,
1267 1635 1455 1732 Ἀφροδίτης
1474 1639 1507 1730 1)·
1526 1647 1556 1707 ἐν
1574 1641 1676 1727 ταότη
1695 1641 1791 1732 γάρὴ
1815 1666 1865 1702 κα-

326 1741 447 1822 ταύολὴ
467 1751 589 1841 γίνεται
606 1761 668 1814 τῶν
687 1749 875 1839 σπερμάτων
893 1754 935 1824 εἰς
951 1759 1021 1840 γῆν·
1041 1760 1135 1814 τοῦτο
1152 1741 1186 1814 δὲ
1202 1741 1389 1838 Ἀφροδίτης
1407 1752 1505 1841 ἔργον,
1523 1749 1565 1815 τά
1584 1749 1699 1839 γόνιμα
1717 1750 1866 1839 μιγνόναι,

326 1857 379 1920 καί
393 1861 432 1932 είς
447 1859 606 1922 κοινωνίαν
621 1857 706 1946 ἄγειν
720 1857 779 1927 τὴν
796 1867 854 1932 τῆς
866 1857 1011 1946 γενέσεως
1026 1859 1140 1925 αἰτίαν,
1155 1859 1215 1922 Καὶ
1230 1850 1280 1924 διά
1294 1869 1396 1922 ταῦτα
1410 1859 1469 1947 ἀρα
1486 1859 1539 1922 καί
1556 1863 1571 1922 ὁ
1590 1857 1682 1947 μῦθος
1694 1857 1754 1930 τὴν
1772 1861 1867 1947 Κόρην

326 1963 522 2053 ἁρπασθῆναι
539 1964 631 2053 φησίν
648 1969 679 2029 ἐν
696 1975 736 2050 τῇ
756 1966 820 2052 ὥρᾳ
837 1963 951 2050 ταότῃ,
969 1975 1026 2040 τῆς
1043 1959 1210 2055 ζωογονίας
1220 1965 1245 2050 ²)
1262 1976 1324 2030 τῶν
1340 1976 1470 2056 μερικῶν
1486 1966 1614 2031 πάντων
1630 1967 1866 2056 προισταμένην·

325 2070 465 2161 προσθείς
484 2063 517 2138 δέ
540 2075 589 2137 ότι
613 2073 666 2136 καί
683 2077 712 2137 έν
730 2085 771 2157 τῇ
792 2075 946 2156 ἱστοποιΐρι
963 2075 1016 2138 τόν
1032 2077 1176 2162 σκορπίον
1193 2077 1372 2164 ὐραίνουσα,
1389 2077 1443 2139 τὀν
1459 2073 1501 2138 τά
1519 2075 1599 2164 μέσα
1613 2086 1671 2150 τῆς
1688 2077 1768 2164 ὧρας
1790 2078 1867 2144 εἰλη-

272 2182 297 2218 ¹⁵
324 2181 408 2270 χότα
430 2179 560 2258 ταότης,
577 2181 766 2268 ὑπομείνειεν
783 2181 842 2250 τὴν
861 2181 1014 2272 ἁρπαγὴν·
1040 2183 1093 2244 καί
1115 2181 1175 2272 γάρ
1201 2175 1251 2246 διά
1276 2181 1335 2254 τὴν
1361 2183 1523 2271 μεσότητα
1547 2185 1600 2246 καί
1624 2178 1676 2248 διά
1691 2187 1728 2248 τ“ο
1747 2185 1866 2272 γόνιμον

327 2290 391 2376 μὲν,
416 2295 527 2365 οἰκεῖος
551 2293 617 2354 ἐκεῖ
639 2291 713 2378 πρός
738 2289 797 2361 τὴν
822 2284 991 2379 ζωογονίαν
1016 2295 1031 2353 ό
1057 2293 1208 2380 σκορπίος.
1234 2292 1296 2354 Καί
1312 2315 1393 2365 τινες
1419 2291 1512 2355 αὐτόν
1539 2293 1591 2356 καί
1613 2297 1652 2366 ὡς
1677 2289 1788 2375 τότεέ)
1812 2301 1867 2354 τῶν

326 2398 512 2488 σπερμάτων
530 2393 777 2486 σκορπιζομένων
794 2397 1006 2487 ὀνομασθῆναι
1024 2401 1125 2486 ρασίν·
1143 2399 1251 2462 λοιπόν
1270 2389 1303 2462 δὲ
1320 2403 1335 2462 ό
1354 2400 1478 2488 Ἑρμῆς,
1495 2401 1593 2475 κοινός
1607 2410 1713 2465 πασῶν
1726 2404 1796 2464 ἐστι
1812 2409 1872 2462 τῶν

324 2511 421 2594 ὡρῶν,
438 2507 492 2570 τόν
506 2507 558 2571 ἕνα
571 2507 665 2596 λόγον
683 2511 713 2572 ἐν
729 2505 843 2581 πείσαις
856 2505 1065 2596 πρυτανεύων,
1079 2505 1132 2570 καί
1148 2506 1207 2576 τὴν
1226 2508 1298 2596 μίαν
1316 2511 1417 2570 αὐτῶν
1435 2507 1626 2597 κατὰλόγον
1643 2501 1743 2586 τάξιν.
1759 2547 1801 2559 -
1815 2509 1867 2570 Καί

326 2613 388 2702 μὴν
406 2614 459 2678 καί
476 2623 538 2678 τῶν
559 2615 694 2704 [ἀνέμων
716 2617 785 2695 (fol.
803 2618 844 2682 99
863 2621 907 2693 v.)
925 2620 952 2678 οἰ
969 2613 1024 2696 μέν
1043 2619 1100 2679 εἰσι
1117 2613 1330 2703 γονιμωτέραν
1347 2615 1472 2703 ἔχοντες
1490 2607 1631 2704 δόναμιν,
1649 2621 1676 2680 οἰ
1694 2607 1725 2682 δὲ
1745 2619 1866 2706 αὐχμεῖν

270 2731 297 2768 ²⁰
323 2731 459 2785 ποιοῦσιν
477 2720 536 2792 τὴν
553 2721 794 2810 γένεσιν·καίὀί
811 2721 864 2808 μὲν
883 2721 1013 2810 ἀρρένων
1030 2720 1089 2785 εἰσί
1104 2720 1237 2810 γόνιμοι,
1258 2721 1403 2797 πνέοντες
1421 2726 1452 2786 ἐν
1470 2733 1534 2799 τοῖς
1552 2734 1711 2811 σποριμοῖς
1728 2722 1865 2812 καιροῖς]

325 2834 365 2904 ὡς
389 2833 405 2892 ὁ
432 2832 556 2918 βορρᾶς·
582 2835 610 2893 οἱ
634 2821 667 2894 δὲ
691 2829 822 2912 θηλέων,
849 2831 903 2918 [ῶς
928 2833 943 2892 ὁ
968 2831 1066 2906 νότος,
1093 2828 1169 2915 Καί]
1195 2829 1254 2918 γάρ
1279 2837 1381 2892 ταῦτα
1405 2840 1469 2904 τοῖς
1488 2831 1547 2920 πρό
1570 2837 1660 2918 ὴμῶν
1686 2833 1867 2920 ἱστορημένα

325 2937 489 3028 τυγχάνει,
514 2938 587 3027 πρός
611 2938 660 3013 οὓς
686 2929 808 3002 δεῖκαὶ
832 2937 943 3013 αὐτούς
969 2938 1103 3021 βλέπειν·
1129 2937 1194 3002 ἐπεί
1210 2937 1264 3000 καὶ
1281 2935 1337 3012 τοίς
1356 2929 1544 3027 δυσκρασίας
1567 2947 1630 3001 τῶν
1655 2939 1753 3026 ἀέρων
1779 2939 1868 3026 ἄγονα

325 3045 517 3135 παρέχεσθαι
533 3045 574 3110 τά
593 3047 758 3136 σπέρματα
776 3045 795 3118 ὴ
813 3047 929 3138 γόνιμα
945 3048 1162 3130 πεπίστευται,
1175 3047 1229 3109 καί
1242 3045 1437 3110 τελειοῦσθαι
1452 3045 1492 3110 τά
1511 3047 1743 3137 κυῖσκόμενα,ὴ
1765 3041 1866 3136 ἀμόλί-

327 3153 463 3230 σκεσθαι,
488 3155 541 3218 καί
565 3149 644 3233 ζωιίς
669 3156 897 3244 φρονιμωτέρας
922 3151 941 3225 ὴ
969 3154 1192 3244 ἀρρυνεστέρας
1216 3145 1436 3242 ὑποδέχεσθαι·
1461 3146 1543 3219 διότι
1561 3158 1600 3218 ’τί
1620 3155 1673 3218 καὶ
1697 3161 1729 3219 αἰ
1755 3156 1867 3245 κράσεις

271 3265 298 3302 ²⁵
327 3265 524 3326 συντελοῦσιν
542 3267 583 3337 εἰς
602 3261 660 3334 τὴν
675 3254 799 3326 τοιάνδε
816 3257 909 3340 ζωὴν·
928 3264 962 3325 οὐ
980 3271 1042 3324 τῶν
1055 3260 1161 3351 ψυχῶν
1176 3267 1217 3336 εἰς
1234 3259 1276 3325 τιί
1293 3253 1399 3326 τοιαίδε
1412 3261 1547 3350 σώματα
1560 3253 1779 3351 εἰσδυομένων,
1794 3263 1867 3325 ἀλλά

326 3369 409 3434 κατά
426 3369 485 3442 τὴν
503 3372 619 3434 οἰκείαν
637 3364 726 3447 ἀξίαν
742 3363 1016 3460 περιβαλλομένων
1033 3369 1076 3436 τά
1093 3371 1256 3459 σχήματα·
1275 3379 1337 3434 τῶν
1356 3369 1411 3457 μὲν
1428 3375 1469 3443 εἰς
1486 3373 1599 3457 ἀρετῆς
1615 3380 1727 3442 κτῆσιν
1750 3363 1868 3457 ἐμποδί·

326 3468 433 3556 ζοντα,
446 3487 508 3541 τῶν
523 3469 556 3542 δὲ
570 3469 799 3566 ἀνεμπόδιστον
816 3477 875 3551 τὴν
892 3483 1011 3543 ἑαυτῶν
1029 3487 1136 3566 κρᾶσιν
1154 3477 1354 3567 παρεχόμενα
1370 3479 1444 3565 πρός
1462 3477 1521 3550 τὴν
1535 3480 1652 3552 ἐκείνης
1664 3470 1866 3551 ἐπιτήδευσιν·

326 3585 386 3657 τὴν
413 3578 446 3650 δέ
463 3578 501 3656 δὴ
529 3586 668 3676 μερικὴν,
695 3593 736 3662 είς
762 3585 817 3662 τάς
844 3579 920 3662 ἰδίας
938 3598 1001 3652 τῶν
1019 3582 1269 3677 συζευγνυμένων
1286 3587 1410 3662 ἡλικίας
1428 3591 1558 3674 ὁρῶντες
1583 3585 1636 3649 καί
1660 3584 1716 3662 τοίς
1741 3587 1867 3676 κράσεις,

327 3693 513 3784 θερμοτέρας
537 3693 556 3766 ὴ
582 3692 773 3785 ψυχροτέρας
798 3697 900 3774 οὔσας,
925 3696 978 3758 καί
1003 3692 1060 3771 τάς
1083 3688 1174 3776 ζωάς,
1192 3693 1483 3784 όρμητικωτέραςὴ
1506 3695 1816 3784 ὴσυχαστικωτέρας·
1839 3699 1866 3756 ον

272 3812 299 3850 ³⁰
326 3800 385 3892 γάρ
404 3800 614 3879 ἐθελήσουσιν,
629 3807 665 3867 ἐκ
679 3812 741 3866 τῶν
760 3793 927 3893 μονοειδῶν
944 3802 1099 3867 ποιεῖσθαι
1116 3803 1175 3872 τὴν
1194 3796 1338 3892 σόνερξιν·
1358 3800 1419 3866 οἰον
1436 3806 1470 3868 ἑκ
1490 3811 1549 3866 τῶν
1567 3793 1620 3866 δύο
1638 3801 1829 3890 θερμοτέρων
1850 3801 1865 3868 ί.
1933 3797 1934 3810 ’

329 3909 591 3999 ἰτητικωτέρωνὴ
608 3910 800 4000 ἀμφοτέρων,
817 3906 1015 4000 ψυχροτέρων
1032 3908 1377 3999 ὴὴσυχαστικωτέρων·
1393 3913 1464 3973 ἀλλ’
1478 3911 1661 3998 ἐναρμονίως
1674 3904 1867 4002 συζευγνῦναι
1934 3937 1935 3944 ·

326 4016 368 4081 τά
393 4016 451 4087 τὴν
477 4017 641 4106 μεσότητα
664 4012 850 4107 παρέξοντα,
875 4017 928 4081 καί
952 4021 982 4082 ἐν
1007 4027 1076 4092 ταῖς
1094 4029 1288 4104 σωματικαῖς
1313 4018 1486 4106 εὐκρασίαις
1511 4015 1563 4080 καί
1587 4021 1617 4082 ἐν
1642 4028 1710 4093 ταῖς
1730 4015 1867 4105 ψυχικαῖς

327 4120 429 4205 ζωαῖς·
454 4136 618 4216 πανταχοῦ
643 4126 703 4217 γάρ
728 4126 958 4217 ἀσφαλέστερον
983 4127 1020 4191 τό
1046 4126 1170 4216 μέτριον
1194 4126 1253 4216 πρό
1277 4136 1333 4189 τοῦ
1357 4126 1493 4215 ἀμέτρου
1517 4126 1619 4213 φασίν·
1643 4126 1711 4190 ἐπεί
1735 4127 1866 4190 καὶτῶν

327 4237 474 4323 οὐρανίων
498 4233 569 4310 τούς
593 4245 652 4310 τὴς
669 4236 830 4321 εὐκρασίας
847 4235 901 4299 καὶ
919 4233 1126 4324 μετριότητος
1144 4235 1270 4316 αἰτίους,
1291 4232 1503 4324 ἀγαθουργούς
1527 4231 1669 4298 εἰώθασιν
1693 4238 1812 4313 καλεῖν,
1834 4237 1865 4304 ῶς

271 4345 299 4384 ⁸³
328 4344 469 4434 μάλιστα
492 4354 551 4418 τῆς
574 4345 712 4432 εὐγονίας
737 4344 865 4418 αἰτίους·
890 4343 962 4420 τούς
987 4335 1021 4408 δὲ
1037 4343 1079 4408 τσί
1095 4343 1186 4433 ἔτερα
1203 4351 1265 4406 τῶν
1283 4341 1428 4406 ἐναντίων
1451 4339 1677 4430 κραψτόνοντας
1701 4341 1773 4424 (fol.
1801 4343 1864 4417 1001»

327 4452 554 4541 ἀπηνεστέρους
577 4445 751 4538 εἶναιπρὸς
775 4452 835 4523 τὴν
859 4452 986 4542 γένεσιν.
1012 4453 1118 4527 Οὕτως
1141 4457 1181 4526 εἰς
1205 4449 1311 4515 πάντα
1335 4449 1390 4512 τόν
1414 4447 1531 4536 κόσμον
1555 4453 1595 4524 ῶς
1620 4446 1772 4536 ρόλακες]
1802 4468 1865 4510 σκο-

327 4573 468 4634 ποῦντες,
485 4559 647 4649 εόρὴσουσι
662 4557 737 4648 [τὴν
753 4569 816 4624 τῶν
832 4559 943 4650 γάμων
958 4555 1143 4649 εὐκαιρίαν]
1165 4557 1218 4621 καὶ
1235 4554 1317 4644 μετοὶ
1332 4554 1452 4620 τούτων
1471 4553 1576 4630 θυσίας
1593 4579 1628 4620 τε
1648 4554 1864 4646 [προσάγοντες

327 4665 409 4753 τοῖς]
429 4665 590 4748 θεοῖς,καί
613 4665 860 4756 προκαλούμενοι
877 4665 935 4736 τὴν
952 4665 1098 4754 πρόνοιαν
1116 4675 1180 4741 τοῖς
1199 4671 1287 4756 ἱεροῖς
1312 4666 1410 4754 ἐργοις
1434 4661 1494 4733 τὴν
1513 4663 1573 4728 ἀπὸ
1597 4673 1659 4727 τῶν
1682 4661 1864 4753 εἱμαρμένον

330 4775 504 4862 [κινὴσ]εων
518 4775 643 4846 ποίησιν
656 4785 834 4866 γνωριοῦσιν
848 4773 1002 4850 ἐπιπλέον,
1015 4774 1080 4859 [καί
1093 4765 1355 4862 δρα]στικωτέραν
1367 4773 1634 4860 ἀπορανοῦσιν,τῇ
1649 4782 1707 4847 τῆς
1721 4771 1863 4861 [προνοίας
1932 4817 1933 4880 γ

272 4887 300 4925 ⁴⁰
327 4885 504 4967 ἐπιστασίᾳ,
522 4885 575 4948 καί
592 4885 673 4947 οὕτω
690 4875 728 4953 δὴ
746 4885 801 4947 τόν
819 4880 947 4971 ἀριθμόν
969 4883 1107 4966 [τοῦ]τον
1125 4883 1247 4972 ἐνεργόν
1266 4871 1491 4957 ἀποδείξουσιν,
1507 4881 1563 4942 οὐκ
1579 4881 1610 4944 ἐν
1632 4880 1739 4970 λόγοις
1764 4877 1863 4966 ψιλοῖς,

328 4995 393 5058 ἀλλ’
422 4998 452 5060 ἐν
477 4995 577 5084 ἔργοις
602 4993 695 5056 αὐτόν
721 4993 856 5080 ἔχοντες,
883 4991 959 5056 όντα
985 4981 1171 5079 δραστὴριον
1196 4990 1267 5064 τούς
1292 5000 1350 5065 τῆς
1375 4989 1534 5078 ἀμείνονος
1569 4989 1714 5076 ἁρμονίας
1728 4987 1754 5070 ⁴)
1784 4985 1862 5070 [im]-

364 5237 386 5311 ¹)
404 5237 440 5294 A.
459 5236 510 5292 fol.
528 5237 572 5292 28.
1163 5235 1187 5308 3)
1206 5233 1276 5292 cod.
1296 5231 1327 5288 in
1346 5230 1527 5288 correctione
1541 5234 1573 5292 ῶς
1589 5231 1678 5302 ιντίτι,
1691 5229 1714 5284 f.
1734 5231 1790 5282 ὡσιῖ
1809 5227 1862 5282 τίτί.

363 5326 387 5398 ²)
406 5325 474 5382 θον·
495 5329 611 5399 <omme
630 5325 717 5382 male·
1164 5328 1187 5399 ν)
1206 5325 1241 5380 ι.
1261 5322 1312 5380 fol.
1332 5323 1377 5376 νο.
