3978 6070
278 485 314 545 98
731 478 808 554 66
825 502 867 554 ιιι
885 479 989 556 electa
1005 488 1094 554 sorte
1109 481 1149 572 fit
1167 483 1369 558 necessaria.

278 645 377 720 τῶνδε
401 663 463 717 τῶν
488 651 720 744 ἐνεργημάτων.
744 658 780 716 Ei
804 643 837 718 66
860 653 913 717 καί
936 652 1020 718 κατά
1045 653 1207 727 συνήθειάν
1232 661 1305 720 εἰσιν
1323 661 1362 732 ὡς
1386 655 1427 721 τά
1450 658 1556 724 πολλά
1579 668 1641 723 τῶν
1665 661 1821 749 προτέρων

279 766 353 850 βίων
378 763 514 855 αίρέσεις,
539 763 593 827 καί
616 773 681 839 τοῖς
704 761 981 852 προμελετηθεῖσιν
1006 764 1221 854 ἑπιτρέχομεν,
1247 765 1375 832 αὐτόθεν
1401 759 1501 840 δήπου
1526 768 1666 858 φανερὸν,
1691 767 1744 834 ότι
1768 771 1823 832 καί

276 881 339 936 τῶν
363 871 446 937 ἅλων
471 881 539 947 ταῖς
563 876 603 946 ὡς
627 875 668 947 εἰς
693 871 768 960 μέρη
794 871 953 944 ποιήσεσιν
971 862 1194 962 διεγειρόντων,
1210 873 1263 936 καὶ
1280 879 1368 962 ήμῶν
1390 865 1451 946 ήδη
1477 875 1746 964 προκεκινημένων
1772 865 1823 939 διά

276 978 336 1051 τήν
354 978 527 1056 συνήθειαν,
547 983 578 1042 αἱ
593 979 668 1069 πρὸς
684 969 761 1043 τάδε
777 981 940 1068 γίγνονται
958 979 1049 1070 ῥοπαὶ
1067 979 1229 1068 μᾶλλονή,
1248 971 1325 1045 τάδε
1342 977 1384 1044 τά
1395 985 1493 1045 οἰκεῖα
1509 982 1563 1047 καί
1578 990 1623 1065 τῷ
1639 981 1662 1070 ¹)
1678 993 1824 1059 κινοῦντι,

237 1119 250 1158 ε
277 1080 359 1155 διότι
382 1087 502 1154 τούτων
527 1087 664 1153 οἰστικθν
687 1092 727 1163 εἰς
744 1093 826 1177 ήμᾶς
844 1088 897 1152 καί
912 1097 958 1172 τῷ
975 1089 1154 1172 κινουμένῳ,
1172 1081 1254 1154 διότι
1269 1089 1388 1154 τοίιτων
1414 1095 1444 1156 έν
1469 1089 1565 1156 ἔθεσιν
1590 1091 1728 1182 ἐγεγόνει
1750 1091 1824 1179 πρό-

275 1220 375 1288 τερον.
403 1235 444 1244 -
468 1195 507 1261 Τί
531 1187 568 1267 δή
595 1190 646 1260 οὖν
672 1194 753 1285 μετά
776 1195 835 1269 τήν
860 1198 973 1288 αἵρεσιν
998 1207 1052 1262 τοῦ
1079 1200 1146 1282 βίου
1170 1222 1262 1288 φησιν
1291 1205 1307 1262 6
1331 1199 1513 1289 προρήτης;
1540 1194 1590 1284 “ᾧ
1622 1200 1768 1264 συνέσται
1791 1193 1824 1277 ἐξ

277 1303 417 1395 ἀνάγκης
430 1301 498 1388 ²)„.
523 1294 742 1393 Ἀναπόδραστ
744 1327 775 1379 ος
794 1301 858 1434 γάρ
883 1302 964 1434 μετά
989 1303 1048 1376 την
1066 1329 1180 1395 αιρεσιν
1197 1304 1343 1372 λοιπον
1327 1309 1436 1392 βιος,
1454 1331 1507 1371 και
1498 1300 1570 1372 δει
1585 1297 1797 1372 διαήιωναι
1764 1331 1824 1380 την

277 1408 439 1502 ψυχήνθν
463 1408 566 1477 είλετο
592 1414 669 1496 βίον,
693 1412 747 1476 καί
770 1413 828 1477 τότ
830 1436 845 1478 ε
867 1413 905 1477 τὸ
928 1421 989 1476 πᾶν
1014 1424 1102 1503 κυροῖ
1124 1413 1183 1486 ην
1201 1439 1332 1506 αιρησιν
1353 1415 1406 1480 καὶ
1429 1413 1558 1505 ἡψυχὴ
1583 1425 1714 1481 πᾶσα
1693 1418 1767 1506 πρὸς
1791 1415 1823 1480 ἓν

277 1513 491 1612 εἷδοςρψασα
507 1515 598 1601 ζωῆς,
617 1520 833 1610 συμπλεκει
804 1546 842 1586 το
858 1547 897 1586 επ
923 1526 1003 1608 αιτῆ
1019 1525 1044 1611 ³)
1068 1525 1162 1588 τῶνέ
1164 1534 1253 1588 κτοιῖ
1274 1524 1401 1600 παντὸς,
1426 1519 1488 1588 οἷον
1514 1525 1641 1614 μερικήν
1666 1549 1773 1588 τινα
1752 1549 1828 1612 πρ

225 1658 251 1696 ιο
278 1654 381 1712 τασιν,
404 1629 557 1717 καθολικῇ
583 1631 636 1694 καί
653 1629 780 1723 συνάγει
797 1631 1006 1721 συμπέρασμα
1023 1624 1055 1710 ἐξ
1073 1631 1212 1723 ἀνάγκης
1229 1632 1390 1722 ἑπόμενον,
1412 1633 1466 1697 τὸν
1484 1624 1563 1719 τῇδε
1583 1635 1647 1718 βίον
1665 1633 1748 1698 κατά
1764 1633 1825 1704 τήν

279 1743 393 1829 αἵρεσιν
417 1738 471 1805 καί
494 1739 554 1812 τήν
579 1739 685 1831 φοράν,
710 1745 749 1816 ὡς
773 1743 799 1805 εί
823 1741 909 1831 λέγοι
933 1731 1055 1806 τοιόνδε

278 1956 421 2041 έ..,92ν
439 1956 593 2024 deficiunt
610 1957 747 2023 4vers.:
778 1955 872 2040 [...6
1039 1948 1165 2024 δε
1147 1983 1238 2048 αρα
1223 1959 1277 2024 666
1296 1962 1406 2044 βίο.ν.
1422 1969 1548 2028 τουτο
1564 1959 1766 2044 καιῙὸαπο
1756 1961 1827 2030 ιλκ

281 2065 425 2154 ρωτής..
440 2065 546 2154 ,πρὸς
561 2065 599 2128 τὸ
616 2065 688 2129 ὁλον
704 2074 762 2140 τῆς
779 2060 879 2154 ψυχῆς
875 1947 1101 2158 ὁμὲολογίαν’
1086 2091 1130 2130 αι·
1120 2077 1228 2132 αιτῶν
1245 2060 1303 2144 ἐξ
1294 2067 1433 2158 ἀνάγκης
1450 2077 1585 2132 συνεῖναι
1605 2077 1650 2132 τῶ
1674 2073 1740 2156 αίρε
1726 2065 1828 2131 εθέντι

279 2176 346 2258 βίῳ,
370 2171 476 2249 ὅποιος
501 2171 537 2238 ἀν
561 2171 705 2264 τυγχάνῃ
732 2173 829 2255 ὁβίος
847 2171 897 2236 ὤν·
924 2177 950 2237 εί
975 2163 1001 2234 δ’
1020 2166 1052 2251 ἐξ
1071 2173 1221 2264 ἀνάγκης,
1240 2165 1335 2248 δῆλον
1354 2166 1435 2257 διότι
1450 2175 1487 2239 τ“ο
1511 2185 1599 2262 κῦρος
1624 2171 1739 2238 ἀνωθεν
1763 2175 1826 2237 ἀπὸ

226 2321 252 2357 15
277 2293 336 2358 τῆς
360 2280 520 2374 Ἀνάγκης
543 2283 657 2377 έχομεν
682 2279 832 2369 μάλιστα.
858 2280 918 2344 Καί
941 2279 1001 2372 γάρ
1024 2291 1086 2346 πᾶν
1110 2284 1148 2348 τὸ
1172 2286 1340 2374 ἀναγκαῖον
1365 2283 1436 2373 παρ’
1461 2284 1579 2358 ἐκείνης
1603 2281 1736 2408 ὑπάρχει
1759 2293 1825 2357 τοῖς

279 2391 465 2480 ἐγκωμίοις,
491 2387 570 2520 θεοῖς
591 2413 626 2453 τε
643 2387 696 2452 καί
711 2399 775 2464 το
794 2411 876 2477 μετα
864 2386 989 2464 θεου
1008 2391 1138 2454 ἀλλ’ὅπ
1128 2413 1174 2453 ,συ
1192 2413 1247 2480 μεν
1265 2415 1302 2455 το
1320 2400 1489 2481 αναγκαιον
1506 2389 1610 2455 καθ
1595 2392 1723 2480 υπαρςιν
1741 2414 1796 2454 εσ
1799 2415 1825 2453 ιν

280 2607 364 2693 μίαν·
390 2605 467 2669 ὅπου
493 2521 527 2668 66
550 2602 634 2668 κατά
658 2545 886 2685 6660666s
871 2629 910 2679 ως
906 2551 963 2692 ιέρ
966 2602 1089 2690 ήμῶν·
1114 2604 1151 2668 66
1175 2549 1236 2695 γάρ
1256 2608 1327 2694 ἐρ’·
1324 2609 1457 2693 ήμῖν
1421 2604 1481 2669 ἀστ
1485 2629 1560 2671 ατον
1584 2603 1669 2689 όν,
1654 2629 1719 2694 εχει
1742 2602 1827 2668 κατά

278 2713 316 2776 τὸ
341 2711 511 2776 ἀκόλουθον
536 2711 686 2802 ἀνάγκην·
713 2716 740 2776 εί
763 2710 818 2800 μέν
843 2703 921 2776 τάδε
944 2711 1103 2800 ἑλοίμεθα,
1127 2703 1201 2775 ταδί
1225 2712 1349 2788 πάντως
1374 2712 1607 2787 ἀκολουθήσειν·
1630 2718 1656 2778 εί
1680 2701 1826 2791 δὲτάδε,

226 2858 252 2895 20
279 2811 365 2905 ταδί,
389 2819 528 2909 καθάπερ
552 2821 606 2884 καί
629 2819 772 2884 ἐνταῦθα·
798 2811 890 2884 τόνδε
914 2817 973 2910 γάρ
990 2820 1132 2908 ἑλόμενοι
1148 2822 1202 2886 τὸν
1221 2823 1298 2906 βίον,
1316 2820 1504 2910 συνεσόμεθα
1522 2825 1607 2904 αὐτῷ
1623 2815 1655 2899 ἐξ
1677 2819 1826 2911 ἀνάγκης·

280 2932 386 3004 ἀτελῶς
410 2921 444 2993 δὲ
467 2931 522 2992 οὐκ
546 2922 579 3006 ἐξ
604 2928 753 3019 ἀνάγκης·
778 2920 940 3018 ἐνεδέχετο
964 2927 1023 3021 γάρ
1040 2930 1094 2993 καί
1110 2929 1207 2994 ἀλλον
1225 2930 1290 3012 βίον
1312 2922 1379 3015 ζῃν,
1404 2929 1487 2995 ἀλλά
1510 2932 1569 3020 πρὸ
1593 2941 1650 3006 τής
1675 2930 1825 3020 αἱρέσεως·

282 3034 363 3126 μετά
388 3026 422 3101 δέ
445 3036 504 3108 τήν
529 3039 653 3128 αἵρεσιν,
672 3028 834 3102 ἀδύνατον.
851 3037 913 3102 Καί
930 3039 1026 3114 οὕτως
1042 3038 1140 3104 ἔοικεν
1159 3038 1213 3103 καί
1228 3046 1289 3102 πᾶν
1306 3039 1343 3102 66
1360 3029 1562 3127 ἐνδεχόμενον
1587 3043 1627 3112 είς
1652 3038 1827 3128 ἀναγκαίαν

280 3147 487 3234 μεταπίπτειν
513 3135 642 3233 δύναμιν
674 3135 725 3208 διά
748 3155 805 3219 τῆς
830 3145 1014 3222 ἀκολουθίας
1027 3143 1065 3234 4)·
1091 3147 1144 3210 καί
1168 3157 1230 3211 τῶν
1255 3137 1462 3235 ἐνδεχομένων
1492 3145 1668 3235 ἀναγκαίως
1696 3135 1827 3232 ένδεχο-

280 3253 381 3342 μένοις
405 3253 512 3330 ἀλλοις
536 3253 703 3343 ἑπομένων·
727 3253 765 3317 τὸ
790 3251 845 3341 μὲν
870 3247 921 3317 οὖν
946 3259 1116 3346 ἀναγκαῖον
1141 3259 1172 3320 ὲν
1197 3265 1261 3330 τοῖς
1282 3255 1357 3338 βίοις
1381 3259 1481 3340 ήμῶν,
1505 3244 1627 3319 τοιόνδε
1613 3252 1710 3343 χρὴ
1736 3263 1827 3336 νοεῖν

225 3394 252 3431 ιε
278 3354 385 3435 ἐπειδή
412 3353 445 3427 δέ
469 3368 497 3427 οἱ
522 3365 583 3447 βίοι
606 3353 819 3437 πολυειδεῖς
803 3385 906 3438 οντες·
931 3364 1049 3428 έννοιαν
1081 3361 1140 3455 γάρ
1173 3357 1257 3452 εἶχον
1290 3362 1415 3451 μήποτε
1439 3365 1473 3427 οὺ
1504 3372 1564 3438 πᾶς
1598 3363 1661 3446 βίος
1686 3352 1827 3436 δεκτικὸς

280 3473 412 3560 ἀρετῆς,
436 3470 549 3534 ἀλλ’
533 3495 630 3547 οντως
653 3473 942 3562 ήναναγκασμένοις
966 3465 1109 3562 ἐοίκαμεν
1134 3476 1174 3548 είς
1199 3473 1311 3546 ἄλλους
1337 3471 1445 3536 άλλοι·
1469 3471 1523 3534 καί
1546 3472 1583 3536 τδ
1609 3465 1642 3536 εὖ
1671 3476 1746 3560 ἡμῖν
1771 3473 1827 3534 οὐκ

280 3581 331 3668 ἀφ’
356 3585 457 3670 ήμῶν,
482 3579 565 3644 ἀλλά
588 3580 642 3644 καί
664 3590 759 3644 τοῦτο
784 3579 843 3652 τήν
861 3579 1057 3672 ἀνάγκηνήρ
1059 3581 1202 3670 τημένην
1220 3578 1395 3671 ἀλλαχόθεν
1413 3581 1481 3670 ἔχει
1505 3578 1558 3644 καί
1583 3576 1826 3668 μεμοιραμένην.

281 3687 368 3778 ’Ὀρα
390 3688 424 3753 τί
446 3710 524 3754 ποτε
549 3689 641 3777 φησίν
667 3689 759 3765 αὐτὸς
785 3695 800 3753 6
824 3688 881 3766 τάς

281 3905 306 3970 f.
330 3907 383 3984 93,
409 3905 562 3972 deficiunt
587 3907 735 3973 4616:
761 3907 1007 3997 ...προφήτης;
1036 3897 1235 3995 “Ἀρετὴδὲ
1263 3896 1627 3985 ἀδέσποτον,ἑδίδαί,εν
1655 3902 1703 3990 [ἢν
1727 3911 1827 3991 τιμῶν

228 4038 255 4076 ιο
281 4011 335 4077 καί
360 4007 532 4146 ἀτιμάζων]
551 4014 645 4078 πλέον
662 4015 716 4079 καί
739 4015 873 4082 ἔλαττον
888 4069 915 4099 ,.
941 4012 1033 4086 ..οὖν
1057 4015 1076 4089 ή
1101 4017 1231 4086 πλέονή
1250 4017 1380 4079 ἔλασσον
1407 4015 1548 4104 μετέχειν
1566 4012 1706 4106 ἀρε...τά
1731 3965 1829 4104 μέτρα

282 4130 340 4196 τῆ,
356 4119 425 4210 περ
451 4121 549 4193 αὐτὴν
573 4133 722 4211 τιμῆς...
750 4115 933 4215 [δαιμόνιίος
957 4125 1103 4216 Ἀμέλιος
1127 4114 1213 4189 οὐδὲν
1238 4123 1315 4214 ρησί
1338 4122 1531 4213 θαυμαστὸν,
1555 4115 1728 4189 ἀδέσποτον
1753 4118 1830 4188 εἶναι

281 4228 342 4298 τήν
367 4228 492 4318 ἀρετήν,
517 4229 571 4294 καί
594 4230 653 4322 γάρ
677 4230 736 4300 τήν
763 4235 872 4298 κακίαν
901 4226 1047 4324 [λέγει
1019 4257 1097 4298 ειναι
1121 4235 1140 4296 ἀ
1144 4224 1319 4318 δέσπο]τον,
1344 4234 1427 4321 εἴπερ
1451 4232 1505 4296 καί
1527 4230 1586 4304 τὴν
1612 4232 1741 4322 ἀρετήν·
1765 4241 1827 4296 τῶν

281 4333 341 4426 γάρ
328 4322 502 4424 ρέναντίων
519 4341 538 4410 ή
558 4336 637 4410 αὐτή
657 4339 862 4428 προσαίρεσις.
876 4340 978 4428 Ημεῖς
991 4331 1079 4404 66'
1041 4363 1190 4472 ρησομεν,
1205 4329 1427 4404 ἀδέσποτον
1393 4363 1447 4428 μεν
1466 4334 1542 4404 εἶναι
1559 4365 1612 4404 και
1604 4338 1688 4410 τήν
1706 4341 1828 4423 κακίαν

283 4447 389 4507 ἀλλ”
373 4470 413 4520 ως
430 4448 466 4533 ἐρ
469 4440 616 4533 ’ήμῖν
586 4470 679 4511 ουσαν
697 4447 789 4536 μόνον
805 4439 895 4536 ὅ)·ἀδ
897 4448 1029 4513 έσποτον
1047 4438 1129 4513 δὲ
1097 4473 1155 4518 την
1174 4452 1248 4538 ἀρετ
1237 4445 1298 4524 δν,
1316 4446 1423 4510 ἀλλ’1
1400 4452 1434 4511 66
1452 4437 1549 4510 διά
1519 4471 1557 4512 το
1571 4449 1606 4536 ἐρ
1609 4452 1708 4536 ’ἡμῖν
1727 4447 1828 4535 μόνον,

229 4576 256 4615 σε
269 4550 367 4658 Ιἀλλά
392 4541 472 4618 διότι
495 4553 554 4626 τήν
572 4551 675 4646 ψυχήν
692 4553 852 4646 ἐλευθέραν
870 4557 1018 4623 ἀποτελεῖ
1034 4568 1096 4624 τῶν
1113 4554 1311 4646 πικροτάτων
1332 4546 1501 4639 δεσποτῶν,
1519 4551 1561 4632 οἷς
1585 4562 1604 4631 ή
1630 4505 1829 4642 δόυλείιουοα,

284 4787 317 4856 τῇ
335 4787 438 4840 καθόλου
452 4788 544 4845 κινήσει
557 4788 675 4861 ίγνωσίσι
685 4787 729 4864 (ῗ)·
743 4789 792 4862 ἀρα
806 4793 837 4862 τῇ
849 4793 954 4844 καθόλου
971 4795 1030 4846 ὑπο·
1119 4792 1144 4866 ³)
1162 4791 1198 4848 Δ.
1218 4793 1253 4862 τῷ
1273 4790 1311 4844 ἐπ’
1331 4791 1401 4861 αὐτῇ.

283 4877 345 4929 ίίσιι
363 4879 378 4933 6
399 4879 485 4947 μερική
506 4881 616 4952 σονήρόη
630 4887 673 4936 καί
690 4882 775 4954 γέγονε
795 4882 964 4954 συμπέρασμα
984 4905 1030 4954 με·
1118 4883 1141 4957 ⁴)
1160 4881 1239 4938 Nota
1251 4898 1355 4938 reeens
1368 4879 1400 4937 in
1415 4898 1525 4954 marga
1546 4883 1610 4952 Σήμ·
1631 4886 1697 4934 κατὰ
1715 4885 1764 4954 γὰρ
1784 4882 1828 4938 τί*

286 4967 357 5034 9665
377 4965 402 5026 ἕξ
422 4969 542 5038 θῖάγκηῖι
1084 4971 1225 5044 μεταόολήν
1245 4975 1293 5024 τῶν
1314 4973 1445 5042 προτέρων,
1460 4975 1535 5027 καίή
1556 4975 1603 5024 τῶν
1624 4971 1681 5037 βίων
1701 4969 1828 5043 μεταίολή

321 5051 344 5125 ¹)
362 5052 397 5108 Α.
417 5051 438 5108 f.
456 5054 500 5111 81.
1083 5067 1186 5137 γίνεται.

320 5142 343 5217 ²)
362 5143 474 5200 Eadem
492 5163 583 5203 manu
594 5153 731 5205 notatur:
746 5152 809 5221 Σήμ.
826 5156 852 5205 τὸ
872 5152 897 5214 ἐξ
917 5157 1028 5225 ἀνάγκης
1119 5155 1142 5226 ⁵)
1160 5153 1240 5208 Nota
1257 5169 1361 5208 recens
1373 5149 1404 5206 in
1416 5169 1525 5223 marga
1540 5155 1605 5222 Σήμ.
1619 5154 1629 5204 ὃ
1645 5153 1774 5205 ἀκόλουθον
1792 5155 1828 5221 τῷ

286 5235 505 5305 συγκληροῦσίαι...
525 5235 548 5288 έν
562 5239 597 5304 τῷ
611 5239 668 5307 ποιῷ
682 5241 708 5290 δέ
722 5237 776 5309 βίῳ,
792 5242 844 5301 πῶς
857 5241 921 5293 αιἰτόι
935 5242 1030 5315 6666-
1083 5239 1224 5314 παραίοίτῳ
1243 5242 1306 5315 γένει
1326 5243 1408 5295 αὑτοῦ.
1428 5241 1597 5298 Dolondum
1609 5241 1704 5298 fuisse
1723 5257 1828 5298 omnes

286 5341 328 5374 w
349 5323 360 5373 ὅ
379 5323 500 5392 δαιμόνιε
521 5327 638 5396 Πρόκλος.
1082 5337 1168 5389 εοεαε
1176 5329 1212 5386 εί)
1220 5330 1331 5386 ΑΗεεῖο
1342 5329 1502 5403 neglectas,
1512 5329 1827 5388 leotutumfaeiliores.
