4022 6072
263 525 299 582 ce
812 516 1002 590 Zacharias
1020 517 1263 609 Milplcucnsis

263 713 319 764 σης
343 686 396 753 καί
420 683 633 777 &repitit-troo
657 688 826 778 νοουμένης
850 689 914 772 (ἐπὶ
939 680 972 754 δὲ
988 689 1010 774 ¹)
1066 698 1141 760 sunt
1156 693 1196 759 ad
1211 694 1341 779 aliquid,
1358 717 1431 762 cum
1447 699 1563 761 natura
1579 717 1732 781 corporea
1753 697 1808 762 ad·

263 796 356 884 μόνου
374 801 451 860 Θεοῦ
469 805 563 860 τοῦτο
581 795 658 859 αὐτὸ
676 790 754 860 εἷναί
769 819 807 860 τε
824 796 878 860 καί
901 798 1013 886 λέγεσ-
1065 825 1146 867 nexa
1169 808 1260 868 suut:
1284 825 1347 869 non
1363 803 1466 888 igitur
1481 804 1513 868 in
1529 808 1644 869 natura
1660 804 1808 889 incorpo-

263 901 339 988 θαι),
362 900 467 992 χώραν
492 904 547 966 οὐκ
564 903 631 991 ἔχει
654 903 692 967 τὸ
709 901 773 968 ἀνω
794 903 847 967 καὶ
871 903 968 968 κάτω.
1065 932 1129 990 τοο,
1154 915 1187 976 εί
1210 932 1292 994 quae
1315 913 1461 992 omnibus
1484 911 1647 977 antecellit
1670 917 1807 997 atquae

1064 1015 1259 1103 intelligitur
1282 1018 1506 1103 comprehendi
1522 1039 1585 1083 non
1603 1040 1695 1102 possa
1711 1017 1808 1103 (quod

1064 1131 1171 1191 autem
1194 1124 1316 1191 desolo
1337 1125 1405 1191 Deo
1428 1131 1476 1191 est
1499 1129 1532 1190 et
1548 1125 1688 1210 dicitur),
1701 1125 1807 1192 locum

1063 1233 1161 1298 habet
1184 1256 1309 1300 sursum
1333 1238 1366 1299 et
1390 1235 1545 1300 deorsum.

305 1334 365 1398 Καὶ
389 1339 408 1407 τί
428 1325 527 1400 δειλία
544 1326 578 1399 δὲ
602 1334 795 1400 ἀντικεῖσθαι
817 1334 949 1425 λίγεται
966 1344 1006 1419 τῇ
1108 1341 1153 1407 Et
1169 1342 1266 1407 timor
1282 1339 1399 1408 dicitur
1415 1341 1593 1408 contrarius
1615 1340 1805 1421 fortitudini,

261 1434 394 1533 ἀνδρείᾳ,
419 1445 477 1532 οὐχ
501 1447 540 1518 ὡς
565 1445 654 1507 οὐσία
677 1445 724 1519 τίς
757 1438 844 1528 οὖσα,
870 1447 941 1508 ἀλλ’
967 1448 1007 1520 ὡς
1063 1471 1127 1515 non
1149 1455 1303 1534 tanquam
1320 1449 1499 1515 substantia
1516 1449 1633 1533 aliqua,
1657 1449 1711 1515 sed
1735 1453 1806 1514 tau·

259 1550 389 1626 πθίθτης
420 1550 474 1614 καὶ
504 1543 720 1640 συμθεθοκθς,
750 1550 897 1641 *peroptat
932 1548 1006 1638 TV)
1060 1580 1156 1642 quam
1187 1557 1325 1642 qualitas
1348 1560 1381 1622 et
1411 1557 1572 1636 accidens,
1596 1557 1680 1640 quod
1712 1580 1805 1644 saepe

257 1657 410 1734 πολλάκις
435 1657 488 1722 καί
512 1657 772 1748 ἀπογενομένοθ
796 1658 856 1750 γὰρ
881 1647 1005 1748 astae
1060 1668 1149 1732 adest
1172 1671 1205 1732 et
1227 1664 1336 1730 abest:
1360 1663 1516 1728 tortitudo
1541 1664 1625 1728 enim
1651 1669 1684 1728 et
1709 1665 1806 1731 timor

256 1765 355 1838 καίθ
390 1757 492 1831 δειλία
514 1767 585 1856 περὶ
608 1763 710 1856 ψυχῆς
742 1765 921 1855 θεωρεῖται,
946 1769 1005 1853 Οὺχ
1060 1773 1093 1838 in
1117 1772 1223 1838 anima
1245 1774 1439 1855 spectantur,
1463 1791 1526 1835 non
1554 1774 1707 1852 tanquam
1730 1770 1804 1834 sub·

258 1880 297 1951 ὡς
322 1876 421 1957 οὐσία,
446 1879 517 1939 ἀλλ’
542 1881 581 1951 ὡς
604 1875 782 1950 ποιότητες·
800 1873 868 1940 ὅθεν
893 1875 927 1938 ob
951 1869 1006 1960 ψυ-

257 1983 315 2074 χαί
331 1983 490 2075 λέγονται,
504 1983 588 2048 ἀλλά
603 1984 672 2074 περὶ
688 1980 791 2073 ψυχὴν
809 1981 1005 2074 θεωροῦνται·

256 2096 276 2162 rl
303 2091 358 2181 μὲν
382 2096 422 2167 ὡς
446 2083 505 2168 ἕξις
528 2114 576 2166 τις
600 2085 678 2155 οὖσα
706 2087 825 2181 ψυχῆς·
847 2095 869 2164 rt
897 2082 940 2166 δὲ,
965 2095 1005 2165 ὡς

257 2197 400 2288 στέρησις
424 2189 530 2282 ἕξεως,
555 2195 696 2288 καθάπερ
720 2196 809 2288 ὑγεία
833 2197 887 2260 καί
917 2195 1005 2270 νόσος

258 2304 348 2387 tw)
373 2305 412 2368 το
436 2314 536 2392 σῶμα·
562 2303 629 2370 ὅθεν
655 2303 777 2397 ἀνάγκη
806 2313 868 2368 τῶν
894 2304 1007 2393 στερή-

257 2437 335 2480 σεων
353 2411 548 2503 προτερεὺειν
566 2411 622 2489 τάς
639 2406 723 2491 ἕξεις.
742 2417 806 2488 Τῆς
824 2412 919 2500 ἄκρας
944 2413 1006 2476 τοί-

256 2547 309 2587 νυν
327 2521 362 2586 θιν
379 2523 426 2594 εἴη
446 2522 568 2610 μανίας,
584 2521 635 2586 aa
651 2528 731 2588 Θεοῦ
747 2531 844 2586 τοῦτο
859 2513 1005 2587 διανοεῖσ-

257 2628 319 2694 θαι·
343 2633 362 2702 ἡ
388 2627 447 2718 γὰρ
473 2620 698 2702 ἀντιδιαστολὴ
725 2641 780 2696 τοῦ
805 2635 904 2696 καλοῦ
928 2630 1003 2721 ττρθς

254 2737 292 2802 rb
306 2737 332 2819 ⁴)
350 2735 446 2800 κακον
460 2737 516 2800 οίικ
529 2736 580 2802 ἐπὶ
596 2747 653 2804 τοῦ
671 2742 748 2804 Θεοῦ
762 2737 788 2822 ⁵)
804 2737 910 2829 χώραν
927 2740 1003 2827 ἔχει,

255 2844 326 2910 ἀλλ’
351 2845 402 2911 tal
432 2855 487 2910 τοῦ
519 2849 550 2910 ἑν
583 2844 785 2937 ἀνθρωπίναις
803 2845 828 2930 ⁶)
859 2840 1003 2936 πράξεσι,

1060 1877 1207 1958 stantiae,
1220 1879 1274 1944 sed
1291 1880 1443 1961 tanquam
1456 1876 1637 1961 qualitates.
1650 1875 1807 1952 Quocirca

1061 2007 1124 2051 uon
1148 1986 1297 2051 dicuntur
1320 1985 1454 2066 animae,
1479 1984 1532 2049 aed
1560 1983 1645 2050 circa
1666 1984 1806 2050 animam

1060 2094 1318 2171 considerautur;
1334 2092 1489 2157 fortitudo
1506 2097 1659 2177 tanquam
1676 2093 1805 2159 babitus

1059 2201 1193 2280 animae,
1217 2200 1313 2265 timor
1329 2203 1481 2282 tanquam
1501 2199 1640 2282 privatio
1655 2199 1804 2278 habitus3

1059 2309 1142 2375 sicut
1157 2306 1276 2373 sanitas
1292 2311 1324 2372 et
1347 2307 1477 2372 morbus
1493 2305 1526 2370 in
1550 2327 1698 2389 corpore3
1723 2307 1805 2372 unde

1058 2438 1184 2483 necesse
1206 2421 1255 2482 est
1272 2416 1393 2501 priores
1410 2437 1476 2480 esse
1497 2414 1627 2480 habitus
1650 2415 1805 2499 privatio·

1057 2524 1161 2590 uibus.
1186 2522 1334 2590 Summae
1350 2523 1451 2608 igitur
1466 2522 1625 2587 amentiae
1646 2528 1728 2587 esset
1752 2544 1804 2589 co·

1058 2631 1162 2716 gitare
1186 2631 1246 2696 hoo
1268 2631 1301 2695 in
1325 2630 1409 2696 Deo:
1435 2630 1599 2696 distinctio
1620 2631 1706 2696 enim
1728 2630 1805 2696 boni

1057 2760 1077 2803 a
1099 2737 1184 2803 malo
1207 2759 1271 2802 non
1294 2737 1391 2802 habet
1406 2737 1514 2802 locum
1536 2737 1569 2801 in
1594 2736 1675 2818 Deo,
1692 2737 1747 2803 sed
1770 2739 1804 2804 in

1057 2846 1142 2911 bono
1156 2849 1189 2910 et
1201 2845 1286 2911 malo
1301 2845 1461 2910 actionum
1475 2845 1705 2910 humanarum:
1721 2845 1804 2910 bono

254 2957 354 3019 καλοῦ
373 2976 411 3018 τε
434 2953 488 3018 καί
511 2964 618 3031 κακοῦ,
643 2966 698 3020 τοῦ
716 2955 770 3043 μὲν
789 2953 858 3020 καθ’
876 2949 936 3034 ἕξιν
961 2965 1001 3040 τῇ
1057 2954 1186 3039 quidem
1210 2955 1243 3019 in
1262 2957 1442 3019 creaturam
1459 2953 1519 3018 Dei
1534 2953 1734 3039 ingrediente
1751 2975 1803 3018 se-

254 3067 311 3122 τοῦ
338 3065 416 3124 Θεοῦ
441 3051 629 3154 δημιουργίᾳ
646 3063 930 3152 συνεισερχομένου,
948 3071 1003 3126 τοῦ
1057 3061 1195 3128 cundum
1224 3061 1387 3140 habitum
1411 3059 1497 3127 malo
1524 3083 1599 3126 vero
1630 3062 1802 3128 secundum

256 3157 290 3230 δὲ
306 3165 391 3232 κατά
408 3166 553 3257 στέρησιν
570 3161 660 3246 ἕξεως
676 3173 711 3234 ἕκ
728 3179 784 3234 τοῦ
803 3162 1003 3247 αὐτεξουσίου
1057 3169 1268 3255 privationem
1291 3168 1421 3235 habitus
1438 3191 1478 3235 ex
1495 3173 1584 3236 motu
1604 3168 1724 3236 liberae
1747 3191 1804 3260 vo·

256 3275 431 3362 κινήματος
455 3275 669 3365 ἐπιγινομένου
685 3276 839 3352 πολλάκις
855 3277 909 3340 καί
926 3281 1003 3341 ἀπο·
1057 3278 1191 3344 luntatis
1207 3278 1376 3345 accedente
1389 3301 1484 3363 saepe
1498 3284 1532 3345 et
1544 3279 1728 3347 recedente:
1745 3281 1802 3346 bo·

256 3380 418 3472 γινομένου
433 3378 468 3466 ⁷)·
492 3382 530 3446 το
554 3381 614 3473 γάρ
639 3383 736 3448 καλθν
760 3385 797 3449 τὸ
822 3387 852 3450 ἐν
876 3380 961 3474 ψυχῇ
977 3381 1003 3469 ⁸)
1056 3408 1134 3451 num
1157 3385 1241 3452 enim
1257 3385 1422 3466 inanima,
1445 3390 1478 3450 et
1499 3385 1606 3451 vivere
1629 3383 1802 3450 secundum

257 3489 311 3554 καί
333 3491 371 3555 r'a
395 3495 469 3554 κατ’
495 3490 610 3580 ἀρετὴν
627 3486 684 3569 ζῆν
701 3502 742 3577 τῇ
767 3494 895 3583 γενέσει,
920 3490 1002 3557 καθά
1057 3493 1210 3558 virtutem
1234 3496 1387 3576 tauquam
1405 3492 1544 3576 optimus
1560 3491 1689 3576 quidam
1711 3491 1802 3557 habi·

257 3598 389 3686 είρηται,
406 3593 456 3662 ola
480 3621 527 3673 τις
552 3590 610 3675 ἕξις
632 3599 743 3688 ἀρίστη
763 3599 1003 3689 συνεισέρχεται·

256 3715 296 3790 τῇ
323 3696 357 3770 dt
379 3704 495 3769 τούτου
513 3704 655 3795 ῥαστώνῃ
674 3717 715 3792 τῇ
741 3711 776 3772 ἕκ
799 3707 1002 3798 προαιρέσεως

256 3812 310 3876 καί
333 3821 433 3887 κακῆς
451 3815 650 3903 ἀναστροφῆς
666 3814 720 3878 καί
737 3813 900 3890 συνηθείας
924 3814 1002 3903 φαῦ-

254 3924 314 3997 λης
338 3913 564 4017 συμθαινοίιση,
589 3923 626 3987 τὸ
650 3923 748 3988 κακον
773 3919 822 3988 οἷοί
842 3946 890 4000 τις
913 3917 1001 4002 ἕξεως

255 4027 399 4116 στέρησις
422 4027 575 4104 πολλάκις
599 4029 781 4119 ἐπιγίνεται.

299 4125 507 4200 ’ἀπαίδευτον
532 4137 636 4200 τοίνυν
661 4136 714 4200 καὶ
729 4138 800 4200 λίαν
824 4134 941 4226 ἀμαθὲς
963 4138 1002 4202 τὸ

254 4242 336 4307 οὕτω
360 4241 480 4331 λέγειν,
505 4241 698 4316 ἀντικεῖσθαι
721 4253 766 4328 τῷ
798 4249 870 4308 κατ’
896 4246 1001 4310 οθσίαν

255 4349 364 4440 ἀγαθῷ
388 4350 455 4414 ὄντι
468 4347 495 4435 ⁹)
519 4351 556 4416 τὸ
580 4353 688 4438 κακὸν,
709 4358 749 4429 ὡς
767 4357 941 4419 ἀντικεϊται
963 4353 1002 4418 τὸ

253 4457 316 4522 ἄνω
340 4455 413 4546 προς
438 4457 475 4521 ab
500 4455 599 4522 κοίτω·
623 4457 740 4536 θθλως
758 4455 835 4525 εἶναι
858 4461 891 4524 τί
913 4465 1002 4525 ἐναν-

253 4563 320 4628 τίον
354 4573 399 4646 τῷ
424 4562 494 4628 κατ’
520 4566 624 4630 οὐσίαν
650 4565 775 4657 ἀγαθῷ,
801 4567 877 4656 ὅπερ
909 4567 1002 4658 μόνος
1025 4547 1027 4552 ¹

254 4670 339 4736 ἐστίν
356 4674 372 4735 ὁ
390 4671 475 4748 Θεός·
502 4663 600 4748 οὐδεὶς
624 4671 694 4764 γὰρ,
712 4675 816 4764 φησίν,
841 4674 958 4769 ἀγαθὸς
974 4681 1000 4742 εί

292 4882 315 4954 ¹)
333 4884 401 4942 Jau.
428 4901 484 4940 om.
507 4883 638 4957 melosa,
659 4885 768 4959 quibus
787 4887 826 4944 Μ.
848 4887 953 4944 inserit
972 4895 999 4943 το

253 4977 304 5024 ἀνω
323 4979 366 5025 καί
388 4979 456 5026 aava
476 4981 546 5031 anta
565 4973 634 5042 εἶναι,
655 4981 755 5034 menet
778 4979 946 5052 corruptela
969 4985 1000 5036 at

251 5061 357 5132 glossa
375 5061 459 5119 latet.

286 5151 506 5221 ἾΜΜΛ.

287 5240 453 5312 &Mum

264 5327 477 5400 ,ἤΜὼή

1057 3603 1128 3681 tus,
1156 3599 1239 3666 siout
1267 3598 1387 3664 dictum
1415 3603 1478 3679 est,
1506 3598 1633 3664 advenit
1661 3597 1801 3664 homini:

1057 3706 1152 3792 hujus
1175 3727 1250 3772 vero
1281 3706 1410 3791 ignavia
1440 3728 1479 3772 ex
1508 3705 1675 3772 voluntate
1707 3708 1738 3770 et
1763 3727 1802 3770 cx

1056 3835 1155 3898 prava
1167 3811 1405 3893 consuetudine,
1417 3834 1454 3879 ao
1467 3812 1703 3878 conversatione
1716 3811 1802 3876 mala

1056 3921 1286 4007 proficiscente,
1299 3918 1420 3984 malum
1431 3924 1583 4003 tanquam
1598 3918 1736 4003 privatio
1748 3918 1802 3983 ha·

1058 4032 1143 4097 bitus
1166 4051 1260 4115 saepe
1283 4028 1408 4094 accidit.

1100 4138 1191 4205 Roda
1214 4137 1316 4222 igitur
1339 4141 1388 4203 est
1417 4139 1449 4202 et
1473 4134 1563 4202 valde
1586 4134 1799 4216 ineruditum,

1055 4246 1158 4313 dicere
1180 4243 1300 4310 malum
1324 4266 1390 4310 csse
1420 4241 1615 4308 contrarium
1638 4241 1721 4307 bono
1752 4263 1801 4308 se·

1056 4353 1193 4422 cundum
1209 4351 1421 4418 substantiam
1437 4354 1470 4415 et
1488 4370 1545 4433 per
1561 4371 1593 4416 se
1610 4350 1704 4430 bono,
1719 4349 1801 4416 sicut

1055 4462 1216 4530 contraria
1237 4465 1313 4527 sunt
1335 4481 1461 4525 sursum
1489 4462 1522 4524 et
1545 4457 1710 4537 deorsum;
1743 4462 1801 4523 aut

1056 4591 1122 4636 esse
1146 4569 1274 4635 omnino
1291 4567 1411 4652 aliquid
1427 4565 1622 4634 eontrarium
1647 4566 1730 4632 bono
1752 4587 1799 4631 se·

1055 4678 1194 4745 eundum
1205 4675 1427 4756 substantiam,
1440 4673 1525 4759 quod
1537 4678 1585 4740 est
1597 4673 1684 4740 solus
1696 4673 1797 4741 Deus:

1091 4889 1113 4962 ⁵)
1132 4887 1172 4944 Μ.
1191 4890 1231 4941 iul
1250 4891 1310 4941 θεοῦ
1329 4885 1412 4956 χώραν
1432 4885 1475 4938 aba
1494 4885 1550 4953 ἕχει.

1090 4980 1112 5052 ⁶)
1131 4979 1169 5035 M.
1189 4979 1371 5049 ἕναντροιπίνιιν
1390 4975 1476 5032 male.

1089 5067 1111 5140 ⁷)
1130 5076 1173 5122 καί
1193 5069 1370 5142 θπεγινομίνου
1389 5084 1448 5124 non
1467 5065 1560 5124 vertit
1578 5065 1612 5124 Τ.

1089 5155 1169 5230 θΜ-
1191 5161 1222 5228 τῇ
1241 5157 1314 5227 aaa

1088 5249 1112 5322 ⁹)
1131 5247 1171 5303 bd.
1191 5250 1278 5320 ἀγαθῷ
1297 5254 1339 5300 καί
1359 5247 1506 5320 αθτοαγάθφ
1527 5247 1584 5299 ὄντι
