<?xml version="1.0" encoding="UTF-8"?>
<!DOCTYPE html PUBLIC "-//W3C//DTD XHTML 1.0 Transitional//EN"
    "http://www.w3.org/TR/xhtml1/DTD/xhtml1-transitional.dtd">
<html xmlns="http://www.w3.org/1999/xhtml" xml:lang="en" lang="en">
 <head>
  <title>
</title>
<meta http-equiv="Content-Type" content="text/html;charset=utf-8" />
  <meta name='ocr-system' content='tesseract 3.04.00' />
  <meta name='ocr-capabilities' content='ocr_page ocr_carea ocr_par ocr_line ocrx_word'/>
</head>
<body>
  <div class='ocr_page' id='page_1' title='image "./analectasacrasp02pitrgoog_0426.png"; bbox 0 0 3944 6074; ppageno 0'>
   <div class='ocr_carea' id='block_1_1' title="bbox 593 509 1676 604">
    <p class='ocr_par' dir='ltr' id='par_1_1' title="bbox 593 509 1676 604">
     <span class='ocr_line' id='line_1_1' title="bbox 593 509 1676 604; baseline -0.006 -19"><span class='ocrx_word' id='word_1_1' title='bbox 593 509 725 586; x_wconf 76' lang='lat' dir='ltr'>Paterit&#39;</span> <span class='ocrx_word' id='word_1_2' title='bbox 744 519 774 586; x_wconf 85' lang='lat' dir='ltr'>et</span> <span class='ocrx_word' id='word_1_3' title='bbox 792 509 954 586; x_wconf 67' lang='lat' dir='ltr'>Eud-istis</span> <span class='ocrx_word' id='word_1_4' title='bbox 971 513 1215 604; x_wconf 74' lang='lat' dir='ltr'><em>interpretatio.</em></span> <span class='ocrx_word' id='word_1_5' title='bbox 1624 521 1676 580; x_wconf 75' lang='lat'>167</span> 
     </span>
    </p>
   </div>
   <div class='ocr_carea' id='block_1_2' title="bbox 82 676 1688 3684">
    <p class='ocr_par' dir='ltr' id='par_1_2' title="bbox 82 676 1688 3684">
     <span class='ocr_line' id='line_1_2' title="bbox 138 676 1678 776; baseline 0.001 -26"><span class='ocrx_word' id='word_1_6' title='bbox 138 683 207 766; x_wconf 85' lang='lat' dir='ltr'>(fol.</span> <span class='ocrx_word' id='word_1_7' title='bbox 232 685 316 769; x_wconf 66' lang='lat'>496)</span> <span class='ocrx_word' id='word_1_8' title='bbox 341 685 384 748; x_wconf 90' lang='lat' dir='ltr'>T6</span> <span class='ocrx_word' id='word_1_9' title='bbox 409 684 462 772; x_wconf 81' lang='grc' dir='ltr'>μὲν</span> <span class='ocrx_word' id='word_1_10' title='bbox 479 680 502 767; x_wconf 88' lang='lat'>¹)</span> <span class='ocrx_word' id='word_1_11' title='bbox 527 676 577 747; x_wconf 78' lang='grc' dir='ltr'>οὖν</span> <span class='ocrx_word' id='word_1_12' title='bbox 595 681 743 774; x_wconf 88' lang='grc' dir='ltr'>θεώρημα</span> <span class='ocrx_word' id='word_1_13' title='bbox 759 696 974 776; x_wconf 79' lang='grc' dir='ltr'>γεωμετρικῶς</span> <span class='ocrx_word' id='word_1_14' title='bbox 992 697 1124 750; x_wconf 82' lang='grc' dir='ltr'>σκοποῦν</span> <span class='ocrx_word' id='word_1_15' title='bbox 1141 710 1174 752; x_wconf 90' lang='grc' dir='ltr'>τι</span> <span class='ocrx_word' id='word_1_16' title='bbox 1190 697 1342 751; x_wconf 77' lang='grc' dir='ltr'>τοιοῦτον·</span> <span class='ocrx_word' id='word_1_17' title='bbox 1360 698 1508 752; x_wconf 85' lang='grc' dir='ltr'>τοσοῦτον</span> <span class='ocrx_word' id='word_1_18' title='bbox 1528 679 1561 752; x_wconf 84' lang='grc' dir='ltr'>δέ</span> <span class='ocrx_word' id='word_1_19' title='bbox 1583 711 1678 776; x_wconf 89' lang='grc' dir='ltr'>προσ-</span> 
     </span>
     <span class='ocr_line' id='line_1_3' title="bbox 136 787 1678 884; baseline 0.004 -32"><span class='ocrx_word' id='word_1_20' title='bbox 136 791 252 873; x_wconf 89' lang='grc' dir='ltr'>τεθέον,</span> <span class='ocrx_word' id='word_1_21' title='bbox 277 794 326 856; x_wconf 87' lang='grc' dir='ltr'>ὅτι</span> <span class='ocrx_word' id='word_1_22' title='bbox 350 799 439 879; x_wconf 75' lang='grc' dir='ltr'>ἡμεῖς</span> <span class='ocrx_word' id='word_1_23' title='bbox 466 791 519 881; x_wconf 88' lang='grc' dir='ltr'>μὲν</span> <span class='ocrx_word' id='word_1_24' title='bbox 537 791 619 855; x_wconf 86' lang='grc' dir='ltr'>κατά</span> <span class='ocrx_word' id='word_1_25' title='bbox 636 791 798 881; x_wconf 85' lang='grc' dir='ltr'>πρόσθεσιν</span> <span class='ocrx_word' id='word_1_26' title='bbox 816 795 876 856; x_wconf 83' lang='grc' dir='ltr'>άπό</span> <span class='ocrx_word' id='word_1_27' title='bbox 901 804 955 857; x_wconf 78' lang='grc' dir='ltr'>τοῦ</span> <span class='ocrx_word' id='word_1_28' title='bbox 976 787 1008 869; x_wconf 77' lang='grc' dir='ltr'>ἐξ</span> <span class='ocrx_word' id='word_1_29' title='bbox 1029 797 1127 882; x_wconf 77' lang='grc' dir='ltr'>ἀρχῆς</span> <span class='ocrx_word' id='word_1_30' title='bbox 1151 793 1303 884; x_wconf 74' lang='grc' dir='ltr'>τριγώνου</span> <span class='ocrx_word' id='word_1_31' title='bbox 1320 793 1518 884; x_wconf 79' lang='grc' dir='ltr'>προήλθομεν</span> <span class='ocrx_word' id='word_1_32' title='bbox 1542 800 1583 869; x_wconf 88' lang='grc' dir='ltr'>είς</span> <span class='ocrx_word' id='word_1_33' title='bbox 1607 795 1678 870; x_wconf 78' lang='grc' dir='ltr'>τοὺς</span> 
     </span>
     <span class='ocr_line' id='line_1_4' title="bbox 136 889 1680 992; baseline 0.003 -30"><span class='ocrx_word' id='word_1_34' title='bbox 136 893 343 986; x_wconf 81' lang='grc' dir='ltr'>ζητουμένους</span> <span class='ocrx_word' id='word_1_35' title='bbox 358 898 512 988; x_wconf 83' lang='grc' dir='ltr'>άριθμοός.</span> <span class='ocrx_word' id='word_1_36' title='bbox 531 939 568 948; x_wconf 89' lang='grc'>-</span> <span class='ocrx_word' id='word_1_37' title='bbox 579 890 753 981; x_wconf 83' lang='grc' dir='ltr'>Αλλοιδὲ,</span> <span class='ocrx_word' id='word_1_38' title='bbox 772 923 833 962; x_wconf 91' lang='grc' dir='ltr'>κατ</span> <span class='ocrx_word' id='word_1_39' title='bbox 822 898 996 988; x_wconf 83' lang='grc' dir='ltr'>,άάραίρ</span> <span class='ocrx_word' id='word_1_40' title='bbox 966 923 1038 964; x_wconf 88' lang='grc' dir='ltr'>εσιν·</span> <span class='ocrx_word' id='word_1_41' title='bbox 1051 893 1186 966; x_wconf 71' lang='grc' dir='ltr'>λαόόντε</span> <span class='ocrx_word' id='word_1_42' title='bbox 1173 901 1275 991; x_wconf 85' lang='grc' dir='ltr'>εςγάρ</span> <span class='ocrx_word' id='word_1_43' title='bbox 1293 889 1680 992; x_wconf 71' lang='grc' dir='ltr'>τοτῶνΙΔΕτρίγωνον,</span> 
     </span>
     <span class='ocr_line' id='line_1_5' title="bbox 135 1005 1680 1100; baseline 0 -30"><span class='ocrx_word' id='word_1_44' title='bbox 135 1007 256 1097; x_wconf 86' lang='grc' dir='ltr'>ήγαγον</span> <span class='ocrx_word' id='word_1_45' title='bbox 281 1006 379 1071; x_wconf 84' lang='grc' dir='ltr'>κάθετ</span> <span class='ocrx_word' id='word_1_46' title='bbox 360 1031 413 1070; x_wconf 72' lang='grc' dir='ltr'>ὀν</span> <span class='ocrx_word' id='word_1_47' title='bbox 440 1011 482 1070; x_wconf 84' lang='grc' dir='ltr'>άι·</span> <span class='ocrx_word' id='word_1_48' title='bbox 473 1009 500 1071; x_wconf 81' lang='grc' dir='ltr'>,ο</span> <span class='ocrx_word' id='word_1_49' title='bbox 525 1016 621 1082; x_wconf 83' lang='lat'>3630</span> <span class='ocrx_word' id='word_1_50' title='bbox 606 1005 729 1096; x_wconf 79' lang='grc' dir='ltr'>ὀρθῆς</span> <span class='ocrx_word' id='word_1_51' title='bbox 722 1007 770 1072; x_wconf 85' lang='grc' dir='ltr'>επί</span> <span class='ocrx_word' id='word_1_52' title='bbox 795 1007 853 1079; x_wconf 85' lang='grc' dir='ltr'>τήν</span> <span class='ocrx_word' id='word_1_53' title='bbox 878 1014 998 1072; x_wconf 88' lang='grc' dir='ltr'>τῶνΕ·</span> <span class='ocrx_word' id='word_1_54' title='bbox 1024 1009 1077 1071; x_wconf 85' lang='grc' dir='ltr'>καὶ</span> <span class='ocrx_word' id='word_1_55' title='bbox 1102 1032 1140 1080; x_wconf 90' lang='grc' dir='ltr'>ηυ</span> <span class='ocrx_word' id='word_1_56' title='bbox 1130 1009 1321 1096; x_wconf 82' lang='grc' dir='ltr'>ρήκασινὲν</span> <span class='ocrx_word' id='word_1_57' title='bbox 1346 1010 1451 1100; x_wconf 83' lang='grc' dir='ltr'>λόγοις</span> <span class='ocrx_word' id='word_1_58' title='bbox 1475 1021 1539 1084; x_wconf 91' lang='grc' dir='ltr'>τοῖς</span> <span class='ocrx_word' id='word_1_59' title='bbox 1565 1013 1680 1088; x_wconf 82' lang='grc' dir='ltr'>αὐτοῖς,</span> 
     </span>
     <span class='ocr_line' id='line_1_6' title="bbox 135 1109 1682 1242; baseline 0.002 -65"><span class='ocrx_word' id='word_1_60' title='bbox 135 1113 282 1204; x_wconf 86' lang='grc' dir='ltr'>ἑκάτερον</span> <span class='ocrx_word' id='word_1_61' title='bbox 307 1124 409 1178; x_wconf 89' lang='grc' dir='ltr'>τῶν</span> <span class='ocrx_word' id='word_1_62' title='bbox 399 1116 473 1202; x_wconf 79' lang='grc' dir='ltr'>πρός</span> <span class='ocrx_word' id='word_1_63' title='bbox 504 1124 544 1198; x_wconf 78' lang='grc' dir='ltr'>τῇ</span> <span class='ocrx_word' id='word_1_64' title='bbox 577 1113 699 1198; x_wconf 86' lang='grc' dir='ltr'>καθέτῳ</span> <span class='ocrx_word' id='word_1_65' title='bbox 725 1115 898 1242; x_wconf 86' lang='grc' dir='ltr'>τριγώνων</span> <span class='ocrx_word' id='word_1_66' title='bbox 922 1117 976 1179; x_wconf 85' lang='grc' dir='ltr'>καί</span> <span class='ocrx_word' id='word_1_67' title='bbox 998 1109 1205 1191; x_wconf 72' lang='grc' dir='ltr'>ἕλαόοντοὺς</span> <span class='ocrx_word' id='word_1_68' title='bbox 1234 1116 1419 1205; x_wconf 83' lang='grc' dir='ltr'>άιρθμοὺς</span> <span class='ocrx_word' id='word_1_69' title='bbox 1410 1141 1440 1182; x_wconf 90' lang='grc' dir='ltr'>εν</span> <span class='ocrx_word' id='word_1_70' title='bbox 1473 1119 1587 1206; x_wconf 76' lang='grc' dir='ltr'>μορίοις</span> <span class='ocrx_word' id='word_1_71' title='bbox 1617 1119 1682 1180; x_wconf 86' lang='grc' dir='ltr'>τισί</span> 
     </span>
     <span class='ocr_line' id='line_1_7' title="bbox 139 1213 1681 1322; baseline 0.002 -37"><span class='ocrx_word' id='word_1_72' title='bbox 139 1213 331 1322; x_wconf 78' lang='grc' dir='ltr'>μονάδων·</span> <span class='ocrx_word' id='word_1_73' title='bbox 317 1245 366 1286; x_wconf 89' lang='grc' dir='ltr'>επ</span> <span class='ocrx_word' id='word_1_74' title='bbox 357 1245 424 1287; x_wconf 90' lang='grc' dir='ltr'>ειτα</span> <span class='ocrx_word' id='word_1_75' title='bbox 448 1221 577 1285; x_wconf 84' lang='grc' dir='ltr'>ταλιν</span> <span class='ocrx_word' id='word_1_76' title='bbox 560 1245 730 1312; x_wconf 87' lang='grc' dir='ltr'>ηγαγον</span> <span class='ocrx_word' id='word_1_77' title='bbox 701 1247 761 1287; x_wconf 66' lang='grc' dir='ltr'>ατο</span> <span class='ocrx_word' id='word_1_78' title='bbox 778 1235 836 1298; x_wconf 71' lang='grc' dir='ltr'>τῖ</span> <span class='ocrx_word' id='word_1_79' title='bbox 854 1221 944 1312; x_wconf 80' lang='grc' dir='ltr'>ορθῆ,</span> <span class='ocrx_word' id='word_1_80' title='bbox 961 1222 1130 1288; x_wconf 83' lang='grc' dir='ltr'>κάθετον</span> <span class='ocrx_word' id='word_1_81' title='bbox 1112 1233 1169 1297; x_wconf 80' lang='grc' dir='ltr'>τῆς</span> <span class='ocrx_word' id='word_1_82' title='bbox 1187 1248 1216 1286; x_wconf 91' lang='grc' dir='ltr'>εν</span> <span class='ocrx_word' id='word_1_83' title='bbox 1235 1233 1298 1298; x_wconf 89' lang='grc' dir='ltr'>τοι</span> <span class='ocrx_word' id='word_1_84' title='bbox 1320 1223 1480 1315; x_wconf 82' lang='grc' dir='ltr'>τιργώνοις</span> <span class='ocrx_word' id='word_1_85' title='bbox 1503 1225 1600 1296; x_wconf 83' lang='grc' dir='ltr'>ήὲπί</span> <span class='ocrx_word' id='word_1_86' title='bbox 1622 1250 1681 1295; x_wconf 89' lang='grc' dir='ltr'>την</span> 
     </span>
     <span class='ocr_line' id='line_1_8' title="bbox 137 1317 1678 1421; baseline 0.003 -30"><span class='ocrx_word' id='word_1_87' title='bbox 137 1339 199 1392; x_wconf 87' lang='grc' dir='ltr'>τῶν</span> <span class='ocrx_word' id='word_1_88' title='bbox 224 1339 258 1400; x_wconf 90' lang='grc' dir='ltr'>Δ.</span> <span class='ocrx_word' id='word_1_89' title='bbox 282 1329 301 1402; x_wconf 88' lang='grc' dir='ltr'>ή</span> <span class='ocrx_word' id='word_1_90' title='bbox 327 1331 379 1395; x_wconf 80' lang='grc' dir='ltr'>ἐπί</span> <span class='ocrx_word' id='word_1_91' title='bbox 401 1329 460 1399; x_wconf 81' lang='grc' dir='ltr'>τήν</span> <span class='ocrx_word' id='word_1_92' title='bbox 485 1317 610 1394; x_wconf 52' lang='grc' dir='ltr'>τῶν-Γ·</span> <span class='ocrx_word' id='word_1_93' title='bbox 636 1328 784 1403; x_wconf 82' lang='grc' dir='ltr'>καὶτοὺς</span> <span class='ocrx_word' id='word_1_94' title='bbox 810 1327 920 1403; x_wconf 79' lang='grc' dir='ltr'>αὐτοὺς</span> <span class='ocrx_word' id='word_1_95' title='bbox 943 1330 1055 1418; x_wconf 89' lang='grc' dir='ltr'>λόγους</span> <span class='ocrx_word' id='word_1_96' title='bbox 1071 1332 1094 1412; x_wconf 75' lang='lat'>⁹)</span> <span class='ocrx_word' id='word_1_97' title='bbox 1120 1330 1191 1405; x_wconf 84' lang='lat'>3063</span> <span class='ocrx_word' id='word_1_98' title='bbox 1215 1323 1247 1407; x_wconf 74' lang='grc' dir='ltr'>ἐξ</span> <span class='ocrx_word' id='word_1_99' title='bbox 1273 1333 1370 1418; x_wconf 78' lang='grc' dir='ltr'>ἀρχῆς</span> <span class='ocrx_word' id='word_1_100' title='bbox 1395 1332 1549 1421; x_wconf 78' lang='grc' dir='ltr'>εὑρόντες,</span> <span class='ocrx_word' id='word_1_101' title='bbox 1573 1323 1678 1403; x_wconf 78' lang='grc' dir='ltr'>ἐπειδὴ</span> 
     </span>
     <span class='ocr_line' id='line_1_9' title="bbox 136 1431 1682 1525; baseline 0.002 -27"><span class='ocrx_word' id='word_1_102' title='bbox 136 1433 178 1498; x_wconf 85' lang='grc' dir='ltr'>τά</span> <span class='ocrx_word' id='word_1_103' title='bbox 202 1435 276 1525; x_wconf 81' lang='grc' dir='ltr'>πρὸς</span> <span class='ocrx_word' id='word_1_104' title='bbox 301 1445 369 1510; x_wconf 89' lang='grc' dir='ltr'>ταῖς</span> <span class='ocrx_word' id='word_1_105' title='bbox 393 1433 534 1510; x_wconf 74' lang='grc' dir='ltr'>καθέτοις</span> <span class='ocrx_word' id='word_1_106' title='bbox 559 1433 607 1498; x_wconf 86' lang='grc' dir='ltr'>ἀεὶ</span> <span class='ocrx_word' id='word_1_107' title='bbox 631 1437 767 1525; x_wconf 87' lang='grc' dir='ltr'>τρίγωνα</span> <span class='ocrx_word' id='word_1_108' title='bbox 792 1434 885 1520; x_wconf 84' lang='grc' dir='ltr'>ὅμοιά</span> <span class='ocrx_word' id='word_1_109' title='bbox 909 1439 976 1500; x_wconf 85' lang='grc' dir='ltr'>ἐστι</span> <span class='ocrx_word' id='word_1_110' title='bbox 1000 1445 1045 1517; x_wconf 88' lang='grc' dir='ltr'>τῷ</span> <span class='ocrx_word' id='word_1_111' title='bbox 1069 1459 1105 1499; x_wconf 91' lang='grc' dir='ltr'>τε</span> <span class='ocrx_word' id='word_1_112' title='bbox 1130 1438 1192 1518; x_wconf 85' lang='grc' dir='ltr'>ὅλῳ</span> <span class='ocrx_word' id='word_1_113' title='bbox 1217 1437 1270 1500; x_wconf 87' lang='grc' dir='ltr'>καὶ</span> <span class='ocrx_word' id='word_1_114' title='bbox 1296 1439 1464 1513; x_wconf 80' lang='grc' dir='ltr'>ἀλλήλοις·</span> <span class='ocrx_word' id='word_1_115' title='bbox 1490 1431 1603 1503; x_wconf 70' lang='grc' dir='ltr'>ἔλαθον</span> <span class='ocrx_word' id='word_1_116' title='bbox 1628 1438 1682 1502; x_wconf 88' lang='grc' dir='ltr'>καί</span> 
     </span>
     <span class='ocr_line' id='line_1_10' title="bbox 137 1538 1682 1634; baseline 0.001 -26"><span class='ocrx_word' id='word_1_117' title='bbox 137 1554 199 1608; x_wconf 89' lang='grc' dir='ltr'>τῶν</span> <span class='ocrx_word' id='word_1_118' title='bbox 223 1544 396 1634; x_wconf 86' lang='grc' dir='ltr'>γενομένων</span> <span class='ocrx_word' id='word_1_119' title='bbox 422 1541 579 1632; x_wconf 86' lang='grc' dir='ltr'>τριγώνων</span> <span class='ocrx_word' id='word_1_120' title='bbox 604 1542 661 1617; x_wconf 83' lang='grc' dir='ltr'>τάς</span> <span class='ocrx_word' id='word_1_121' title='bbox 685 1542 821 1631; x_wconf 84' lang='grc' dir='ltr'>πλευράς</span> <span class='ocrx_word' id='word_1_122' title='bbox 845 1547 875 1608; x_wconf 81' lang='grc' dir='ltr'>ὲν</span> <span class='ocrx_word' id='word_1_123' title='bbox 896 1543 1008 1633; x_wconf 86' lang='grc' dir='ltr'>μονάσι</span> <span class='ocrx_word' id='word_1_124' title='bbox 1033 1543 1086 1606; x_wconf 84' lang='grc' dir='ltr'>καὶ</span> <span class='ocrx_word' id='word_1_125' title='bbox 1110 1547 1235 1632; x_wconf 89' lang='grc' dir='ltr'>μορίοις·</span> <span class='ocrx_word' id='word_1_126' title='bbox 1254 1538 1321 1609; x_wconf 77' lang='grc' dir='ltr'>εἶτα</span> <span class='ocrx_word' id='word_1_127' title='bbox 1344 1545 1682 1622; x_wconf 75' lang='grc' dir='ltr'>πολλαπλασιάσαντες</span> 
     </span>
     <span class='ocr_line' id='line_1_11' title="bbox 138 1649 1682 1742; baseline 0.001 -26"><span class='ocrx_word' id='word_1_128' title='bbox 138 1654 234 1717; x_wconf 79' lang='grc' dir='ltr'>εἴκοσι</span> <span class='ocrx_word' id='word_1_129' title='bbox 257 1651 405 1727; x_wconf 88' lang='grc' dir='ltr'>πεντάκις</span> <span class='ocrx_word' id='word_1_130' title='bbox 428 1651 531 1726; x_wconf 88' lang='grc' dir='ltr'>πάσας</span> <span class='ocrx_word' id='word_1_131' title='bbox 554 1649 611 1726; x_wconf 85' lang='grc' dir='ltr'>τάς</span> <span class='ocrx_word' id='word_1_132' title='bbox 635 1651 785 1740; x_wconf 82' lang='grc' dir='ltr'>πλευράς,</span> <span class='ocrx_word' id='word_1_133' title='bbox 809 1652 1014 1724; x_wconf 70' lang='grc' dir='ltr'>κατήντησαν</span> <span class='ocrx_word' id='word_1_134' title='bbox 1039 1657 1079 1726; x_wconf 88' lang='grc' dir='ltr'>είς</span> <span class='ocrx_word' id='word_1_135' title='bbox 1112 1651 1183 1726; x_wconf 85' lang='grc' dir='ltr'>τοὺς</span> <span class='ocrx_word' id='word_1_136' title='bbox 1209 1651 1368 1742; x_wconf 83' lang='grc' dir='ltr'>άριθμοὺς,</span> <span class='ocrx_word' id='word_1_137' title='bbox 1393 1652 1442 1727; x_wconf 85' lang='lat'>063</span> <span class='ocrx_word' id='word_1_138' title='bbox 1466 1654 1519 1717; x_wconf 89' lang='grc' dir='ltr'>καὶ</span> <span class='ocrx_word' id='word_1_139' title='bbox 1544 1659 1576 1717; x_wconf 82' lang='grc' dir='ltr'>αἱ</span> <span class='ocrx_word' id='word_1_140' title='bbox 1599 1652 1682 1718; x_wconf 83' lang='grc' dir='ltr'>κατά</span> 
     </span>
     <span class='ocr_line' id='line_1_12' title="bbox 137 1752 1683 1850; baseline -0.001 -26"><span class='ocrx_word' id='word_1_141' title='bbox 137 1759 309 1850; x_wconf 88' lang='grc' dir='ltr'>πρόσθεσιν.</span> <span class='ocrx_word' id='word_1_142' title='bbox 324 1761 383 1824; x_wconf 83' lang='grc' dir='ltr'>Καὶ</span> <span class='ocrx_word' id='word_1_143' title='bbox 399 1770 511 1824; x_wconf 85' lang='grc' dir='ltr'>τοῦτον</span> <span class='ocrx_word' id='word_1_144' title='bbox 525 1759 579 1847; x_wconf 84' lang='grc' dir='ltr'>μὲν</span> <span class='ocrx_word' id='word_1_145' title='bbox 595 1762 699 1824; x_wconf 88' lang='grc' dir='ltr'>είλετο</span> <span class='ocrx_word' id='word_1_146' title='bbox 712 1771 772 1835; x_wconf 80' lang='grc' dir='ltr'>τῆς</span> <span class='ocrx_word' id='word_1_147' title='bbox 785 1754 964 1850; x_wconf 78' lang='grc' dir='ltr'>ἐξηγήσεως</span> <span class='ocrx_word' id='word_1_148' title='bbox 978 1759 1032 1826; x_wconf 80' lang='grc' dir='ltr'>τὸν</span> <span class='ocrx_word' id='word_1_149' title='bbox 1046 1760 1160 1849; x_wconf 82' lang='grc' dir='ltr'>τρόπον</span> <span class='ocrx_word' id='word_1_150' title='bbox 1179 1761 1337 1849; x_wconf 85' lang='grc' dir='ltr'>Πατέριος.</span> <span class='ocrx_word' id='word_1_151' title='bbox 1351 1799 1393 1808; x_wconf 95' lang='lat'>-—</span> <span class='ocrx_word' id='word_1_152' title='bbox 1411 1763 1471 1825; x_wconf 83' lang='grc' dir='ltr'>Τὸν</span> <span class='ocrx_word' id='word_1_153' title='bbox 1490 1752 1523 1826; x_wconf 87' lang='grc' dir='ltr'>δὲ</span> <span class='ocrx_word' id='word_1_154' title='bbox 1534 1761 1683 1850; x_wconf 85' lang='grc' dir='ltr'>πρότερον</span> 
     </span>
     <span class='ocr_line' id='line_1_13' title="bbox 137 1859 1684 1960; baseline 0 -30"><span class='ocrx_word' id='word_1_155' title='bbox 137 1875 152 1933; x_wconf 87' lang='lat'>6</span> <span class='ocrx_word' id='word_1_156' title='bbox 167 1870 264 1960; x_wconf 84' lang='grc' dir='ltr'>μέγας</span> <span class='ocrx_word' id='word_1_157' title='bbox 279 1871 347 1950; x_wconf 88' lang='lat' dir='ltr'>(fol.</span> <span class='ocrx_word' id='word_1_158' title='bbox 363 1873 434 1936; x_wconf 74' lang='grc' dir='ltr'>49η</span> <span class='ocrx_word' id='word_1_159' title='bbox 451 1872 494 1952; x_wconf 81' lang='grc' dir='ltr'>τ.)</span> <span class='ocrx_word' id='word_1_160' title='bbox 514 1859 705 1954; x_wconf 69' lang='grc' dir='ltr'>[Εὐκλείδης]</span> <span class='ocrx_word' id='word_1_161' title='bbox 723 1871 858 1935; x_wconf 84' lang='grc' dir='ltr'>...ἔστω</span> <span class='ocrx_word' id='word_1_162' title='bbox 874 1859 907 1932; x_wconf 90' lang='grc' dir='ltr'>δὲ</span> <span class='ocrx_word' id='word_1_163' title='bbox 923 1868 1043 1932; x_wconf 68' lang='grc' dir='ltr'>τούτων</span> <span class='ocrx_word' id='word_1_164' title='bbox 1056 1920 1062 1934; x_wconf 91' lang='grc'>.</span> <span class='ocrx_word' id='word_1_165' title='bbox 1075 1919 1100 1934; x_wconf 91' lang='grc'>..</span> <span class='ocrx_word' id='word_1_166' title='bbox 1117 1877 1238 1932; x_wconf 81' lang='grc' dir='ltr'>τοῦτον·</span> <span class='ocrx_word' id='word_1_167' title='bbox 1256 1878 1317 1932; x_wconf 91' lang='grc' dir='ltr'>τῶν</span> <span class='ocrx_word' id='word_1_168' title='bbox 1335 1869 1394 1933; x_wconf 77' lang='grc' dir='ltr'>ὑπὸ</span> <span class='ocrx_word' id='word_1_169' title='bbox 1411 1877 1466 1932; x_wconf 86' lang='grc' dir='ltr'>τοῦ</span> <span class='ocrx_word' id='word_1_170' title='bbox 1482 1867 1537 1940; x_wconf 89' lang='grc' dir='ltr'>θνη</span> <span class='ocrx_word' id='word_1_171' title='bbox 1551 1921 1557 1936; x_wconf 90' lang='grc'>.</span> <span class='ocrx_word' id='word_1_172' title='bbox 1569 1921 1576 1936; x_wconf 97' lang='grc'>.</span> <span class='ocrx_word' id='word_1_173' title='bbox 1588 1923 1594 1936; x_wconf 98' lang='grc'>.</span> <span class='ocrx_word' id='word_1_174' title='bbox 1604 1893 1684 1957; x_wconf 90' lang='grc' dir='ltr'>εκρι-</span> 
     </span>
     <span class='ocr_line' id='line_1_14' title="bbox 138 1969 1683 2104; baseline -0.003 -63"><span class='ocrx_word' id='word_1_175' title='bbox 138 1978 236 2066; x_wconf 90' lang='grc' dir='ltr'>μένων</span> <span class='ocrx_word' id='word_1_176' title='bbox 260 1975 344 2040; x_wconf 87' lang='grc' dir='ltr'>κατά</span> <span class='ocrx_word' id='word_1_177' title='bbox 367 1981 440 2065; x_wconf 80' lang='grc' dir='ltr'>ὑραι</span> <span class='ocrx_word' id='word_1_178' title='bbox 455 2027 460 2038; x_wconf 95' lang='grc'>.</span> <span class='ocrx_word' id='word_1_179' title='bbox 474 2025 501 2039; x_wconf 94' lang='grc'>..</span> <span class='ocrx_word' id='word_1_180' title='bbox 526 1975 597 2052; x_wconf 83' lang='grc' dir='ltr'>τοὺς</span> <span class='ocrx_word' id='word_1_181' title='bbox 622 1975 787 2065; x_wconf 82' lang='grc' dir='ltr'>μουσικοὺς</span> <span class='ocrx_word' id='word_1_182' title='bbox 804 1977 916 2067; x_wconf 89' lang='grc' dir='ltr'>λόγους</span> <span class='ocrx_word' id='word_1_183' title='bbox 932 2029 938 2042; x_wconf 93' lang='grc'>.</span> <span class='ocrx_word' id='word_1_184' title='bbox 955 2029 961 2042; x_wconf 93' lang='grc'>.</span> <span class='ocrx_word' id='word_1_185' title='bbox 978 2029 984 2042; x_wconf 93' lang='grc'>.</span> <span class='ocrx_word' id='word_1_186' title='bbox 1008 1969 1040 2053; x_wconf 80' lang='grc' dir='ltr'>ἐξ</span> <span class='ocrx_word' id='word_1_187' title='bbox 1057 1977 1155 2104; x_wconf 80' lang='grc' dir='ltr'>ἀρχῆς</span> <span class='ocrx_word' id='word_1_188' title='bbox 1180 1975 1332 2064; x_wconf 80' lang='grc' dir='ltr'>τριγώνῳ,</span> <span class='ocrx_word' id='word_1_189' title='bbox 1350 1975 1404 2039; x_wconf 89' lang='grc' dir='ltr'>τόν</span> <span class='ocrx_word' id='word_1_190' title='bbox 1429 1975 1584 2063; x_wconf 88' lang='grc' dir='ltr'>τρόπον..</span> <span class='ocrx_word' id='word_1_191' title='bbox 1599 1978 1683 2054; x_wconf 78' lang='grc' dir='ltr'>.τ“ον,</span> 
     </span>
     <span class='ocr_line' id='line_1_15' title="bbox 137 2074 1663 2214; baseline -0.003 -64"><span class='ocrx_word' id='word_1_192' title='bbox 137 2078 241 2158; x_wconf 83' lang='grc' dir='ltr'>ἐπειδή</span> <span class='ocrx_word' id='word_1_193' title='bbox 269 2082 445 2214; x_wconf 84' lang='grc' dir='ltr'>οίαριθμοί</span> <span class='ocrx_word' id='word_1_194' title='bbox 469 2093 531 2147; x_wconf 90' lang='grc' dir='ltr'>τῶν</span> <span class='ocrx_word' id='word_1_195' title='bbox 555 2088 696 2174; x_wconf 86' lang='grc' dir='ltr'>πλευρῶν</span> <span class='ocrx_word' id='word_1_196' title='bbox 720 2082 818 2173; x_wconf 86' lang='grc' dir='ltr'>τριάς,</span> <span class='ocrx_word' id='word_1_197' title='bbox 844 2082 967 2172; x_wconf 82' lang='grc' dir='ltr'>τετράς,</span> <span class='ocrx_word' id='word_1_198' title='bbox 992 2082 1122 2159; x_wconf 87' lang='grc' dir='ltr'>πεντάς·</span> <span class='ocrx_word' id='word_1_199' title='bbox 1149 2087 1223 2148; x_wconf 86' lang='grc' dir='ltr'>ὁὲκ</span> <span class='ocrx_word' id='word_1_200' title='bbox 1246 2083 1373 2148; x_wconf 89' lang='grc' dir='ltr'>πάντων</span> <span class='ocrx_word' id='word_1_201' title='bbox 1406 2074 1556 2159; x_wconf 90' lang='grc' dir='ltr'>δυοδεκάς</span> <span class='ocrx_word' id='word_1_202' title='bbox 1581 2107 1663 2147; x_wconf 92' lang='grc' dir='ltr'>κα..</span> 
     </span>
     <span class='ocr_line' id='line_1_16' title="bbox 137 2183 1685 2282; baseline -0.001 -26"><span class='ocrx_word' id='word_1_203' title='bbox 137 2187 224 2276; x_wconf 87' lang='lat'>6363,</span> <span class='ocrx_word' id='word_1_204' title='bbox 248 2195 355 2256; x_wconf 79' lang='grc' dir='ltr'>οὐκοῦν</span> <span class='ocrx_word' id='word_1_205' title='bbox 388 2193 543 2282; x_wconf 78' lang='grc' dir='ltr'>ἐπίτριτος</span> <span class='ocrx_word' id='word_1_206' title='bbox 568 2192 623 2280; x_wconf 87' lang='grc' dir='ltr'>μέν</span> <span class='ocrx_word' id='word_1_207' title='bbox 646 2192 784 2282; x_wconf 88' lang='grc' dir='ltr'>λόγος..</span> <span class='ocrx_word' id='word_1_208' title='bbox 800 2185 954 2282; x_wconf 75' lang='grc' dir='ltr'>,τριάδος</span> <span class='ocrx_word' id='word_1_209' title='bbox 978 2191 1031 2254; x_wconf 83' lang='grc' dir='ltr'>καί</span> <span class='ocrx_word' id='word_1_210' title='bbox 1063 2183 1230 2281; x_wconf 89' lang='grc' dir='ltr'>τετράδος·</span> <span class='ocrx_word' id='word_1_211' title='bbox 1256 2193 1399 2280; x_wconf 84' lang='grc' dir='ltr'>ήμιόλιος</span> <span class='ocrx_word' id='word_1_212' title='bbox 1426 2184 1606 2273; x_wconf 79' lang='grc' dir='ltr'>δέ,ἑξάδος</span> <span class='ocrx_word' id='word_1_213' title='bbox 1631 2193 1685 2256; x_wconf 84' lang='grc' dir='ltr'>καὶ</span> 
     </span>
     <span class='ocr_line' id='line_1_17' title="bbox 137 2245 1684 2390; baseline -0.001 -26"><span class='ocrx_word' id='word_1_214' title='bbox 137 2291 297 2389; x_wconf 85' lang='grc' dir='ltr'>τετράδος</span> <span class='ocrx_word' id='word_1_215' title='bbox 322 2294 471 2389; x_wconf 76' lang='grc' dir='ltr'>επογδοο,</span> <span class='ocrx_word' id='word_1_216' title='bbox 489 2290 522 2364; x_wconf 84' lang='grc' dir='ltr'>δε</span> <span class='ocrx_word' id='word_1_217' title='bbox 538 2291 719 2376; x_wconf 74' lang='grc' dir='ltr'>εννεαδος</span> <span class='ocrx_word' id='word_1_218' title='bbox 732 2245 915 2389; x_wconf 77' lang='grc' dir='ltr'>,ὀγδοάδος</span> <span class='ocrx_word' id='word_1_219' title='bbox 939 2310 997 2373; x_wconf 78' lang='grc' dir='ltr'>τῆς</span> <span class='ocrx_word' id='word_1_220' title='bbox 1021 2303 1061 2362; x_wconf 85' lang='grc' dir='ltr'>ὑτ</span> <span class='ocrx_word' id='word_1_221' title='bbox 1052 2322 1097 2362; x_wconf 86' lang='grc' dir='ltr'>..ο</span> <span class='ocrx_word' id='word_1_222' title='bbox 1083 2299 1407 2390; x_wconf 75' lang='grc' dir='ltr'>εινοίσηςὲκατέραν</span> <span class='ocrx_word' id='word_1_223' title='bbox 1429 2310 1522 2363; x_wconf 88' lang='grc' dir='ltr'>τουτο</span> <span class='ocrx_word' id='word_1_224' title='bbox 1538 2323 1608 2390; x_wconf 88' lang='grc' dir='ltr'>περι</span> <span class='ocrx_word' id='word_1_225' title='bbox 1624 2323 1684 2371; x_wconf 88' lang='grc' dir='ltr'>την</span> 
     </span>
     <span class='ocr_line' id='line_1_18' title="bbox 138 2397 1686 2498; baseline -0.001 -26"><span class='ocrx_word' id='word_1_226' title='bbox 138 2398 1086 2498; x_wconf 76' lang='grc' dir='ltr'>όρθὴνουντιθεμένηςδιπλάσιον...ἑξάδοςκαὶτριάδοςτ</span> <span class='ocrx_word' id='word_1_227' title='bbox 1067 2405 1248 2495; x_wconf 85' lang='grc' dir='ltr'>τριπλάσιος</span> <span class='ocrx_word' id='word_1_228' title='bbox 1265 2399 1299 2470; x_wconf 89' lang='lat'>66</span> <span class='ocrx_word' id='word_1_229' title='bbox 1316 2397 1516 2482; x_wconf 82' lang='grc' dir='ltr'>δόοδεκάδος</span> <span class='ocrx_word' id='word_1_230' title='bbox 1530 2405 1686 2495; x_wconf 87' lang='grc' dir='ltr'>καίτριά-</span> 
     </span>
     <span class='ocr_line' id='line_1_19' title="bbox 139 2508 1682 2606; baseline -0.001 -27"><span class='ocrx_word' id='word_1_231' title='bbox 139 2508 199 2592; x_wconf 89' lang='grc' dir='ltr'>δος·</span> <span class='ocrx_word' id='word_1_232' title='bbox 216 2517 273 2582; x_wconf 85' lang='grc' dir='ltr'>εἰσὶ</span> <span class='ocrx_word' id='word_1_233' title='bbox 291 2509 324 2582; x_wconf 90' lang='grc' dir='ltr'>δὲ</span> <span class='ocrx_word' id='word_1_234' title='bbox 340 2516 394 2580; x_wconf 82' lang='grc' dir='ltr'>καί</span> <span class='ocrx_word' id='word_1_235' title='bbox 411 2522 534 2606; x_wconf 85' lang='grc' dir='ltr'>αίτρεῖς</span> <span class='ocrx_word' id='word_1_236' title='bbox 551 2521 582 2582; x_wconf 89' lang='grc' dir='ltr'>ἑν</span> <span class='ocrx_word' id='word_1_237' title='bbox 599 2515 702 2598; x_wconf 80' lang='grc' dir='ltr'>τούτῳ</span> <span class='ocrx_word' id='word_1_238' title='bbox 716 2515 900 2603; x_wconf 87' lang='grc' dir='ltr'>μεσότητες,</span> <span class='ocrx_word' id='word_1_239' title='bbox 918 2518 1157 2602; x_wconf 78' lang='grc' dir='ltr'>συμπληροιται</span> <span class='ocrx_word' id='word_1_240' title='bbox 1173 2538 1231 2584; x_wconf 85' lang='grc' dir='ltr'>τνν</span> <span class='ocrx_word' id='word_1_241' title='bbox 1249 2511 1362 2602; x_wconf 79' lang='grc' dir='ltr'>ψυχήν,</span> <span class='ocrx_word' id='word_1_242' title='bbox 1379 2515 1527 2605; x_wconf 84' lang='grc' dir='ltr'>ήμὲνάρ</span> <span class='ocrx_word' id='word_1_243' title='bbox 1531 2513 1682 2602; x_wconf 79' lang='grc' dir='ltr'>ιθμητική</span> 
     </span>
     <span class='ocr_line' id='line_1_20' title="bbox 138 2541 1686 2714; baseline -0.003 -25"><span class='ocrx_word' id='word_1_244' title='bbox 138 2628 169 2689; x_wconf 82' lang='grc' dir='ltr'>έν</span> <span class='ocrx_word' id='word_1_245' title='bbox 194 2634 262 2699; x_wconf 85' lang='grc' dir='ltr'>ταῖς</span> <span class='ocrx_word' id='word_1_246' title='bbox 285 2628 442 2714; x_wconf 85' lang='grc' dir='ltr'>πλευραῖς,</span> <span class='ocrx_word' id='word_1_247' title='bbox 468 2627 550 2712; x_wconf 90' lang='grc' dir='ltr'>τρία,</span> <span class='ocrx_word' id='word_1_248' title='bbox 573 2624 720 2712; x_wconf 88' lang='grc' dir='ltr'>τέσσαρα,</span> <span class='ocrx_word' id='word_1_249' title='bbox 744 2623 848 2686; x_wconf 84' lang='grc' dir='ltr'>πέντε·</span> <span class='ocrx_word' id='word_1_250' title='bbox 874 2628 893 2695; x_wconf 83' lang='grc' dir='ltr'>ή</span> <span class='ocrx_word' id='word_1_251' title='bbox 921 2613 954 2686; x_wconf 85' lang='grc' dir='ltr'>δέ</span> <span class='ocrx_word' id='word_1_252' title='bbox 978 2620 1142 2710; x_wconf 83' lang='grc' dir='ltr'>ἁρμονική,</span> <span class='ocrx_word' id='word_1_253' title='bbox 1162 2625 1192 2686; x_wconf 87' lang='grc' dir='ltr'>ἐν</span> <span class='ocrx_word' id='word_1_254' title='bbox 1209 2632 1277 2696; x_wconf 91' lang='grc' dir='ltr'>ταῖς</span> <span class='ocrx_word' id='word_1_255' title='bbox 1295 2621 1363 2711; x_wconf 83' lang='grc' dir='ltr'>περὶ</span> <span class='ocrx_word' id='word_1_256' title='bbox 1380 2621 1438 2694; x_wconf 85' lang='grc' dir='ltr'>τήν</span> <span class='ocrx_word' id='word_1_257' title='bbox 1455 2541 1547 2711; x_wconf 76' lang='grc' dir='ltr'>ὀρθήν</span> <span class='ocrx_word' id='word_1_258' title='bbox 1565 2623 1617 2686; x_wconf 82' lang='grc' dir='ltr'>καὶ</span> <span class='ocrx_word' id='word_1_259' title='bbox 1640 2631 1686 2706; x_wconf 81' lang='grc' dir='ltr'>τῷ</span> 
     </span>
     <span class='ocr_line' id='line_1_21' title="bbox 82 2721 1687 2822; baseline 0.002 -32"><span class='ocrx_word' id='word_1_260' title='bbox 82 2754 111 2790; x_wconf 80' lang='grc' dir='ltr'>νο</span> <span class='ocrx_word' id='word_1_261' title='bbox 139 2722 266 2821; x_wconf 72' lang='grc' dir='ltr'>ἑμθαδῷ</span> <span class='ocrx_word' id='word_1_262' title='bbox 290 2733 372 2821; x_wconf 85' lang='grc' dir='ltr'>τρία,</span> <span class='ocrx_word' id='word_1_263' title='bbox 395 2731 541 2820; x_wconf 88' lang='grc' dir='ltr'>τέσσαρα,</span> <span class='ocrx_word' id='word_1_264' title='bbox 566 2724 608 2807; x_wconf 77' lang='grc' dir='ltr'>ἕξ·</span> <span class='ocrx_word' id='word_1_265' title='bbox 633 2738 652 2804; x_wconf 88' lang='grc' dir='ltr'>ή</span> <span class='ocrx_word' id='word_1_266' title='bbox 672 2723 706 2796; x_wconf 86' lang='grc' dir='ltr'>δὲ</span> <span class='ocrx_word' id='word_1_267' title='bbox 721 2730 930 2822; x_wconf 71' lang='grc' dir='ltr'>γεωμετρικὴ,</span> <span class='ocrx_word' id='word_1_268' title='bbox 947 2735 977 2794; x_wconf 84' lang='grc' dir='ltr'>ἐν</span> <span class='ocrx_word' id='word_1_269' title='bbox 996 2739 1040 2811; x_wconf 87' lang='grc' dir='ltr'>τῷ</span> <span class='ocrx_word' id='word_1_270' title='bbox 1057 2733 1091 2794; x_wconf 84' lang='grc' dir='ltr'>ἐκ</span> <span class='ocrx_word' id='word_1_271' title='bbox 1105 2739 1213 2794; x_wconf 87' lang='grc' dir='ltr'>πασῶν</span> <span class='ocrx_word' id='word_1_272' title='bbox 1230 2740 1293 2794; x_wconf 88' lang='grc' dir='ltr'>τῶν</span> <span class='ocrx_word' id='word_1_273' title='bbox 1318 2734 1457 2819; x_wconf 83' lang='grc' dir='ltr'>πλευρῶν</span> <span class='ocrx_word' id='word_1_274' title='bbox 1482 2721 1614 2804; x_wconf 88' lang='grc' dir='ltr'>δώδεκα,</span> <span class='ocrx_word' id='word_1_275' title='bbox 1634 2731 1687 2794; x_wconf 85' lang='grc' dir='ltr'>καί</span> 
     </span>
     <span class='ocr_line' id='line_1_22' title="bbox 139 2829 1686 2929; baseline -0.001 -27"><span class='ocrx_word' id='word_1_276' title='bbox 139 2850 184 2922; x_wconf 86' lang='grc' dir='ltr'>τῷ</span> <span class='ocrx_word' id='word_1_277' title='bbox 208 2829 335 2927; x_wconf 73' lang='grc' dir='ltr'>ἐμθαδῷ</span> <span class='ocrx_word' id='word_1_278' title='bbox 359 2849 404 2922; x_wconf 85' lang='grc' dir='ltr'>τῷ</span> <span class='ocrx_word' id='word_1_279' title='bbox 427 2833 470 2926; x_wconf 74' lang='grc' dir='ltr'>ἒξ,</span> <span class='ocrx_word' id='word_1_280' title='bbox 494 2839 548 2903; x_wconf 86' lang='grc' dir='ltr'>καὶ</span> <span class='ocrx_word' id='word_1_281' title='bbox 571 2850 610 2924; x_wconf 83' lang='grc' dir='ltr'>τῇ</span> <span class='ocrx_word' id='word_1_282' title='bbox 638 2841 791 2928; x_wconf 75' lang='grc' dir='ltr'>ἐλαχίστῃ</span> <span class='ocrx_word' id='word_1_283' title='bbox 810 2843 928 2929; x_wconf 80' lang='grc' dir='ltr'>πλευρᾷ</span> <span class='ocrx_word' id='word_1_284' title='bbox 945 2847 989 2920; x_wconf 84' lang='grc' dir='ltr'>τῷ</span> <span class='ocrx_word' id='word_1_285' title='bbox 1008 2841 1088 2927; x_wconf 87' lang='grc' dir='ltr'>τρία·</span> <span class='ocrx_word' id='word_1_286' title='bbox 1105 2847 1198 2902; x_wconf 77' lang='grc' dir='ltr'>πᾶσιν</span> <span class='ocrx_word' id='word_1_287' title='bbox 1220 2837 1288 2927; x_wconf 85' lang='grc' dir='ltr'>ἄρα,</span> <span class='ocrx_word' id='word_1_288' title='bbox 1313 2839 1596 2927; x_wconf 88' lang='grc' dir='ltr'>κατακεκόσμηται</span> <span class='ocrx_word' id='word_1_289' title='bbox 1621 2849 1686 2914; x_wconf 91' lang='grc' dir='ltr'>τοῖς</span> 
     </span>
     <span class='ocr_line' id='line_1_23' title="bbox 140 2945 1686 3038; baseline -0.001 -27.971"><span class='ocrx_word' id='word_1_290' title='bbox 140 2952 313 3037; x_wconf 84' lang='grc' dir='ltr'>ἁρμονικοῖς</span> <span class='ocrx_word' id='word_1_291' title='bbox 337 2947 452 3036; x_wconf 83' lang='grc' dir='ltr'>λόγοις,</span> <span class='ocrx_word' id='word_1_292' title='bbox 478 2948 531 3012; x_wconf 83' lang='grc' dir='ltr'>καί</span> <span class='ocrx_word' id='word_1_293' title='bbox 555 2958 618 3021; x_wconf 87' lang='grc' dir='ltr'>τοις</span> <span class='ocrx_word' id='word_1_294' title='bbox 644 2957 750 3012; x_wconf 89' lang='grc' dir='ltr'>τῶντ</span> <span class='ocrx_word' id='word_1_295' title='bbox 730 2957 822 3038; x_wconf 89' lang='grc' dir='ltr'>τριῶν</span> <span class='ocrx_word' id='word_1_296' title='bbox 849 2948 1045 3035; x_wconf 89' lang='grc' dir='ltr'>μεσοτήτων·</span> <span class='ocrx_word' id='word_1_297' title='bbox 1063 2947 1174 3020; x_wconf 75' lang='grc' dir='ltr'>οἵτινες</span> <span class='ocrx_word' id='word_1_298' title='bbox 1197 2949 1228 3010; x_wconf 83' lang='grc' dir='ltr'>ἑν</span> <span class='ocrx_word' id='word_1_299' title='bbox 1253 2946 1356 3027; x_wconf 79' lang='grc' dir='ltr'>τούτῳ</span> <span class='ocrx_word' id='word_1_300' title='bbox 1380 2945 1494 3032; x_wconf 89' lang='grc' dir='ltr'>πρώτῳ</span> <span class='ocrx_word' id='word_1_301' title='bbox 1521 2947 1617 3021; x_wconf 79' lang='grc' dir='ltr'>ἰόντες</span> <span class='ocrx_word' id='word_1_302' title='bbox 1641 2955 1686 3028; x_wconf 87' lang='grc' dir='ltr'>τῷ</span> 
     </span>
     <span class='ocr_line' id='line_1_24' title="bbox 164 3051 1687 3146; baseline -0.001 -27.966"><span class='ocrx_word' id='word_1_303' title='bbox 164 3053 282 3145; x_wconf 90' lang='grc' dir='ltr'>ριγώνῳ</span> <span class='ocrx_word' id='word_1_304' title='bbox 297 3055 417 3146; x_wconf 81' lang='grc' dir='ltr'>(πρὸγ</span> <span class='ocrx_word' id='word_1_305' title='bbox 404 3055 508 3145; x_wconf 78' lang='grc' dir='ltr'>αρτοί</span> <span class='ocrx_word' id='word_1_306' title='bbox 513 3080 577 3132; x_wconf 91' lang='grc' dir='ltr'>του,</span> <span class='ocrx_word' id='word_1_307' title='bbox 592 3081 627 3119; x_wconf 79' lang='grc' dir='ltr'>τ·</span> <span class='ocrx_word' id='word_1_308' title='bbox 616 3057 791 3146; x_wconf 80' lang='grc' dir='ltr'>ρίγωνονρ</span> <span class='ocrx_word' id='word_1_309' title='bbox 759 3059 791 3144; x_wconf 80' lang='grc' dir='ltr'>ὁρ</span> <span class='ocrx_word' id='word_1_310' title='bbox 795 3053 841 3119; x_wconf 84' lang='lat'>60</span> <span class='ocrx_word' id='word_1_311' title='bbox 813 3054 941 3146; x_wconf 88' lang='grc' dir='ltr'>ογώνιον</span> <span class='ocrx_word' id='word_1_312' title='bbox 955 3059 990 3119; x_wconf 86' lang='grc' dir='ltr'>ἐκ</span> <span class='ocrx_word' id='word_1_313' title='bbox 1005 3058 1108 3143; x_wconf 84' lang='grc' dir='ltr'>ρἠτῶν</span> <span class='ocrx_word' id='word_1_314' title='bbox 1124 3051 1203 3117; x_wconf 84' lang='grc' dir='ltr'>ἄλλο</span> <span class='ocrx_word' id='word_1_315' title='bbox 1216 3057 1355 3141; x_wconf 84' lang='grc' dir='ltr'>πλευρῶν</span> <span class='ocrx_word' id='word_1_316' title='bbox 1373 3055 1429 3116; x_wconf 80' lang='grc' dir='ltr'>οὐκ</span> <span class='ocrx_word' id='word_1_317' title='bbox 1441 3055 1549 3135; x_wconf 79' lang='grc' dir='ltr'>ἔστιν),</span> <span class='ocrx_word' id='word_1_318' title='bbox 1563 3051 1687 3128; x_wconf 85' lang='grc' dir='ltr'>πάντως</span> 
     </span>
     <span class='ocr_line' id='line_1_25' title="bbox 141 3155 1687 3252; baseline -0.002 -24"><span class='ocrx_word' id='word_1_319' title='bbox 141 3187 198 3228; x_wconf 88' lang='grc' dir='ltr'>εισι</span> <span class='ocrx_word' id='word_1_320' title='bbox 215 3187 267 3226; x_wconf 89' lang='grc' dir='ltr'>και</span> <span class='ocrx_word' id='word_1_321' title='bbox 283 3189 314 3228; x_wconf 88' lang='grc' dir='ltr'>εν</span> <span class='ocrx_word' id='word_1_322' title='bbox 339 3174 402 3239; x_wconf 85' lang='grc' dir='ltr'>τοῖς</span> <span class='ocrx_word' id='word_1_323' title='bbox 419 3167 492 3227; x_wconf 81' lang='grc' dir='ltr'>λοιι</span> <span class='ocrx_word' id='word_1_324' title='bbox 495 3175 538 3240; x_wconf 76' lang='lat'>0·</span> <span class='ocrx_word' id='word_1_325' title='bbox 556 3188 640 3228; x_wconf 88' lang='grc' dir='ltr'>κατα</span> <span class='ocrx_word' id='word_1_326' title='bbox 660 3163 844 3252; x_wconf 89' lang='grc' dir='ltr'>τρλασιον</span> <span class='ocrx_word' id='word_1_327' title='bbox 861 3155 1197 3251; x_wconf 61' lang='grc' dir='ltr'>λογονηιέηυιενοι</span> <span class='ocrx_word' id='word_1_328' title='bbox 1202 3160 1344 3251; x_wconf 84' lang='grc' dir='ltr'>τοιγάρ</span> <span class='ocrx_word' id='word_1_329' title='bbox 1363 3161 1439 3250; x_wconf 88' lang='grc' dir='ltr'>μέρη</span> <span class='ocrx_word' id='word_1_330' title='bbox 1459 3173 1523 3236; x_wconf 88' lang='grc' dir='ltr'>τοῖς</span> <span class='ocrx_word' id='word_1_331' title='bbox 1541 3161 1687 3234; x_wconf 83' lang='grc' dir='ltr'>ὡσαύτως</span> 
     </span>
     <span class='ocr_line' id='line_1_26' title="bbox 87 3269 1688 3361; baseline -0.004 -25"><span class='ocrx_word' id='word_1_332' title='bbox 87 3309 149 3346; x_wconf 65' lang='lat'>23</span> <span class='ocrx_word' id='word_1_333' title='bbox 140 3273 399 3353; x_wconf 87' lang='grc' dir='ltr'>πολλαπλασίοις,</span> <span class='ocrx_word' id='word_1_334' title='bbox 423 3272 478 3335; x_wconf 82' lang='grc' dir='ltr'>τὸν</span> <span class='ocrx_word' id='word_1_335' title='bbox 502 3272 596 3337; x_wconf 82' lang='grc' dir='ltr'>αὐτον</span> <span class='ocrx_word' id='word_1_336' title='bbox 620 3272 753 3361; x_wconf 90' lang='grc' dir='ltr'>λόγον</span> <span class='ocrx_word' id='word_1_337' title='bbox 739 3293 814 3358; x_wconf 72' lang='grc' dir='ltr'>εχει.</span> <span class='ocrx_word' id='word_1_338' title='bbox 834 3271 925 3334; x_wconf 83' lang='grc' dir='ltr'>Καὶό</span> <span class='ocrx_word' id='word_1_339' title='bbox 911 3273 1071 3359; x_wconf 80' lang='grc' dir='ltr'>ροᾶςόπςο</span> <span class='ocrx_word' id='word_1_340' title='bbox 1092 3275 1166 3333; x_wconf 86' lang='grc' dir='ltr'>εἰσιν</span> <span class='ocrx_word' id='word_1_341' title='bbox 1192 3269 1246 3358; x_wconf 83' lang='grc' dir='ltr'>μὲν</span> <span class='ocrx_word' id='word_1_342' title='bbox 1273 3271 1433 3359; x_wconf 81' lang='grc' dir='ltr'>ἁρμονικοί</span> <span class='ocrx_word' id='word_1_343' title='bbox 1456 3270 1557 3358; x_wconf 79' lang='grc' dir='ltr'>λόγοι,</span> <span class='ocrx_word' id='word_1_344' title='bbox 1582 3269 1635 3332; x_wconf 85' lang='grc' dir='ltr'>καί</span> <span class='ocrx_word' id='word_1_345' title='bbox 1657 3274 1688 3334; x_wconf 86' lang='grc' dir='ltr'>ὲν</span> 
     </span>
     <span class='ocr_line' id='line_1_27' title="bbox 141 3375 1687 3506; baseline -0.001 -64"><span class='ocrx_word' id='word_1_346' title='bbox 141 3379 253 3462; x_wconf 78' lang='grc' dir='ltr'>τούτῳ,</span> <span class='ocrx_word' id='word_1_347' title='bbox 278 3377 452 3468; x_wconf 86' lang='grc' dir='ltr'>καθάπερ’</span> <span class='ocrx_word' id='word_1_348' title='bbox 443 3403 474 3443; x_wconf 94' lang='grc' dir='ltr'>εν</span> <span class='ocrx_word' id='word_1_349' title='bbox 498 3389 543 3461; x_wconf 83' lang='grc' dir='ltr'>τῷ</span> <span class='ocrx_word' id='word_1_350' title='bbox 567 3377 769 3506; x_wconf 75' lang='grc' dir='ltr'>ήμιτριγώνῳ</span> <span class='ocrx_word' id='word_1_351' title='bbox 793 3387 838 3460; x_wconf 89' lang='grc' dir='ltr'>τῷ</span> <span class='ocrx_word' id='word_1_352' title='bbox 855 3382 885 3442; x_wconf 85' lang='grc' dir='ltr'>ἐν</span> <span class='ocrx_word' id='word_1_353' title='bbox 911 3380 1045 3466; x_wconf 77' lang='grc' dir='ltr'>Τιμαίῳ.</span> <span class='ocrx_word' id='word_1_354' title='bbox 1062 3382 1151 3442; x_wconf 82' lang='grc' dir='ltr'>Ἀλλ’</span> <span class='ocrx_word' id='word_1_355' title='bbox 1169 3381 1236 3441; x_wconf 83' lang='grc' dir='ltr'>ἐκεῖ</span> <span class='ocrx_word' id='word_1_356' title='bbox 1250 3375 1304 3464; x_wconf 81' lang='grc' dir='ltr'>μὲν</span> <span class='ocrx_word' id='word_1_357' title='bbox 1321 3379 1404 3441; x_wconf 89' lang='grc' dir='ltr'>ἐστίν</span> <span class='ocrx_word' id='word_1_358' title='bbox 1421 3401 1453 3440; x_wconf 92' lang='grc' dir='ltr'>τι</span> <span class='ocrx_word' id='word_1_359' title='bbox 1477 3378 1530 3442; x_wconf 88' lang='grc' dir='ltr'>καὶ</span> <span class='ocrx_word' id='word_1_360' title='bbox 1553 3376 1687 3466; x_wconf 83' lang='grc' dir='ltr'>ἄρρητον</span> 
     </span>
     <span class='ocr_line' id='line_1_28' title="bbox 142 3479 1687 3576; baseline 0.002 -25"><span class='ocrx_word' id='word_1_361' title='bbox 142 3487 225 3552; x_wconf 83' lang='grc' dir='ltr'>κατά</span> <span class='ocrx_word' id='word_1_362' title='bbox 243 3486 287 3576; x_wconf 78' lang='grc' dir='ltr'>μὴ</span> <span class='ocrx_word' id='word_1_363' title='bbox 306 3488 376 3570; x_wconf 88' lang='lat' dir='ltr'>(fol.</span> <span class='ocrx_word' id='word_1_364' title='bbox 394 3489 496 3572; x_wconf 86' lang='grc'>50)..</span> <span class='ocrx_word' id='word_1_365' title='bbox 507 3486 646 3575; x_wconf 77' lang='grc' dir='ltr'>,σπέρμα</span> <span class='ocrx_word' id='word_1_366' title='bbox 654 3484 680 3570; x_wconf 96' lang='grc'>4)</span> <span class='ocrx_word' id='word_1_367' title='bbox 701 3485 854 3574; x_wconf 87' lang='grc' dir='ltr'>σωμάτων</span> <span class='ocrx_word' id='word_1_368' title='bbox 865 3537 870 3549; x_wconf 96' lang='grc'>.</span> <span class='ocrx_word' id='word_1_369' title='bbox 881 3535 905 3550; x_wconf 93' lang='grc'>..</span> <span class='ocrx_word' id='word_1_370' title='bbox 932 3485 1014 3575; x_wconf 73' lang='grc' dir='ltr'>ῥητά</span> <span class='ocrx_word' id='word_1_371' title='bbox 1030 3487 1098 3550; x_wconf 82' lang='grc' dir='ltr'>καὶ.</span> <span class='ocrx_word' id='word_1_372' title='bbox 1110 3537 1131 3549; x_wconf 91' lang='grc'>..</span> <span class='ocrx_word' id='word_1_373' title='bbox 1148 3479 1234 3562; x_wconf 78' lang='grc' dir='ltr'>ζωῶν</span> <span class='ocrx_word' id='word_1_374' title='bbox 1252 3487 1353 3574; x_wconf 88' lang='grc' dir='ltr'>όρικόν</span> <span class='ocrx_word' id='word_1_375' title='bbox 1371 3489 1439 3551; x_wconf 84' lang='grc' dir='ltr'>ἐστὶ</span> <span class='ocrx_word' id='word_1_376' title='bbox 1455 3487 1492 3551; x_wconf 83' lang='lat'>36</span> <span class='ocrx_word' id='word_1_377' title='bbox 1516 3489 1630 3576; x_wconf 87' lang='grc' dir='ltr'>τρίγων</span> <span class='ocrx_word' id='word_1_378' title='bbox 1642 3539 1649 3553; x_wconf 95' lang='grc'>.</span> <span class='ocrx_word' id='word_1_379' title='bbox 1662 3539 1687 3555; x_wconf 92' lang='grc'>..</span> 
     </span>
     <span class='ocr_line' id='line_1_29' title="bbox 142 3585 1688 3684; baseline -0.001 -23"><span class='ocrx_word' id='word_1_380' title='bbox 142 3601 253 3662; x_wconf 86' lang='grc' dir='ltr'>οἰκεῖον</span> <span class='ocrx_word' id='word_1_381' title='bbox 274 3595 328 3659; x_wconf 87' lang='grc' dir='ltr'>καί</span> <span class='ocrx_word' id='word_1_382' title='bbox 351 3597 388 3659; x_wconf 86' lang='grc' dir='ltr'>ὅτ</span> <span class='ocrx_word' id='word_1_383' title='bbox 391 3621 401 3659; x_wconf 94' lang='grc' dir='ltr'>ι</span> <span class='ocrx_word' id='word_1_384' title='bbox 423 3592 583 3669; x_wconf 90' lang='grc' dir='ltr'>πάντες..</span> <span class='ocrx_word' id='word_1_385' title='bbox 598 3587 858 3683; x_wconf 85' lang='grc' dir='ltr'>,διαλάμπουσιν</span> <span class='ocrx_word' id='word_1_386' title='bbox 876 3598 907 3658; x_wconf 85' lang='grc' dir='ltr'>έν</span> <span class='ocrx_word' id='word_1_387' title='bbox 924 3585 1005 3676; x_wconf 88' lang='grc' dir='ltr'>τῷδε</span> <span class='ocrx_word' id='word_1_388' title='bbox 1022 3602 1068 3676; x_wconf 88' lang='grc' dir='ltr'>τῷ</span> <span class='ocrx_word' id='word_1_389' title='bbox 1095 3617 1224 3668; x_wconf 86' lang='grc' dir='ltr'>...σιος</span> <span class='ocrx_word' id='word_1_390' title='bbox 1250 3595 1303 3657; x_wconf 85' lang='grc' dir='ltr'>καί</span> <span class='ocrx_word' id='word_1_391' title='bbox 1319 3593 1501 3684; x_wconf 88' lang='grc' dir='ltr'>τριπλάσιος</span> <span class='ocrx_word' id='word_1_392' title='bbox 1518 3599 1546 3658; x_wconf 82' lang='grc' dir='ltr'>οἱ</span> <span class='ocrx_word' id='word_1_393' title='bbox 1561 3592 1688 3668; x_wconf 88' lang='grc' dir='ltr'>τοὺς...</span> 
     </span>
    </p>
   </div>
   <div class='ocr_carea' id='block_1_3' title="bbox 142 3691 1689 3792">
    <p class='ocr_par' dir='ltr' id='par_1_3' title="bbox 142 3691 1689 3792">
     <span class='ocr_line' id='line_1_30' title="bbox 142 3691 1689 3792; baseline -0.002 -25"><span class='ocrx_word' id='word_1_394' title='bbox 142 3729 188 3779; x_wconf 91' lang='grc' dir='ltr'>τις</span> <span class='ocrx_word' id='word_1_395' title='bbox 213 3703 300 3792; x_wconf 86' lang='grc' dir='ltr'>όρους</span> <span class='ocrx_word' id='word_1_396' title='bbox 317 3713 375 3777; x_wconf 78' lang='grc' dir='ltr'>τῆς</span> <span class='ocrx_word' id='word_1_397' title='bbox 391 3698 577 3792; x_wconf 72' lang='grc' dir='ltr'>ψυχογονίας</span> <span class='ocrx_word' id='word_1_398' title='bbox 594 3701 667 3766; x_wconf 88' lang='grc' dir='ltr'>καί.</span> <span class='ocrx_word' id='word_1_399' title='bbox 684 3755 713 3770; x_wconf 90' lang='grc'>..</span> <span class='ocrx_word' id='word_1_400' title='bbox 738 3707 757 3774; x_wconf 86' lang='grc' dir='ltr'>ή</span> <span class='ocrx_word' id='word_1_401' title='bbox 776 3705 932 3792; x_wconf 83' lang='grc' dir='ltr'>ἐπίτριτος</span> <span class='ocrx_word' id='word_1_402' title='bbox 950 3703 1002 3766; x_wconf 88' lang='grc' dir='ltr'>καὶ</span> <span class='ocrx_word' id='word_1_403' title='bbox 1019 3705 1033 3764; x_wconf 87' lang='lat'>6</span> <span class='ocrx_word' id='word_1_404' title='bbox 1050 3691 1210 3792; x_wconf 80' lang='grc' dir='ltr'>ἐπόγδοος,</span> <span class='ocrx_word' id='word_1_405' title='bbox 1228 3697 1270 3777; x_wconf 78' lang='grc' dir='ltr'>οἷς</span> <span class='ocrx_word' id='word_1_406' title='bbox 1295 3702 1417 3778; x_wconf 84' lang='grc' dir='ltr'>τάς...</span> <span class='ocrx_word' id='word_1_407' title='bbox 1443 3703 1495 3766; x_wconf 85' lang='grc' dir='ltr'>καί</span> <span class='ocrx_word' id='word_1_408' title='bbox 1519 3700 1689 3791; x_wconf 87' lang='grc' dir='ltr'>τριπλάσια</span> 
     </span>
    </p>
   </div>
   <div class='ocr_carea' id='block_1_4' title="bbox 88 3802 1690 4335">
    <p class='ocr_par' dir='ltr' id='par_1_4' title="bbox 88 3802 1690 4335">
     <span class='ocr_line' id='line_1_31' title="bbox 88 3802 1689 3902; baseline -0.003 -25"><span class='ocrx_word' id='word_1_409' title='bbox 88 3845 114 3882; x_wconf 79' lang='grc' dir='ltr'>ιι</span> <span class='ocrx_word' id='word_1_410' title='bbox 142 3813 314 3900; x_wconf 82' lang='grc' dir='ltr'>κατέτεμεν</span> <span class='ocrx_word' id='word_1_411' title='bbox 329 3802 434 3882; x_wconf 89' lang='grc' dir='ltr'>διεστή</span> <span class='ocrx_word' id='word_1_412' title='bbox 443 3813 557 3896; x_wconf 83' lang='grc' dir='ltr'>[σατο],</span> <span class='ocrx_word' id='word_1_413' title='bbox 571 3813 652 3886; x_wconf 84' lang='grc' dir='ltr'>ὅπως</span> <span class='ocrx_word' id='word_1_414' title='bbox 666 3811 719 3874; x_wconf 87' lang='grc' dir='ltr'>καί</span> <span class='ocrx_word' id='word_1_415' title='bbox 732 3821 826 3875; x_wconf 86' lang='grc' dir='ltr'>τοῦτο</span> <span class='ocrx_word' id='word_1_416' title='bbox 839 3813 999 3902; x_wconf 90' lang='grc' dir='ltr'>τρίγωνον,</span> <span class='ocrx_word' id='word_1_417' title='bbox 1013 3812 1256 3900; x_wconf 78' lang='grc' dir='ltr'>ἡμιτρίγωνον...</span> <span class='ocrx_word' id='word_1_418' title='bbox 1270 3809 1354 3874; x_wconf 85' lang='grc' dir='ltr'>άλλά</span> <span class='ocrx_word' id='word_1_419' title='bbox 1367 3809 1518 3902; x_wconf 87' lang='grc' dir='ltr'>τριγώνου</span> <span class='ocrx_word' id='word_1_420' title='bbox 1531 3808 1550 3880; x_wconf 84' lang='lat'>6</span> <span class='ocrx_word' id='word_1_421' title='bbox 1565 3809 1689 3884; x_wconf 88' lang='grc' dir='ltr'>πάντως</span> 
     </span>
     <span class='ocr_line' id='line_1_32' title="bbox 144 3921 376 3995; baseline 0.013 -12"><span class='ocrx_word' id='word_1_422' title='bbox 144 3921 310 3995; x_wconf 88' lang='grc' dir='ltr'>ίσοσκέλοις</span> <span class='ocrx_word' id='word_1_423' title='bbox 325 3973 332 3986; x_wconf 93' lang='grc'>.</span> <span class='ocrx_word' id='word_1_424' title='bbox 347 3971 354 3986; x_wconf 92' lang='grc'>.</span> <span class='ocrx_word' id='word_1_425' title='bbox 370 3973 376 3986; x_wconf 94' lang='grc'>.</span> 
     </span>
     <span class='ocr_line' id='line_1_33' title="bbox 141 4017 1689 4117; baseline -0.004 -25"><span class='ocrx_word' id='word_1_426' title='bbox 141 4030 261 4092; x_wconf 85' lang='grc' dir='ltr'>πλασία</span> <span class='ocrx_word' id='word_1_427' title='bbox 274 4078 281 4091; x_wconf 91' lang='grc'>.</span> <span class='ocrx_word' id='word_1_428' title='bbox 295 4077 323 4091; x_wconf 90' lang='grc'>..</span> <span class='ocrx_word' id='word_1_429' title='bbox 348 4026 514 4102; x_wconf 85' lang='grc' dir='ltr'>ἐλάσσονος</span> <span class='ocrx_word' id='word_1_430' title='bbox 538 4019 743 4103; x_wconf 72' lang='grc' dir='ltr'>ἐκθληθείσης</span> <span class='ocrx_word' id='word_1_431' title='bbox 759 4027 917 4117; x_wconf 82' lang='grc' dir='ltr'>ἑκατέρας·</span> <span class='ocrx_word' id='word_1_432' title='bbox 936 4027 990 4091; x_wconf 87' lang='grc' dir='ltr'>καί</span> <span class='ocrx_word' id='word_1_433' title='bbox 1006 4081 1012 4094; x_wconf 92' lang='grc'>.</span> <span class='ocrx_word' id='word_1_434' title='bbox 1029 4080 1057 4095; x_wconf 92' lang='grc'>..</span> <span class='ocrx_word' id='word_1_435' title='bbox 1081 4031 1197 4102; x_wconf 80' lang='grc' dir='ltr'>ἑαυτῆς</span> <span class='ocrx_word' id='word_1_436' title='bbox 1221 4025 1371 4102; x_wconf 88' lang='grc' dir='ltr'>τεθείσης·</span> <span class='ocrx_word' id='word_1_437' title='bbox 1396 4028 1541 4090; x_wconf 88' lang='grc' dir='ltr'>λείπεται</span> <span class='ocrx_word' id='word_1_438' title='bbox 1565 4017 1603 4094; x_wconf 85' lang='grc' dir='ltr'>δή</span> <span class='ocrx_word' id='word_1_439' title='bbox 1627 4019 1689 4104; x_wconf 78' lang='grc' dir='ltr'>οὖν,</span> 
     </span>
     <span class='ocr_line' id='line_1_34' title="bbox 142 4128 1690 4226; baseline -0.005 -26"><span class='ocrx_word' id='word_1_440' title='bbox 142 4137 196 4201; x_wconf 84' lang='grc' dir='ltr'>καὶ</span> <span class='ocrx_word' id='word_1_441' title='bbox 211 4137 281 4200; x_wconf 84' lang='grc' dir='ltr'>ὅσον</span> <span class='ocrx_word' id='word_1_442' title='bbox 293 4189 299 4204; x_wconf 93' lang='grc'>.</span> <span class='ocrx_word' id='word_1_443' title='bbox 311 4189 337 4203; x_wconf 96' lang='grc'>..</span> <span class='ocrx_word' id='word_1_444' title='bbox 353 4140 383 4200; x_wconf 87' lang='grc' dir='ltr'>ἐν</span> <span class='ocrx_word' id='word_1_445' title='bbox 401 4139 486 4217; x_wconf 83' lang='grc' dir='ltr'>αὐτῷ</span> <span class='ocrx_word' id='word_1_446' title='bbox 502 4137 575 4225; x_wconf 80' lang='grc' dir='ltr'>πρὸς</span> <span class='ocrx_word' id='word_1_447' title='bbox 590 4135 631 4200; x_wconf 76' lang='grc' dir='ltr'>τά</span> <span class='ocrx_word' id='word_1_448' title='bbox 643 4135 768 4226; x_wconf 81' lang='grc' dir='ltr'>οὐράνια</span> <span class='ocrx_word' id='word_1_449' title='bbox 782 4139 881 4226; x_wconf 79' lang='grc' dir='ltr'>φέρον,</span> <span class='ocrx_word' id='word_1_450' title='bbox 897 4128 968 4202; x_wconf 83' lang='grc' dir='ltr'>ἰδεῖν</span> <span class='ocrx_word' id='word_1_451' title='bbox 982 4133 1016 4202; x_wconf 84' lang='lat'>06</span> <span class='ocrx_word' id='word_1_452' title='bbox 1029 4135 1114 4208; x_wconf 86' lang='grc' dir='ltr'>καίή</span> <span class='ocrx_word' id='word_1_453' title='bbox 1135 4133 1190 4223; x_wconf 87' lang='grc' dir='ltr'>μὲν</span> <span class='ocrx_word' id='word_1_454' title='bbox 1206 4133 1332 4223; x_wconf 84' lang='grc' dir='ltr'>πεμπάς</span> <span class='ocrx_word' id='word_1_455' title='bbox 1344 4135 1381 4222; x_wconf 82' lang='lat'>⁶),</span> <span class='ocrx_word' id='word_1_456' title='bbox 1398 4135 1428 4198; x_wconf 86' lang='grc' dir='ltr'>ἔν</span> <span class='ocrx_word' id='word_1_457' title='bbox 1447 4157 1483 4199; x_wconf 90' lang='grc' dir='ltr'>τε</span> <span class='ocrx_word' id='word_1_458' title='bbox 1496 4145 1538 4218; x_wconf 80' lang='grc' dir='ltr'>τῇ</span> <span class='ocrx_word' id='word_1_459' title='bbox 1552 4136 1690 4215; x_wconf 77' lang='grc' dir='ltr'>άπλανῇ,</span> 
     </span>
     <span class='ocr_line' id='line_1_35' title="bbox 142 4235 1690 4335; baseline -0.006 -26"><span class='ocrx_word' id='word_1_460' title='bbox 142 4243 213 4320; x_wconf 84' lang='grc' dir='ltr'>τοὺς</span> <span class='ocrx_word' id='word_1_461' title='bbox 236 4243 329 4309; x_wconf 86' lang='grc' dir='ltr'>πέντε</span> <span class='ocrx_word' id='word_1_462' title='bbox 345 4243 476 4320; x_wconf 81' lang='grc' dir='ltr'>κύκλους</span> <span class='ocrx_word' id='word_1_463' title='bbox 494 4235 693 4322; x_wconf 88' lang='grc' dir='ltr'>διεστήσατο,</span> <span class='ocrx_word' id='word_1_464' title='bbox 715 4247 769 4309; x_wconf 78' lang='grc' dir='ltr'>τὸν</span> <span class='ocrx_word' id='word_1_465' title='bbox 787 4245 945 4335; x_wconf 76' lang='grc' dir='ltr'>ἀρκτικὸν,</span> <span class='ocrx_word' id='word_1_466' title='bbox 962 4245 1016 4309; x_wconf 85' lang='grc' dir='ltr'>καὶ</span> <span class='ocrx_word' id='word_1_467' title='bbox 1033 4244 1251 4333; x_wconf 78' lang='grc' dir='ltr'>άνταρκτικδν,</span> <span class='ocrx_word' id='word_1_468' title='bbox 1268 4245 1323 4307; x_wconf 78' lang='grc' dir='ltr'>τὸν</span> <span class='ocrx_word' id='word_1_469' title='bbox 1340 4243 1514 4332; x_wconf 76' lang='grc' dir='ltr'>χειμερινὸν</span> <span class='ocrx_word' id='word_1_470' title='bbox 1531 4241 1690 4331; x_wconf 77' lang='grc' dir='ltr'>τροπικὸν,</span> 
     </span>
    </p>
   </div>
   <div class='ocr_carea' id='block_1_5' title="bbox 402 3907 1691 4008">
    <p class='ocr_par' dir='ltr' id='par_1_5' title="bbox 402 3907 1691 4008">
     <span class='ocr_line' id='line_1_36' title="bbox 402 3907 1691 4008; baseline -0.002 -26"><span class='ocrx_word' id='word_1_471' title='bbox 402 3910 552 3982; x_wconf 90' lang='grc' dir='ltr'>διπλασία</span> <span class='ocrx_word' id='word_1_472' title='bbox 575 3929 630 3994; x_wconf 78' lang='grc' dir='ltr'>τῆς</span> <span class='ocrx_word' id='word_1_473' title='bbox 649 3913 786 4006; x_wconf 78' lang='grc' dir='ltr'>μείζονος</span> <span class='ocrx_word' id='word_1_474' title='bbox 803 3929 864 3982; x_wconf 92' lang='grc' dir='ltr'>τῶν</span> <span class='ocrx_word' id='word_1_475' title='bbox 882 3921 950 4008; x_wconf 86' lang='grc' dir='ltr'>περὶ</span> <span class='ocrx_word' id='word_1_476' title='bbox 967 3921 1026 3990; x_wconf 79' lang='grc' dir='ltr'>τὴν</span> <span class='ocrx_word' id='word_1_477' title='bbox 1042 3972 1049 3986; x_wconf 89' lang='grc'>.</span> <span class='ocrx_word' id='word_1_478' title='bbox 1065 3971 1071 3985; x_wconf 93' lang='grc'>.</span> <span class='ocrx_word' id='word_1_479' title='bbox 1087 3971 1094 3985; x_wconf 92' lang='grc'>.</span> <span class='ocrx_word' id='word_1_480' title='bbox 1111 3921 1230 4008; x_wconf 88' lang='grc' dir='ltr'>γίνοιτο</span> <span class='ocrx_word' id='word_1_481' title='bbox 1249 3918 1336 4002; x_wconf 83' lang='grc' dir='ltr'>βάσις</span> <span class='ocrx_word' id='word_1_482' title='bbox 1362 3921 1489 3994; x_wconf 83' lang='grc' dir='ltr'>ἐκείνου,</span> <span class='ocrx_word' id='word_1_483' title='bbox 1514 3919 1576 3982; x_wconf 86' lang='grc' dir='ltr'>εἴτε</span> <span class='ocrx_word' id='word_1_484' title='bbox 1599 3922 1618 3990; x_wconf 87' lang='lat'>6</span> <span class='ocrx_word' id='word_1_485' title='bbox 1646 3907 1691 3980; x_wconf 91' lang='grc' dir='ltr'>δι-</span> 
     </span>
    </p>
   </div>
   <div class='ocr_carea' id='block_1_6' title="bbox 90 4338 1690 4442">
    <p class='ocr_par' dir='ltr' id='par_1_6' title="bbox 90 4338 1690 4442">
     <span class='ocr_line' id='line_1_37' title="bbox 90 4338 1690 4442; baseline -0.003 -28"><span class='ocrx_word' id='word_1_486' title='bbox 90 4383 116 4421; x_wconf 69' lang='lat'>25</span> <span class='ocrx_word' id='word_1_487' title='bbox 143 4352 196 4414; x_wconf 88' lang='grc' dir='ltr'>καί</span> <span class='ocrx_word' id='word_1_488' title='bbox 218 4350 343 4442; x_wconf 79' lang='grc' dir='ltr'>θερινὸν,</span> <span class='ocrx_word' id='word_1_489' title='bbox 366 4351 422 4416; x_wconf 77' lang='grc' dir='ltr'>τόν</span> <span class='ocrx_word' id='word_1_490' title='bbox 447 4353 539 4440; x_wconf 90' lang='grc' dir='ltr'>μέσον</span> <span class='ocrx_word' id='word_1_491' title='bbox 565 4351 684 4416; x_wconf 79' lang='grc' dir='ltr'>τούτων</span> <span class='ocrx_word' id='word_1_492' title='bbox 711 4351 897 4442; x_wconf 84' lang='grc' dir='ltr'>ἰσημερινόν·</span> <span class='ocrx_word' id='word_1_493' title='bbox 923 4353 978 4416; x_wconf 83' lang='grc' dir='ltr'>καί</span> <span class='ocrx_word' id='word_1_494' title='bbox 994 4359 1024 4418; x_wconf 80' lang='grc' dir='ltr'>ἐν</span> <span class='ocrx_word' id='word_1_495' title='bbox 1042 4363 1108 4429; x_wconf 90' lang='grc' dir='ltr'>τοῖς</span> <span class='ocrx_word' id='word_1_496' title='bbox 1127 4352 1351 4441; x_wconf 86' lang='grc' dir='ltr'>πλανωμένοις,</span> <span class='ocrx_word' id='word_1_497' title='bbox 1367 4349 1438 4426; x_wconf 87' lang='grc' dir='ltr'>τοὺς</span> <span class='ocrx_word' id='word_1_498' title='bbox 1462 4349 1555 4415; x_wconf 88' lang='grc' dir='ltr'>πέντε</span> <span class='ocrx_word' id='word_1_499' title='bbox 1580 4338 1690 4412; x_wconf 82' lang='grc' dir='ltr'>διεῖλεν</span> 
     </span>
    </p>
   </div>
   <div class='ocr_carea' id='block_1_7' title="bbox 143 4705 891 5226">
    <p class='ocr_par' dir='ltr' id='par_1_7' title="bbox 143 4705 891 5050">
     <span class='ocr_line' id='line_1_38' title="bbox 183 4705 888 4784; baseline 0.003 -18"><span class='ocrx_word' id='word_1_500' title='bbox 183 4706 205 4782; x_wconf 88' lang='lat'>¹)</span> <span class='ocrx_word' id='word_1_501' title='bbox 216 4705 285 4766; x_wconf 80' lang='lat'>000.</span> <span class='ocrx_word' id='word_1_502' title='bbox 296 4705 345 4766; x_wconf 85' lang='lat' dir='ltr'>fol.</span> <span class='ocrx_word' id='word_1_503' title='bbox 359 4711 394 4767; x_wconf 87' lang='grc'>49</span> <span class='ocrx_word' id='word_1_504' title='bbox 406 4707 459 4780; x_wconf 78' lang='lat' dir='ltr'>bis,</span> <span class='ocrx_word' id='word_1_505' title='bbox 472 4717 541 4782; x_wconf 78' lang='lat' dir='ltr'>post</span> <span class='ocrx_word' id='word_1_506' title='bbox 554 4709 571 4765; x_wconf 87' lang='grc'>4</span> <span class='ocrx_word' id='word_1_507' title='bbox 585 4727 691 4768; x_wconf 79' lang='lat' dir='ltr'>versus</span> <span class='ocrx_word' id='word_1_508' title='bbox 705 4707 888 4784; x_wconf 66' lang='lat' dir='ltr'>oblimatos,</span> 
     </span>
     <span class='ocr_line' id='line_1_39' title="bbox 146 4798 891 4874; baseline 0.007 -20"><span class='ocrx_word' id='word_1_509' title='bbox 146 4798 297 4855; x_wconf 72' lang='lat' dir='ltr'>schemata</span> <span class='ocrx_word' id='word_1_510' title='bbox 315 4799 444 4872; x_wconf 83' lang='lat' dir='ltr'>quinque</span> <span class='ocrx_word' id='word_1_511' title='bbox 464 4801 634 4872; x_wconf 81' lang='lat' dir='ltr'><strong>succedunt,</strong></span> <span class='ocrx_word' id='word_1_512' title='bbox 654 4801 771 4874; x_wconf 75' lang='lat' dir='ltr'>quibus,</span> <span class='ocrx_word' id='word_1_513' title='bbox 793 4803 822 4858; x_wconf 93' lang='lat' dir='ltr'>in</span> <span class='ocrx_word' id='word_1_514' title='bbox 846 4803 891 4860; x_wconf 84' lang='lat' dir='ltr'>fo·</span> 
     </span>
     <span class='ocr_line' id='line_1_40' title="bbox 145 4884 890 4960; baseline 0.012 -20"><span class='ocrx_word' id='word_1_515' title='bbox 145 4884 216 4943; x_wconf 89' lang='lat' dir='ltr'>liolo</span> <span class='ocrx_word' id='word_1_516' title='bbox 234 4887 356 4958; x_wconf 77' lang='lat' dir='ltr'>volatili,</span> <span class='ocrx_word' id='word_1_517' title='bbox 379 4889 417 4944; x_wconf 90' lang='lat' dir='ltr'>H.</span> <span class='ocrx_word' id='word_1_518' title='bbox 436 4889 558 4960; x_wconf 73' lang='lat' dir='ltr'>subjicit</span> <span class='ocrx_word' id='word_1_519' title='bbox 583 4889 718 4946; x_wconf 83' lang='lat' dir='ltr'>titulum:</span> <span class='ocrx_word' id='word_1_520' title='bbox 737 4893 890 4949; x_wconf 74' lang='lat' dir='ltr'><strong><em>Numerus</em></strong></span> 
     </span>
     <span class='ocr_line' id='line_1_41' title="bbox 143 4979 849 5050; baseline 0.003 -19"><span class='ocrx_word' id='word_1_521' title='bbox 143 4979 335 5048; x_wconf 77' lang='grc' dir='ltr'>ροοιηοῖνῖοιιε</span> <span class='ocrx_word' id='word_1_522' title='bbox 353 4979 453 5034; x_wconf 85' lang='lat' dir='ltr'>Procli</span> <span class='ocrx_word' id='word_1_523' title='bbox 472 4981 513 5034; x_wconf 83' lang='lat' dir='ltr'>ad</span> <span class='ocrx_word' id='word_1_524' title='bbox 530 4993 587 5034; x_wconf 81' lang='lat' dir='ltr'>vm</span> <span class='ocrx_word' id='word_1_525' title='bbox 605 4981 687 5050; x_wconf 82' lang='lat' dir='ltr'>Reip.</span> <span class='ocrx_word' id='word_1_526' title='bbox 707 4982 849 5036; x_wconf 80' lang='lat' dir='ltr'><em>Platonis.</em></span> 
     </span>
    </p>

    <p class='ocr_par' dir='ltr' id='par_1_8' title="bbox 146 5065 890 5226">
     <span class='ocr_line' id='line_1_42' title="bbox 182 5065 890 5138; baseline 0.003 -18"><span class='ocrx_word' id='word_1_527' title='bbox 182 5066 205 5138; x_wconf 82' lang='lat'>²)</span> <span class='ocrx_word' id='word_1_528' title='bbox 224 5067 259 5121; x_wconf 90' lang='lat' dir='ltr'>In</span> <span class='ocrx_word' id='word_1_529' title='bbox 278 5065 412 5138; x_wconf 78' lang='lat' dir='ltr'><strong>margine</strong></span> <span class='ocrx_word' id='word_1_530' title='bbox 437 5074 558 5122; x_wconf 76' lang='lat' dir='ltr'>notatur</span> <span class='ocrx_word' id='word_1_531' title='bbox 582 5073 635 5123; x_wconf 72' lang='lat' dir='ltr'>aut</span> <span class='ocrx_word' id='word_1_532' title='bbox 660 5067 795 5124; x_wconf 74' lang='lat' dir='ltr'>additur:</span> <span class='ocrx_word' id='word_1_533' title='bbox 815 5073 890 5122; x_wconf 68' lang='grc' dir='ltr'>Κατὰ</span> 
     </span>
     <span class='ocr_line' id='line_1_43' title="bbox 146 5155 855 5226; baseline 0.006 -19"><span class='ocrx_word' id='word_1_534' title='bbox 146 5155 855 5226; x_wconf 47' lang='grc' dir='ltr'>ώΗθΜψαΜαψώῶωωώωωω</span> 
     </span>
    </p>
   </div>
   <div class='ocr_carea' id='block_1_8' title="bbox 145 5236 890 5409">
    <p class='ocr_par' dir='ltr' id='par_1_9' title="bbox 145 5236 890 5400">
     <span class='ocr_line' id='line_1_44' title="bbox 182 5236 890 5330; baseline 0.001 -30"><span class='ocrx_word' id='word_1_535' title='bbox 182 5244 206 5317; x_wconf 79' lang='lat'>³)</span> <span class='ocrx_word' id='word_1_536' title='bbox 224 5245 262 5300; x_wconf 89' lang='lat' dir='ltr'>In</span> <span class='ocrx_word' id='word_1_537' title='bbox 279 5245 429 5316; x_wconf 81' lang='lat' dir='ltr'><strong>margine:</strong></span> <span class='ocrx_word' id='word_1_538' title='bbox 450 5249 510 5330; x_wconf 58' lang='lat' dir='ltr'><em>tlfpt</em></span> <span class='ocrx_word' id='word_1_539' title='bbox 528 5255 571 5300; x_wconf 79' lang='grc' dir='ltr'>καῖ</span> <span class='ocrx_word' id='word_1_540' title='bbox 583 5236 617 5299; x_wconf 80' lang='lat'>10&#39;</span> <span class='ocrx_word' id='word_1_541' title='bbox 629 5255 672 5300; x_wconf 76' lang='grc' dir='ltr'>καὶ</span> <span class='ocrx_word' id='word_1_542' title='bbox 686 5237 731 5300; x_wconf 75' lang='lat' dir='ltr'>kt.</span> <span class='ocrx_word' id='word_1_543' title='bbox 740 5257 782 5303; x_wconf 79' lang='grc' dir='ltr'>καὶ</span> <span class='ocrx_word' id='word_1_544' title='bbox 796 5255 838 5301; x_wconf 85' lang='grc' dir='ltr'>ΛΣ</span> <span class='ocrx_word' id='word_1_545' title='bbox 856 5248 890 5308; x_wconf 79' lang='grc' dir='ltr'>οἷς</span> 
     </span>
     <span class='ocr_line' id='line_1_45' title="bbox 145 5335 860 5409; baseline 0.003 -21"><span class='ocrx_word' id='word_1_546' title='bbox 145 5335 860 5409; x_wconf 50' lang='grc' dir='ltr'>ῴάωόΜηιΔὼωωωΜω</span> 
     </span>
    </p>
   </div>
   <div class='ocr_carea' id='block_1_9' title="bbox 941 4703 1693 5395">
    <p class='ocr_par' dir='ltr' id='par_1_10' title="bbox 942 4703 1693 5038">
     <span class='ocr_line' id='line_1_46' title="bbox 977 4703 1693 4788; baseline -0.011 -19"><span class='ocrx_word' id='word_1_547' title='bbox 977 4711 1000 4788; x_wconf 85' lang='lat'>⁴)</span> <span class='ocrx_word' id='word_1_548' title='bbox 1018 4709 1054 4769; x_wconf 90' lang='lat' dir='ltr'>In</span> <span class='ocrx_word' id='word_1_549' title='bbox 1073 4711 1093 4770; x_wconf 86' lang='lat' dir='ltr'>f.</span> <span class='ocrx_word' id='word_1_550' title='bbox 1113 4711 1156 4782; x_wconf 79' lang='lat'>50,</span> <span class='ocrx_word' id='word_1_551' title='bbox 1175 4717 1294 4784; x_wconf 73' lang='lat' dir='ltr'>praeter</span> <span class='ocrx_word' id='word_1_552' title='bbox 1317 4705 1423 4766; x_wconf 70' lang='lat' dir='ltr'>solitas</span> <span class='ocrx_word' id='word_1_553' title='bbox 1444 4703 1578 4778; x_wconf 79' lang='grc' dir='ltr'>Ῑοοαιιεε,</span> <span class='ocrx_word' id='word_1_554' title='bbox 1599 4703 1693 4762; x_wconf 74' lang='lat' dir='ltr'>disso-</span> 
     </span>
     <span class='ocr_line' id='line_1_47' title="bbox 942 4796 1690 4872; baseline -0.012 -14"><span class='ocrx_word' id='word_1_555' title='bbox 942 4808 1027 4858; x_wconf 75' lang='lat' dir='ltr'><em>catur</em></span> <span class='ocrx_word' id='word_1_556' title='bbox 1046 4801 1225 4872; x_wconf 79' lang='lat' dir='ltr'><strong>membrana,</strong></span> <span class='ocrx_word' id='word_1_557' title='bbox 1244 4805 1279 4855; x_wconf 73' lang='lat' dir='ltr'>ub</span> <span class='ocrx_word' id='word_1_558' title='bbox 1297 4817 1388 4871; x_wconf 73' lang='lat' dir='ltr'><strong>supra</strong></span> <span class='ocrx_word' id='word_1_559' title='bbox 1408 4805 1438 4854; x_wconf 81' lang='lat' dir='ltr'>et</span> <span class='ocrx_word' id='word_1_560' title='bbox 1456 4797 1544 4868; x_wconf 74' lang='lat' dir='ltr'>infra,</span> <span class='ocrx_word' id='word_1_561' title='bbox 1557 4797 1589 4851; x_wconf 91' lang='lat' dir='ltr'>in</span> <span class='ocrx_word' id='word_1_562' title='bbox 1607 4796 1690 4850; x_wconf 71' lang='lat' dir='ltr'>vola·</span> 
     </span>
     <span class='ocr_line' id='line_1_48' title="bbox 942 4885 1691 4964; baseline -0.011 -17"><span class='ocrx_word' id='word_1_563' title='bbox 942 4891 1020 4948; x_wconf 79' lang='lat' dir='ltr'>tinas</span> <span class='ocrx_word' id='word_1_564' title='bbox 1048 4891 1195 4964; x_wconf 81' lang='lat' dir='ltr'><strong>plagulas,</strong></span> <span class='ocrx_word' id='word_1_565' title='bbox 1215 4890 1337 4945; x_wconf 68' lang='lat' dir='ltr'>chartae</span> <span class='ocrx_word' id='word_1_566' title='bbox 1356 4887 1505 4959; x_wconf 77' lang='lat' dir='ltr'>vegetatis</span> <span class='ocrx_word' id='word_1_567' title='bbox 1532 4885 1691 4959; x_wconf 78' lang='lat' dir='ltr'>pellioulae</span> 
     </span>
     <span class='ocr_line' id='line_1_49' title="bbox 942 4981 1053 5038; baseline -0.018 0"><span class='ocrx_word' id='word_1_568' title='bbox 942 4981 1053 5038; x_wconf 76' lang='lat' dir='ltr'>uilitas.</span> 
     </span>
    </p>

    <p class='ocr_par' dir='ltr' id='par_1_11' title="bbox 941 5059 1693 5395">
     <span class='ocr_line' id='line_1_50' title="bbox 978 5059 1693 5144; baseline -0.014 -17"><span class='ocrx_word' id='word_1_569' title='bbox 978 5071 1002 5144; x_wconf 84' lang='lat'>⁵)</span> <span class='ocrx_word' id='word_1_570' title='bbox 1020 5067 1108 5126; x_wconf 80' lang='lat' dir='ltr'><strong>Hune</strong></span> <span class='ocrx_word' id='word_1_571' title='bbox 1126 5070 1240 5124; x_wconf 81' lang='lat' dir='ltr'>locum:</span> <span class='ocrx_word' id='word_1_572' title='bbox 1260 5071 1331 5138; x_wconf 72' lang='grc' dir='ltr'>ἧμιν</span> <span class='ocrx_word' id='word_1_573' title='bbox 1351 5073 1453 5137; x_wconf 73' lang='grc' dir='ltr'>πεμπὰς</span> <span class='ocrx_word' id='word_1_574' title='bbox 1472 5081 1567 5138; x_wconf 83' lang='lat' dir='ltr'><strong>usque</strong></span> <span class='ocrx_word' id='word_1_575' title='bbox 1587 5059 1626 5119; x_wconf 74' lang='lat' dir='ltr'>ad</span> <span class='ocrx_word' id='word_1_576' title='bbox 1645 5081 1693 5134; x_wconf 80' lang='lat' dir='ltr'>pa·</span> 
     </span>
     <span class='ocr_line' id='line_1_51' title="bbox 942 5153 1693 5233; baseline -0.013 -16"><span class='ocrx_word' id='word_1_577' title='bbox 942 5161 1030 5233; x_wconf 83' lang='lat' dir='ltr'>ginae</span> <span class='ocrx_word' id='word_1_578' title='bbox 1041 5160 1155 5216; x_wconf 80' lang='lat' dir='ltr'>exitum</span> <span class='ocrx_word' id='word_1_579' title='bbox 1167 5157 1181 5206; x_wconf 69' lang='grc' dir='ltr'>λ</span> <span class='ocrx_word' id='word_1_580' title='bbox 1198 5166 1264 5211; x_wconf 73' lang='grc' dir='ltr'>κατὰ</span> <span class='ocrx_word' id='word_1_581' title='bbox 1280 5159 1361 5224; x_wconf 72' lang='grc' dir='ltr'>βάθος,</span> <span class='ocrx_word' id='word_1_582' title='bbox 1376 5155 1536 5226; x_wconf 80' lang='lat' dir='ltr'>descripsit</span> <span class='ocrx_word' id='word_1_583' title='bbox 1549 5153 1647 5210; x_wconf 79' lang='lat' dir='ltr'>Maius</span> <span class='ocrx_word' id='word_1_584' title='bbox 1661 5157 1693 5208; x_wconf 83' lang='lat' dir='ltr'>et</span> 
     </span>
     <span class='ocr_line' id='line_1_52' title="bbox 942 5242 1691 5319; baseline -0.008 -15"><span class='ocrx_word' id='word_1_585' title='bbox 942 5249 1035 5304; x_wconf 77' lang='lat' dir='ltr'>edidit</span> <span class='ocrx_word' id='word_1_586' title='bbox 1053 5248 1084 5304; x_wconf 90' lang='lat' dir='ltr'>in</span> <span class='ocrx_word' id='word_1_587' title='bbox 1103 5249 1239 5319; x_wconf 79' lang='lat' dir='ltr'>Reipubt.</span> <span class='ocrx_word' id='word_1_588' title='bbox 1260 5245 1352 5304; x_wconf 73' lang='lat' dir='ltr'>Otass.</span> <span class='ocrx_word' id='word_1_589' title='bbox 1374 5261 1386 5301; x_wconf 88' lang='lat'>1</span> <span class='ocrx_word' id='word_1_590' title='bbox 1405 5263 1433 5317; x_wconf 89' lang='lat' dir='ltr'>p.</span> <span class='ocrx_word' id='word_1_591' title='bbox 1451 5244 1506 5300; x_wconf 76' lang='lat'>358</span> <span class='ocrx_word' id='word_1_592' title='bbox 1524 5249 1586 5300; x_wconf 85' lang='lat' dir='ltr'>not.</span> <span class='ocrx_word' id='word_1_593' title='bbox 1607 5245 1631 5316; x_wconf 83' lang='lat'>1,</span> <span class='ocrx_word' id='word_1_594' title='bbox 1653 5242 1691 5298; x_wconf 78' lang='lat' dir='ltr'>al.</span> 
     </span>
     <span class='ocr_line' id='line_1_53' title="bbox 941 5338 1123 5395; baseline 0.005 -2"><span class='ocrx_word' id='word_1_595' title='bbox 941 5339 996 5394; x_wconf 79' lang='lat'>224</span> <span class='ocrx_word' id='word_1_596' title='bbox 1015 5343 1077 5395; x_wconf 83' lang='lat' dir='ltr'>not.</span> <span class='ocrx_word' id='word_1_597' title='bbox 1098 5338 1123 5394; x_wconf 88' lang='lat'>1.</span> 
     </span>
    </p>
   </div>
   <div class='ocr_carea' id='block_1_10' title="bbox 0 0 1987 6068">
    <p class='ocr_par' dir='ltr' id='par_1_12' title="bbox 0 0 1987 6068">
     <span class='ocr_line' id='line_1_54' title="bbox 0 0 1987 6068; baseline 0 0"><span class='ocrx_word' id='word_1_598' title='bbox 0 0 1987 6068; x_wconf 95' lang='lat' dir='ltr'> </span> 
     </span>
    </p>
   </div>
  </div>
 </body>
</html>
