3940 6072
796 551 897 625 Vetus
916 550 1096 643 interpres.
1663 563 1717 620 ene

170 725 266 783 minas
279 725 434 783 traductos
447 723 606 782 anaturali
619 723 682 781 vita
695 723 732 781 ad
745 723 915 795 militarem,
971 729 1037 780 tum
1060 741 1126 781 esse
1153 724 1235 794 duco,
1256 724 1334 798 quod
1357 725 1444 782 Plato
1464 730 1558 782 totam
1583 728 1715 799 rempub.

171 816 282 890 alioqui
306 834 366 873 non
390 814 524 888 potuisse
543 814 637 871 vitam
663 814 743 871 tueri
767 833 786 871 a
810 814 918 872 vicinis
972 812 1096 870 dissolvi
1110 813 1190 884 dicit,
1203 831 1261 871 non
1275 821 1394 888 propter
1407 814 1621 887 negligentiam
1634 833 1718 887 gym-

171 909 272 982 inique
284 897 372 964 lesbs.
392 905 533 980 Oportuit
544 904 639 978 igitur
651 904 756 962 adesse
770 905 853 975 alios,
868 905 918 978 qui
971 903 1111 974 nesticae,
1132 905 1185 962 sed
1204 905 1365 974 Musarum,
1380 907 1500 976 «Sacer,
1516 912 1550 961 ut
1560 904 1623 978 ipss
1637 905 1717 975 dicit,

171 997 318 1072 agricolas
331 1015 367 1053 ac
379 995 493 1053 victum
504 1001 653 1069 parantes,
668 995 705 1051 ab
718 995 856 1052 hostibus
870 995 918 1052 de·
971 992 1008 1048 de
1021 993 1117 1051 Musis
1131 1011 1228 1052 sermo
1242 1000 1297 1066 est,
1312 993 1493 1067 principibus
1507 1001 1538 1051 et
1551 995 1615 1052 eius
1629 995 1719 1068 negli-

171 1089 342 1159 fenderent3
362 1104 421 1143 uon
445 1085 523 1143 enlm
540 1084 621 1142 idem
641 1085 700 1142 duo
721 1086 796 1140 haec
818 1089 919 1158 potest
971 1083 1074 1154 gentis
1093 1084 1217 1156 indigna
1234 1085 1405 1157 patribus».
1423 1085 1523 1151 Quare
1540 1085 1568 1150 si
1588 1086 1719 1144 dicamus

169 1182 331 1250 praestare,
351 1175 404 1234 sed
423 1174 483 1232 alia
504 1173 706 1247 agriculturae
724 1173 839 1248 peritis,
859 1172 919 1230 alia
971 1171 1123 1230 Socratem
1136 1175 1175 1230 ad
1187 1175 1343 1230 Musarum
1356 1175 1488 1231 studium
1503 1181 1589 1232 natos
1604 1180 1634 1230 et
1652 1193 1719 1248 pro·

171 1265 311 1323 militaris
330 1283 388 1322 ars.
971 1263 1125 1334 pensiores
1145 1264 1395 1322 administrationi
1413 1263 1525 1338 reipub.
1545 1269 1716 1339 praefigere,

207 1355 364 1414 0ar.XIX
376 1355 406 1430 ¹).
421 1356 504 1422 Quod
516 1355 626 1412 diversi
635 1355 800 1412 sinistrius
811 1354 917 1410 ciuiles.
971 1372 1032 1411 non
1053 1353 1265 1411 aberrabimus.
1282 1353 1322 1410 Et
1341 1355 1367 1410 si
1386 1354 1450 1427 ipse
1469 1355 1566 1412 solum
1585 1355 1661 1411 dixit
1680 1355 1718 1411 ad

172 1447 261 1504 -Ut
279 1452 380 1503 autem
394 1443 534 1501 differunt
547 1442 655 1514 studia,
666 1442 709 1498 ita
721 1440 918 1515 perfectiones
971 1443 1176 1516 imperandum
1197 1444 1370 1516 deligendos
1390 1444 1524 1517 optimos,
1542 1444 1573 1500 in
1591 1463 1651 1516 qua
1669 1463 1719 1501 an·

171 1541 203 1593 et
227 1535 366 1606 virtutes,
390 1541 422 1590 et
447 1539 565 1608 oportet
590 1531 755 1589 secuudum
780 1537 918 1588 naturam
972 1539 1033 1588 tem
1051 1550 1084 1588 re
1103 1531 1206 1606 optimi
1230 1531 1373 1589 deberent
1392 1551 1466 1602 esse,
1486 1549 1545 1590 non
1565 1533 1684 1588 adiecit.

171 1643 264 1684 unum
277 1623 414 1696 qnodque
427 1621 508 1679 vitae
526 1639 622 1694 genus
634 1621 745 1694 perfici,
758 1619 817 1677 nisi
835 1619 919 1676 adul·
1009 1625 1079 1681 Cer.
1098 1623 1175 1678 XXI
1183 1625 1214 1697 ⁴).
1231 1624 1272 1680 De
1285 1626 1492 1680 distributione
1510 1627 1665 1680 virtutum.
1683 1655 1719 1668 -

171 1716 302 1774 terinum
321 1715 362 1771 sit
374 1715 512 1772 futurum
524 1721 555 1770 et
567 1719 686 1786 praeter
703 1717 851 1768 naturam.
871 1710 919 1767 Ad
972 1715 1054 1771 Haec
1072 1713 1166 1786 igitur
1186 1714 1242 1770 tria
1261 1713 1370 1770 civium
1396 1733 1508 1788 genera
1526 1715 1564 1772 ad
1584 1713 1716 1770 civitatis

170 1810 245 1865 haec
256 1824 379 1880 operum
389 1803 524 1861 civilium
535 1803 665 1860 maxima
678 1801 814 1859 confusio
827 1807 917 1870 esset,
973 1805 1191 1862 absolutionem
1205 1805 1399 1876 constituens,
1421 1807 1557 1862 Socrates
1576 1802 1720 1860 iudicavit

171 1915 281 1956 necea
305 1895 356 1968 agi
382 1893 446 1951 suis
469 1893 653 1967 temporibus
680 1899 810 1965 possent.
833 1889 920 1957 Quod
972 1894 1052 1951 unde
1078 1895 1243 1969 sapientam
1268 1896 1416 1970 possimus
1436 1896 1532 1954 dicere
1557 1895 1718 1968 civitatem,

171 1988 291 2063 quidem
309 1989 402 2056 fieret,
417 1985 443 2040 si
462 2001 541 2040 unus
555 1983 595 2040 sit
608 1983 702 2054 miles,
715 1981 853 2053 idemque
866 1979 920 2036 fiat
972 1985 1051 2042 unde
1070 1985 1187 2059 fortem,
1207 1987 1287 2044 unda
1305 1995 1530 2061 temperantem,
1545 1987 1623 2042 nnde
1643 1985 1720 2042 deni·

172 2077 310 2151 agricola,
324 2083 355 2132 et
373 2074 491 2147 quando
511 2075 600 2130 debet
618 2090 724 2145 agrum
743 2072 848 2143 colere,
867 2088 919 2143 pro
973 2091 1030 2145 que
1050 2074 1170 2134 iustam.
1188 2076 1423 2148 Magistratuum
1442 2095 1546 2149 genus,
1566 2077 1636 2148 quia
1655 2076 1720 2131 Mu-

173 2174 271 2224 aratro
285 2184 367 2222 arma
380 2181 546 2237 capescere,
557 2169 588 2219 et
600 2160 841 2235 quandobellum
853 2159 920 2216 ado·
973 2181 1077 2221 sarum
1095 2165 1205 2222 studiis
1231 2164 1271 2221 sit
1291 2165 1430 2236 deditum,
1451 2165 1607 2222 scientiam
1633 2163 1722 2220 debet

171 2259 231 2329 riri,
250 2264 317 2314 tum
335 2273 419 2312 arare
439 2253 554 2325 debeat,
565 2259 618 2310 aut
637 2251 755 2326 plantas
773 2250 915 2318 inserere,
972 2254 1083 2310 habere
1110 2254 1253 2312 bonorum
1273 2273 1308 2311 ac
1334 2256 1496 2325 malorum
1517 2254 1619 2310 didicit
1641 2253 1720 2310 enim

172 2358 202 2406 et
219 2367 272 2422 pro
290 2347 370 2405 bello
395 2346 611 2420 agriculturam
639 2359 785 2412 exercere,
806 2346 837 2397 et
862 2359 917 2415 pro
973 2362 1010 2400 ex
1030 2344 1184 2401 Musarum
1199 2344 1316 2414 studiis,
1330 2351 1365 2400 ut
1376 2343 1586 2418 praediximus,
1599 2343 1671 2416 quid
1684 2343 1720 2400 de

171 2438 286 2496 bellicis
298 2435 413 2494 rustica
424 2434 556 2508 proferre
567 2433 775 2502 instrumenta,
786 2431 918 2506 ligonem
973 2433 1127 2507 supremis,
1149 2433 1244 2505 deque
1271 2434 1450 2492 coelestibus
1475 2435 1573 2504 rebus,
1593 2433 1664 2506 quid
1684 2433 1720 2490 de

171 2546 223 2602 pro
242 2533 336 2598 scuto,
350 2531 381 2582 et
400 2525 526 2598 denique
539 2521 724 2596 agricultura
737 2521 855 2592 omissa,
867 2539 918 2596 pe·
972 2521 1116 2578 felicitate
1128 2523 1260 2579 hnmana
1274 2524 1381 2580 debeat
1393 2523 1513 2580 sentire.
1526 2523 1657 2595 Ideoque
1670 2523 1719 2578 de·

170 2617 258 2675 nuria
270 2617 368 2676 victus
381 2615 483 2689 premi.
497 2614 529 2671 Si
542 2614 637 2686 igitur
650 2613 743 2670 alium
756 2629 824 2670 sese
838 2631 921 2686 opor·
972 2611 1025 2668 bet
1042 2617 1073 2668 et
1096 2618 1201 2684 poetas
1224 2630 1340 2686 cogere,
1361 2630 1554 2686 quaecunque
1580 2613 1619 2668 ad
1644 2613 1718 2668 haec

171 2713 216 2765 tet
234 2705 403 2780 agricolam,
423 2705 515 2760 alium
533 2702 667 2774 militem,
687 2702 746 2758 duo
765 2703 839 2758 haec
858 2700 918 2758 iem
972 2701 1131 2775 pertinent,
1151 2702 1289 2760 versibus
1309 2703 1494 2760 adumbrare.
1508 2704 1601 2760 Porro
1614 2702 1642 2760 si
1659 2702 1720 2758 Ma·

171 2817 282 2873 genera
292 2797 389 2856 civilis
397 2799 478 2854 vitae
489 2793 699 2853 constituenda
709 2797 780 2850 sunt
790 2792 920 2848 militare
973 2791 1538 2865 thematioam,Dialecticamqueetiam
1548 2793 1721 2862 discatma-

171 2889 320 2946 strictus
339 2885 601 2956 ministratorium,
621 2891 655 2940 ut
672 2883 730 2940 hoc
749 2882 922 2941 necessaria
973 2881 1123 2954 gistratus
1142 2881 1303 2954 sapientior
1322 2889 1353 2938 et
1371 2882 1493 2954 peritior
1511 2881 1570 2939 fiet.
1590 2881 1721 2939 Auxilia·

172 2979 210 3035 ad
224 2979 333 3036 victum
346 2977 526 3051 suppeditet,
536 2975 612 3032 illud
623 2973 825 3032 defensionem
838 2975 919 3032 vitae
973 2971 1051 3028 rium
1071 2978 1171 3030 autem
1192 2979 1222 3030 et
1240 2972 1368 3030 militare
1382 2990 1486 3045 genus,
1506 2971 1576 3046 quia
1594 2970 1721 3027 vivitis

174 3068 324 3140 suscipiet.
337 3067 429 3123 Porro
442 3071 601 3137 utrumque
614 3065 670 3120 hoc
681 3063 831 3120 institutis
851 3082 921 3136 pru·
973 3062 1064 3119 ermis
1076 3069 1108 3119 et
1121 3063 1151 3120 in
1163 3065 1271 3120 horum
1285 3064 1441 3134 exercitiis,
1457 3064 1594 3138 curisque
1607 3070 1655 3120 est
1672 3082 1721 3136 po·

174 3155 293 3214 dentiae
312 3155 435 3226 indiget,
449 3171 509 3210 non
527 3152 607 3208 enim
621 3151 713 3208 iidem
733 3157 804 3209 sunt
822 3168 920 3208 mores
975 3151 1076 3218 situm,
1098 3151 1272 3209 fortitudine
1286 3154 1386 3210 valere
1400 3154 1496 3224 debet,
1510 3152 1559 3210 cni
1578 3153 1721 3210 virtutem

173 3243 338 3317 utriusque.
973 3243 1051 3299 hauc
1069 3259 1139 3315 prae
1159 3244 1286 3301 caeteris
1306 3244 1464 3302 convenire
1476 3243 1657 3301 inficiabitur
1675 3261 1722 3299 ne·

210 3335 281 3393 Car.
291 3335 390 3409 XX2).
400 3336 445 3392 De
457 3335 636 3391 institutione
649 3334 881 3406 magistratuum
894 3336 921 3389 et
973 3350 1031 3404 mo,
1051 3332 1102 3406 qui
1121 3335 1171 3390 vel
1190 3334 1368 3391 mediocrem
1381 3334 1565 3392 fortitudinis
1579 3332 1722 3406 cognitio-

173 3427 523 3499 rnilitum-Praecepta
533 3431 633 3481 autem
642 3441 759 3480 morum
769 3441 919 3496 exponens
974 3440 1044 3479 nem
1061 3424 1160 3480 habet.
1180 3423 1217 3478 Ei
1235 3439 1307 3481 vero
1327 3425 1437 3497 generi,
1457 3424 1536 3498 quod
1552 3422 1722 3482 necessaria

175 3519 320 3591 Socrates,
332 3517 443 3591 duplex
455 3515 652 3574 institutionis
672 3515 852 3574 monstravit
870 3533 920 3587 ge·
974 3516 1013 3573 ad
1030 3517 1147 3574 victum
1160 3515 1328 3573 ministrare
1344 3517 1440 3588 debet,
1455 3516 1650 3589 temperantia
1669 3515 1721 3571 tri-

173 3625 238 3680 nus,
258 3607 387 3664 alterum
404 3607 442 3662 ad
455 3605 594 3679 animum,
609 3605 737 3662 alterum
755 3605 793 3660 ad
811 3621 920 3678 corpus
972 3604 1091 3663 buitur:
1112 3623 1201 3679 opum
1225 3605 1304 3662 enim
1332 3605 1485 3663 affluentia
1509 3607 1566 3664 hac
1591 3604 1720 3661 maxime

173 3698 335 3774 pertinens,
355 3714 476 3771 corpore
501 3696 580 3754 eninr
603 3695 745 3754 incolumi
771 3713 847 3768 opus
874 3702 921 3753 est
973 3693 1090 3767 indiget
1101 3694 1224 3767 virtuts,
1237 3713 1364 3768 quarum
1382 3694 1465 3768 copia
1484 3701 1516 3752 et
1534 3693 1658 3751 satietas
1677 3694 1720 3750 in·

173 3789 320 3848 militibus
339 3789 377 3846 ad
395 3787 534 3846 terendos
553 3786 678 3844 militiae
697 3787 824 3844 labores.
844 3787 921 3844 Sunt
974 3785 1200 3858 temperantiam
1218 3784 1300 3843 vitae
1319 3783 1413 3843 affert.

174 3881 227 3955 qui
248 3879 372 3937 tertium
400 3895 496 3951 genus
522 3876 720 3936 institutionis
746 3876 848 3934 dicant
871 3877 922 3934 ad·
1010 3876 1081 3932 (lar.
1100 3877 1192 3934 XXII
1201 3877 1233 3951 ⁵).
1246 3878 1291 3934 De
1303 3880 1426 3934 iustitia.
1444 3909 1480 3922 -
1498 3876 1607 3933 Tribus
1620 3883 1721 3933 autem

174 3973 271 4029 ditum
289 3990 308 4027 a
326 3971 456 4042 Socrate,
471 3969 551 4041 quod
569 3967 696 4032 ducibus
714 3967 786 4024 belli
799 3967 922 4040 diligen·
974 3983 1011 4024 ex
1030 3967 1076 4022 his
1096 3967 1256 4039 generibus
1269 3973 1374 4024 mutua
1386 3967 1417 4024 iu
1433 3967 1589 4024 concordia
1600 3967 1718 4040 positis,

174 4060 251 4118 tiore
277 4078 349 4116 cura
376 4057 540 4128 utentibus,
565 4075 654 4131 quam
678 4056 788 4113 caeteri
809 4056 921 4114 milites
971 4056 1129 4129 imperium
1148 4055 1420 4128 subiectionemque
1438 4055 1575 4126 invicem,
1595 4061 1629 4112 ut
1649 4055 1720 4111 dixi·

174 4157 308 4220 utantur,
330 4148 496 4206 conveniet.
509 4149 553 4207 Ut
566 4153 666 4204 autem
679 4164 736 4219 ego
752 4164 828 4218 reor,
840 4146 921 4204 vide·
973 4163 1047 4216 mue,
1069 4145 1267 4215 servantibus,
1289 4145 1440 4202 enascitur
1464 4145 1589 4202 iustitia.
1609 4146 1719 4202 Omnes

175 4245 226 4295 tur
233 4241 254 4308 3)
265 4238 340 4294 mihi
352 4239 489 4295 Socrates
502 4236 672 4308 intelligere
682 4236 741 4292 duo
753 4235 921 4294 studiorum
973 4236 1053 4293 enim
1070 4235 1206 4294 homines
1223 4235 1371 4292 iustitiam
1397 4253 1463 4293 esse
1489 4235 1597 4292 finiunt
1623 4237 1721 4292 aliena

176 4345 296 4400 genera,
307 4325 528 4400 gymnastionm
538 4330 569 4382 et
577 4325 739 4396 Musarum,
752 4331 783 4381 et
794 4326 850 4382 hoe
860 4343 921 4382 me·
973 4344 1032 4383 non
1045 4325 1261 4399 concupiscere,
1275 4331 1337 4382 tam
1350 4326 1401 4398 qni
1412 4343 1477 4382 eam
1486 4325 1618 4397 laudant,
1630 4344 1720 4398 quam

175 4417 253 4474 xime
273 4417 312 4474 ad
330 4416 461 4473 omnium
479 4414 675 4489 principatum
688 4415 852 4488 gerendum
873 4434 921 4490 ap·
974 4415 1024 4491 qui
1040 4416 1219 4490 vituperant.
1233 4416 1407 4489 Improbant
1419 4423 1520 4472 autem
1533 4414 1628 4489 ipsam
1641 4416 1721 4488 quod

176 4514 232 4578 tos,
252 4507 303 4580 qui
320 4508 432 4564 habent
450 4508 488 4564 ad
500 4507 655 4563 Musarum
667 4505 768 4562 studia
780 4505 921 4564 discenda
974 4511 1114 4562 contenta
1132 4504 1173 4562 sit
1191 4503 1263 4574 anie,
1283 4504 1382 4561 omnia
1401 4504 1535 4562 sibinen
1555 4503 1718 4561 vindicans.

176 4593 921 4669 accommodatamnaturam,ineisqueprobesunt
973 4595 1138 4666 Hucusque
1156 4593 1306 4651 iustitiam
1332 4594 1468 4652 Socrates
1492 4593 1629 4668 probans,
1651 4599 1720 4648 tan-

176 4686 293 4743 eruditi.
311 4687 388 4742 Nam
401 4687 555 4742 Musarum
568 4684 701 4742 studium
713 4683 921 4758 prudentiores
974 4703 1063 4758 quam
1089 4683 1220 4741 civitatis
1243 4685 1405 4756 institutor,
1429 4703 1487 4741 non
1511 4683 1662 4740 invehitur
1688 4683 1719 4740 in

175 4795 230 4835 noe
256 4777 510 4851 sapientioresque
535 4775 639 4846 efficit,
659 4781 749 4832 cantu
768 4775 921 4832 celebrans
973 4774 1069 4848 ipsius
1095 4781 1299 4846 accusatorem
1319 4792 1387 4831 cum
1412 4773 1461 4831 vel
1485 4773 1545 4847 ipsi
1569 4773 1720 4830 fateantur

176 4867 258 4938 deos,
274 4867 439 4939 daemones,
453 4867 568 4940 heroes,
583 4885 618 4923 ac
631 4866 728 4923 claros
739 4864 829 4936 viros,
842 4867 922 4938 quod
973 4861 1120 4920 iustitiam
1139 4881 1213 4934 esse,
1227 4863 1258 4920 id
1270 4863 1350 4936 quod
1362 4863 1429 4937 lege
1442 4863 1598 4937 pulchrum
1612 4864 1720 4920 hones-

175 4974 234 5016 uon
252 4962 386 5032 praestat
398 4955 595 5031 gymnastico.
609 4953 701 5013 Ouius
715 4959 745 5012 et
755 4971 921 5027 argumen·
974 4960 1096 5027 tumque
1107 4961 1160 5024 est,
1173 4961 1203 5012 et
1213 4961 1356 5029 tanquam
1366 4953 1566 5011 necessariam
1575 4953 1721 5011 honoran-

215 5226 237 5302 ¹)
255 5227 317 5284 Fui
338 5227 391 5283 122
408 5245 438 5284 v.
458 5227 503 5289 'sse
522 5229 548 5280 dl
567 5229 594 5280 αἱ
616 5227 812 5290 inertissime:
837 5228 924 5300 διαφί-
1015 5227 1038 5302 ³)
1057 5226 1168 5300 Apogr.
1187 5242 1292 5284 verum
1310 5225 1389 5282 mibi.

182 5337 268 5388 peoora.
1013 5317 1037 5390 ⁴)
1055 5315 1119 5372 Fol.
1139 5315 1192 5370 123
1210 5333 1238 5372 v.
1259 5314 1336 5368 Ταῦτ’
1357 5313 1396 5369 oie
1416 5320 1448 5367 τὰ
1467 5317 1523 5386 τρία
1541 5315 1609 5388 γένη.

214 5407 238 5480 ²)
251 5405 314 5463 Pol.
328 5405 389 5465 1'28.
404 5411 454 5461 Kal
467 5409 549 5460 ὁποῖοι
563 5410 590 5460 ri
603 5402 659 5467 iter
674 5408 922 5480 ἰπιιιδιιιγησιὶμινος,
1014 5409 1036 5480 ⁵)
1054 5405 1096 5462 Ib.
1118 5408 1173 5458 Τῶν
1193 5409 1217 5458 di
1238 5407 1310 5477 τριῶν
1330 5409 1389 5477 πρὸς
1409 5408 1515 5462 ἄλληλα.
