3978 6070
489 515 589 590 Colus
609 514 792 608 Ακοιιίιιιο,
812 516 897 610 quid
914 516 1079 592 videtur?
1096 518 1181 612 quid
1199 539 1319 612 reapse
1337 517 1414 592 est?
1690 531 1726 588 61

176 689 237 782 γάρ
261 691 299 756 τό
323 689 520 781 φαινόμενον,
543 689 642 782 ἑτέρῳ
663 689 747 756 ἐστίν
760 688 794 773 ¹),
813 681 894 755 διότι
910 688 965 754 τόν
982 690 1037 778 μὲν
1054 691 1182 780 οὐρανόν
1199 689 1275 757 όλον
1294 690 1381 781 λέγει
1398 691 1435 756 τό
1459 692 1727 783 κυκλοφορητικόν

176 799 230 864 καί
254 797 313 871 τήν
337 797 503 890 περιφοράν
526 807 642 881 πᾶσαν,
658 797 696 872 ἣν
714 798 837 889 συνέχει
853 799 891 864 τό
907 809 978 888 φῶς·
996 800 1051 864 τόν
1069 791 1103 864 δέ
1119 795 1277 887 ἄτρακτον
1294 801 1357 866 νόει
1373 799 1457 867 κατά
1481 799 1538 878 τάς
1562 799 1727 888 ἀποτομάς

177 915 239 970 τῶν
257 904 332 994 ὑπέρ
355 915 413 997 γῆς
438 908 629 996 φαινομένων
646 916 701 970 τοῦ
718 907 836 982 παντός
853 911 981 996 ούρανοῦ
997 905 1188 996 τμημάτων,
1206 913 1246 983 ὡς
1261 907 1382 973 τούτων
1408 907 1463 996 μέν
1489 908 1727 999 ἀναλογούντων

177 1023 242 1090 τοῖς
260 1004 450 1103 σφονδύλοις·
468 1024 524 1078 τοῦ
542 1006 575 1079 δέ
592 1007 710 1096 ἄξονος,
721 1024 767 1098 τῷ
781 1007 864 1098 ξύλῳ
876 1014 946 1105 περί
960 1013 992 1080 όν
1009 1021 1038 1079 οἱ
1054 1006 1231 1104 σφόνδυλοι·
1248 1026 1303 1081 τοῦ
1321 1007 1355 1082 δέ
1369 1017 1480 1098 πόλου,
1497 1025 1542 1100 τῷ
1567 1018 1726 1107 ἀγκίστρῳ

136 1146 149 1185 ι
176 1131 222 1206 τῷ
245 1133 434 1212 περατοῦντι
456 1132 513 1187 τοῦ
537 1113 710 1212 σφονδύλου
734 1122 794 1195 τήν
818 1121 935 1213 κυρτὴν
960 1125 1158 1215 ἑπιφανείαν·
1183 1123 1237 1188 καί
1260 1121 1320 1215 γάρ
1348 1123 1446 1200 ὅντως
1470 1128 1512 1200 είς
1536 1124 1574 1189 τό
1597 1123 1728 1201 ἄναντες

176 1239 353 1320 χωροῦντας
378 1229 500 1308 αὺτούς,
518 1231 614 1308 οὕτως
630 1230 711 1308 είκός
727 1227 766 1307 ήν
782 1235 855 1321 ὁρᾶν
872 1232 1031 1322 τμήματα
1048 1241 1195 1323 σφαιρῶν,
1214 1235 1285 1298 ἀλλ’
1303 1235 1361 1322 ούχ
1377 1230 1455 1309 ὅλας
1476 1229 1584 1315 αύτάς,
1603 1221 1650 1298 διὸ
1673 1231 1728 1296 καί

178 1339 271 1429 φησίν
295 1337 412 1405 ἄνωθεν
435 1337 477 1404 τά
499 1340 593 1428 χείλη
620 1342 724 1406 αὐτῶν
748 1338 910 1430 φαίνεσθαι
932 1339 1066 1415 κύκλους

177 1611 202 1678 f.
218 1613 292 1691 139,
306 1613 325 1678 5
341 1633 424 1678 vers.
438 1609 523 1677 male
540 1611 681 1677 habent:
743 1619 832 1699 ρανοῦ
850 1607 933 1699 μετά
949 1618 1006 1676 τοῦ
1023 1601 1158 1689 ἄξονος...
1172 1609 1342 1703 ἄτρακτον·
1357 1609 1484 1702 οὐρανός
1501 1601 1535 1676 δέ
1550 1605 1588 1686 ήν
1606 1609 1729 1701 σύμπας
1774 1657 1776 1664 ·

177 1722 193 1781 ό
217 1708 387 1805 σφόνδυλος
415 1719 548 1804 [πα]σῶν
565 1727 628 1782 τῶν
645 1727 781 1808 σφαιρῶν
798 1717 852 1782 καί
866 1717 950 1784 ὅλων
967 1719 1091 1803 ἑκάστῳ
1108 1722 1319 1811 συγκείμενος,
1337 1719 1418 1784 ὥστε
1435 1715 1520 1784 κατά
1543 1727 1638 1783 τοῦτο
1661 1708 1729 1782 δια-

124 1843 149 1881 10
176 1825 260 1917 φέρει
283 1835 346 1890 τῶν
364 1825 512 1899 ἀλλήλων
537 1836 592 1890 τοῦ
617 1825 787 1916 ἀτράκτου,
811 1831 853 1891 τά
876 1827 931 1916 μέν
955 1822 1253 1919 προσλαμύάνοντος
1269 1829 1324 1894 τόν
1342 1822 1437 1908 ἄξονα
1461 1828 1515 1893 καί
1538 1828 1594 1893 τόν
1617 1827 1725 1914 πόλον,

177 1946 232 2000 τοῦ
257 1925 291 2000 δέ
315 1936 518 2025 ἀφαιροῦντος
549 1933 591 2000 τά
622 1935 711 2000 κάτω
735 1935 894 2026 τμήματα
924 1945 987 2000 τῶν
1013 1945 1157 2026 σφαιρῶν.
1183 1975 1224 1986 -
1249 1935 1341 2002 Κατά
1372 1928 1406 2003 δέ
1428 1935 1488 2009 τήν
1512 1935 1727 2028 ἀληθεστέραν

177 2044 231 2108 καὶ
254 2042 507 2133 έποπτικωτέραν
532 2035 692 2121 ἑπιύολήν,
716 2048 756 2118 ὡς
782 2043 837 2133 μὲν
853 2042 923 2134 ὅρος
939 2053 994 2110 τοῦ
1009 2045 1128 2132 κόσμου
1144 2045 1261 2122 παντός
1278 2054 1334 2110 τοῦ
1358 2049 1471 2136 όρατοῦ
1495 2046 1549 2110 καὶ
1572 2043 1725 2134 περιέχων

177 2153 294 2229 πάντα,
319 2151 373 2218 καί
388 2157 428 2229 ὡς
445 2142 673 2243 δημιούργημα
688 2161 744 2218 τοῦ
762 2143 956 2243 δημιουργοῦ
972 2152 1026 2216 καὶ
1041 2153 1175 2244 Πατρός,
1191 2153 1317 2243 οὐρανός
1334 2157 1420 2219 ἐστιν
1437 2153 1544 2219 τεκαὶ
1563 2149 1727 2243 λέγεται)

179 2260 252 2348 (τήν
276 2259 335 2352 γάρ
360 2259 448 2352 φύσιν
473 2263 568 2324 αὑτοῦ
592 2261 706 2325 τεκαὶ
729 2261 767 2326 τό
792 2252 872 2336 εἶδος
896 2266 915 2335 ή
942 2251 976 2326 δέ
999 2263 1160 2350 ἐπωνυμία
1184 2252 1287 2340 δηλοῖ,
1308 2260 1380 2328 καθ’
1403 2261 1442 2335 ήν
1466 2261 1639 2351 ὑφέστηκεν
1665 2259 1726 2325 ἀπό

123 2396 149 2433 ιι
176 2376 234 2444 τῆς
259 2358 484 2458 δημιουργικῆς
508 2367 634 2451 αἰτίας),
650 2372 690 2442 ὡς
708 2359 742 2433 δὲ
757 2361 930 2457 ἐξημμένος
946 2378 1009 2434 τῶν
1027 2374 1146 2459 Μοιρῶν
1163 2370 1216 2435 καί
1236 2380 1294 2446 τῆς
1312 2369 1480 2462 Ἀνάγκης,
1498 2369 1631 2458 όνόματι
1648 2392 1728 2458 συμ-

177 2470 310 2552 ύολικῶς
327 2475 482 2549 κέκληται
498 2473 581 2540 κατά
598 2475 636 2540 τὸ
653 2484 764 2567 σχῆμα
782 2485 839 2553 τῆς
857 2474 1020 2566 θεομυθίας
1044 2476 1212 2568 ἄτρακτος·
1231 2469 1279 2544 διό
1294 2479 1349 2544 καί
1372 2488 1431 2555 τῆς
1449 2476 1607 2568 Ἀνάγκης
1632 2475 1726 2542 αύτθν

175 2584 250 2651 ὅλον
274 2593 369 2650 τοῦτο
391 2585 594 2674 προσείρηκεν
610 2583 780 2674 ἄτρακτον,
797 2584 982 2674 σαφέστατα
997 2576 1153 2651 διδάσκων
1170 2585 1222 2653 ότι
1239 2592 1278 2664 ὡς
1296 2588 1415 2664 έκείνης
1432 2591 1448 2651 ό
1470 2589 1545 2676 ίερός
1570 2585 1727 2676 ἄτρακτος

177 2686 376 2783 ὀνομάζεται,
402 2691 455 2756 καί
478 2697 517 2768 ὡς
533 2701 671 2783 μοιραῖος
689 2682 753 2778 (διά
769 2690 828 2783 γάρ
850 2691 963 2758 τούτου
987 2692 1094 2759 πάντα
1118 2699 1150 2758 αί
1173 2699 1284 2784 Μοῖραι
1307 2694 1361 2759 καί
1384 2696 1496 2786 εἴρουσι
1514 2694 1569 2759 καὶ
1593 2696 1728 2770 ἐπικλω-

178 2799 280 2866 θοῦσιν
304 2811 370 2877 τοῖς
393 2800 588 2891 γινομένοις),
611 2805 651 2877 ὡς
676 2795 727 2867 οὖν
752 2801 781 2866 εί
800 2824 847 2877 τις
864 2801 960 2866 αὐτόν
977 2801 1129 2866 Ἑλικῶνα
1152 2801 1379 2893 προσηγόρευεν
1397 2800 1581 2892 μυθολογῶν
1603 2805 1644 2878 είς
1668 2799 1726 2876 τάς

122 2930 150 2968 το
177 2909 299 2986 Μούσας
323 2909 524 2999 ἀναπέμπων,
549 2915 589 2985 ὡς
613 2909 791 3001 ἐναρμόνιον
815 2909 912 2975 τύπον
937 2916 1067 2976 Μουσῶν
1091 2911 1280 3002 ἀποφαίνων,
1301 2911 1399 2987 ούτως
1423 2901 1476 2976 διά
1498 2907 1559 2982 τήν
1583 2909 1645 2975 ἀπὸ
1662 2917 1726 2974 τῶν

177 3024 295 3109 Μοιρῶν
314 3018 368 3082 καί
384 3029 441 3094 τῆς
458 3016 617 3111 Ἀνάγκης
634 3023 676 3094 είς
693 3018 788 3083 αύτθν
804 3020 930 3091 ποίησιν
948 3017 1002 3082 καί
1018 3009 1113 3101 δόσιν,
1130 3019 1185 3084 καί
1209 3023 1262 3085 ἀπ’
1283 3021 1378 3085 αὑτοῦ
1394 3013 1489 3086 πάλιν
1506 3019 1560 3083 καί
1574 3009 1614 3084 δι’
1631 3021 1726 3084 αὑτοῦ

178 3130 219 3204 είς
242 3125 285 3192 τά
309 3130 380 3217 μετ’
405 3126 513 3211 αὑτὸν,
536 3131 552 3191 ὁ
575 3123 681 3217 παρὼν
706 3124 800 3216 μῦθος
824 3124 984 3216 ἄτρακτον
1005 3125 1099 3190 αὐτόν
1116 3125 1144 3212 ³)

177 3399 201 3466 f.
219 3399 281 3470 139
299 3421 341 3479 v.‚
359 3398 472 3465 eadem
488 3397 622 3465 lacuna:
649 3394 800 3463 ...κατά
814 3395 937 3468 ταύτην
954 3394 1014 3467 τήν
1029 3449 1037 3465 .
1052 3449 1059 3465 .
1075 3448 1082 3465 .
1106 3396 1286 3486 κινούμενον
1302 3396 1423 3465 καί...
1448 3398 1483 3461 ού
1504 3395 1564 3489 γάρ
1581 3395 1618 3461 ἄν
1642 3389 1726 3460 εἶπεν

177 3504 386 3597 ἄτρακτον...
409 3495 612 3594 δημιουργίας
628 3503 699 3595 περί
714 3502 769 3569 τόν
784 3504 880 3594 λόγον
947 3503 1002 3568 καί
1018 3516 1077 3581 τῆς
1093 3515 1156 3570 τῶν
1173 3504 1279 3570 ἄλλων
1296 3503 1372 3570 θεῶν
1390 3509 1432 3581 είς
1449 3505 1544 3570 αὐτόν
1560 3503 1726 3584 ποιήσεως,

119 3626 149 3664 ²⁵
177 3617 248 3679 ἀλλ’
273 3618 313 3689 ὡς
337 3614 463 3702 Μοίραις
487 3612 541 3676 καί
565 3611 706 3702 Ἀνάγκῃ
732 3612 770 3677 τό
794 3614 998 3703 τεταγμένον,
1023 3613 1120 3689 οὕτως
1143 3611 1299 3677 ἐκάλεσεν·
1321 3613 1376 3677 τόν
1401 3611 1455 3700 μέν
1480 3605 1532 3676 οὖν
1557 3609 1726 3701 ἄτρακτον,

176 3723 237 3808 ὅπῃ
257 3711 411 3811 διαφέρειν
435 3729 490 3784 τοῦ
514 3723 642 3809 ούρανοῦ
666 3719 720 3784 καί
743 3729 789 3803 τῷ
814 3721 959 3811 σχήματι
980 3720 1034 3785 καί
1050 3731 1091 3806 τῇ
1110 3711 1249 3810 δυνάμει,
1267 3709 1319 3786 διά
1334 3719 1455 3785 τούτων
1480 3710 1577 3794 δῆλον
1597 3717 1728 3792 πεποιή·

176 3853 285 3920 καμεν.
305 3827 428 3900 -Τήν
446 3818 480 3892 δὲ
496 3826 657 3919 Ἀνάγκην
673 3823 710 3903 ής
723 3821 851 3906 ἐξάπτει
866 3827 921 3893 τόν
946 3828 1115 3918 ἄτρακτον,
1132 3830 1204 3892 τίνα
1221 3821 1258 3900 δή
1277 3827 1379 3919 λέγειν
1404 3821 1499 3906 ἀξιον.
1524 3827 1568 3892 Τό
1588 3826 1643 3917 μὲν
1666 3825 1726 3918 γάρ

175 3941 253 4013 ύλην
279 3935 378 4012 αύτὴν
402 3934 553 4018 τίθεσθαι,
569 3934 708 4027 καθάπερ
725 3929 984 4026 ύπολαμύάνουσί
1001 3961 1101 4026 τινες,
1110 3935 1164 4000 καί
1179 3935 1239 4008 τήν
1257 3937 1381 4027 μητέρα
1404 3945 1467 3999 τῶν
1492 3933 1567 4000 θεῶν
1591 3933 1670 4007 ὕλην
1694 3936 1725 3997 ἑν

176 4057 337 4138 μυστικοῖς
353 4070 434 4110 τισιν
450 4043 557 4137 λόγοις
573 4042 751 4135 εἰσάγεσθαι
766 4043 950 4136 φάσκοντες,
967 4045 1039 4110 οὔτε
1056 4049 1097 4120 είς
1114 4042 1174 4116 τήν
1191 4042 1363 4136 Ἀνάγκην,
1381 4045 1452 4108 ούτε
1468 4047 1509 4119 εἰς
1526 4040 1585 4113 τήν
1603 4039 1725 4131 μητέρα

121 4180 148 4218 ιο
175 4163 238 4220 τῶν
262 4152 351 4235 θεῶν,
376 4151 444 4218 θεῖα
467 4150 597 4244 γράφειν
621 4153 717 4218 ἐστίν·
741 4158 773 4216 αἱ
787 4152 846 4244 γάρ
865 4151 998 4241 μητέρες
1014 4152 1138 4242 γόνιμοι
1155 4143 1301 4242 δυνάμεις
1326 4152 1400 4216 εἰσίν
1425 4153 1636 4240 ἀπερίληπτοι
1659 4158 1725 4224 τοῖς
1832 4183 1834 4186 -

175 4253 450 4350 καταδεεστέρως,
476 4265 518 4336 είς
541 4259 655 4336 ἑαυτάς
684 4258 738 4352 μέν
769 4270 925 4350 χωροῦσαι
955 4259 997 4325 τά
1027 4257 1285 4349 ἀπογεννώμενα,
1309 4260 1469 4324 κλείουσαι
1496 4254 1553 4334 τάς
1575 4245 1725 4346 προόδους

174 4370 299 4436 ἐκείνων
321 4373 353 4434 έν
377 4379 443 4444 τοῖς
467 4369 601 4457 ἀπείροις
618 4371 737 4433 ἑαυτῶν
754 4369 893 4446 κόλποις,
911 4371 967 4434 ούκ
984 4361 1073 4433 ούσαι
1090 4358 1124 4433 δὲ
1139 4357 1294 4458 ύποδοχαί
1310 4376 1373 4432 τῶν
1388 4366 1559 4460 προιόντων
1583 4357 1725 4458 ἀδρανεῖς

175 4474 243 4542 οίαν
261 4471 338 4542 εἶναι
355 4475 415 4550 τήν
431 4475 510 4548 ὕλην
527 4473 665 4552 ἅπαντες
681 4476 908 4566 ὑπειλήφαμεν,
923 4477 1036 4567 ἄγονον
1052 4475 1105 4540 καὶ
1121 4471 1346 4567 ἀπεψυγμένην
1363 4475 1417 4540 καί
1433 4464 1585 4565 δεομένην
1601 4474 1726 4539 ἐκείνων

174 4579 217 4649 ὧν
233 4588 379 4650 καλεῖται
396 4583 514 4675 μήτηρ·
530 4573 578 4648 διό
594 4583 648 4648 καί
665 4583 745 4655 αὕτη
765 4582 820 4672 μέν
836 4584 947 4672 χείρων
962 4583 1048 4648 ἐστίν
1064 4586 1198 4650 ἐκείνων·
1215 4587 1249 4648 ού
1262 4583 1322 4676 γάρ
1339 4583 1514 4675 έγενήσατο
1534 4581 1577 4648 τά
1592 4583 1724 4656 ήττονα·

120 4715 146 4752 ³⁵
173 4690 367 4784 προελθόντα
391 4685 425 4758 δέ
448 4690 510 4756 ἀπό
533 4693 660 4755 πολλῶν
684 4691 910 4756 ἐνεκολπίσατο
934 4691 1040 4780 μόνον.
1055 4697 1095 4756 A!
1118 4682 1152 4758 δέ
1176 4695 1208 4758 ἐν
1231 4703 1297 4769 τοῖς
1322 4690 1400 4769 θεοῖς
1419 4691 1564 4783 μητέρες,
1587 4689 1642 4755 καί
1664 4687 1724 4762 τήν

174 4801 281 4868 ούσίαν
304 4799 359 4865 καί
381 4797 439 4876 τάς
464 4789 610 4888 δυνάμεις
639 4797 734 4864 αύταί
756 4808 823 4875 τοῖς
846 4798 1048 4891 γεννωμένοις
1077 4791 1204 4885 δοῦσαι,
1227 4799 1313 4866 κατά
1335 4800 1390 4866 τόν
1422 4809 1480 4877 τῆς
1504 4800 1606 4876 αίτίας
1629 4797 1725 4888 λόγον

1665 4915 1669 4926 ε

212 5083 235 5158 ¹)
245 5081 315 5141 eod.
326 5082 404 5152 ἰστὸν,
414 5101 468 5142 neo
478 5082 624 5158 suspicari
633 5081 705 5140 Ιίοεέ
714 5084 768 5139 im
779 5083 816 5140 ab
830 5085 920 5158 ίννυμι.
974 5083 1019 5141 dit
1038 5086 1105 5156 οὖρος
1124 5101 1158 5141 εο
1175 5082 1306 5142 fortasse
1324 5083 1463 5141 similiter
1481 5085 1534 5154 ὅρος
1554 5087 1610 5140 etc.

173 5173 245 5232 Mox
262 5173 301 5232 id.
321 5177 435 5245 συνέχειν.
1010 5173 1034 5246 ³)
1054 5172 1225 5230 Ἕταιιοεευε
1248 5172 1374 5232 moleste
1396 5171 1513 5246 prolixa
1530 5169 1671 5246 periodus
1690 5171 1722 5230 in

211 5263 235 5336 ²)
250 5265 358 5336 οὐρανὸς
370 5263 408 5320 οῦ
421 5267 475 5336 ὅρος
485 5261 603 5322 derivat
614 5262 747 5338 Ριοοίοε,
757 5262 855 5322 ionica
866 5270 921 5322 aut
973 5263 1115 5338 clausula,
1126 5281 1203 5338 quae
1212 5263 1342 5322 fortasse
1352 5263 1461 5322 statuit
1471 5267 1594 5336 ῖιραιτιν
1603 5264 1719 5336 fiam,

174 5352 290 5425 poetica
299 5351 413 5410 abusus
422 5350 559 5424 dialecto,
573 5352 605 5410 in
616 5369 676 5427 qua
689 5353 743 5426 ὄρος
754 5369 840 5412 mom
852 5371 920 5413 ονε·
973 5370 1040 5410 esse
1058 5351 1138 5410 idem
1156 5371 1191 5411 ιο
1209 5352 1366 5411 aethereas
1385 5351 1537 5426 sphaeras.
