4022 6072
873 473 1021 548 Sancus
1039 473 1194 546 Basilius

855 819 1052 927 relicuos
1076 859 1209 926 XXXV.

282 1103 312 1145 v.
337 1083 367 1144 5.
393 1076 538 1166 Ἀνομίαν
564 1067 782 1166 διελογίσαντο
807 1075 857 1139 ἐπὶ
881 1085 938 1149 της
963 1077 1071 1151 κοίτης
1096 1079 1201 1161 αὐτοῦ,
1226 1075 1365 1166 παρέστη
1391 1071 1565 1164 πάσῃ,ὁδῷ
1589 1081 1644 1143 οὐκ
1667 1078 1783 1169 ἀγαθῇ.

378 1188 588 1271 iniquitatem
612 1187 786 1253 rucctitotns
809 1193 855 1252 cet
879 1186 915 1250 ιἰι
939 1186 1038 1250 cubili
1061 1207 1128 1268 σιιο,
1152 1187 1275 1252 institit
1298 1190 1385 1253 οιιιιιιΙ
1408 1190 1477 1254 vioe
1498 1209 1563 1254 ιιοιι
1587 1190 1694 1256 bonae.

304 1401 347 1469 T<i
373 1403 486 1467 ἄῦπνον
513 1411 574 1466 τῶν
600 1393 756 1466 Ἰουδαίων
773 1405 813 1474 εἰς
837 1399 897 1469 την
922 1397 1006 1462 κατὰ.

261 1519 393 1602 Χριστοῦ
418 1503 587 1583 ἐπιθουλὴν
605 1511 761 1598 σημαίνει.
780 1497 955 1581 Ἀπλῶςδὲ
978 1511 1006 1570 οἱ

260 1619 315 1707 μὲν
332 1629 398 1694 τοῖς
417 1625 503 1708 ἱεροῖς
520 1619 655 1691 εἴκοντες
668 1617 783 1705 νόμοις,
801 1614 1004 1704 μεσονύκτιον

260 1715 1003 1816 ὲξαγειρθμενοιταῖςκαθηκούσαιςδοξολογίαις,

261 1831 314 1900 τόν
333 1839 467 1924 Σωτῆρα
484 1836 764 1925 καταγεραίρουσιν
781 1832 799 1903 ἢ
818 1841 887 1906 ταῖς
911 1829 1004 1905 θείαις

263 1946 445 2028 ὁμιλοῦντες
479 1953 628 2030 γραφαῖς,
663 1935 852 2020 αναζητοῦσι
883 1941 1007 2022 Ιλεπτῶς

262 2053 332 2114 τίνα
350 2039 397 2114 δεῖ
412 2059 522 2132 ποιεῖν,
540 2049 593 2112 καὶ
607 2059 671 2123 πῶς
690 2049 724 2112 ἂν
741 2048 863 2137 γένοιτο
886 2051 1005 2110 ἑαυτῶν

263 2158 415 2245 ἀμείνους.
440 2162 478 2221 Οἱ
501 2147 534 2220 δὲ
565 2159 676 2244 φαῦλοι
706 2153 759 2221 τὸν
784 2165 841 2230 τῆς
871 2155 1005 2242 ἡσυχίας

262 2261 367 2351 καιρὸν
386 2255 563 2328 δαπανῶσιν
582 2269 623 2338 εἰς
635 2264 794 2352 πονηρίας,
809 2264 862 2326 καὶ
878 2272 947 2336 ταῖς
964 2265 1006 2336 εἰς

261 2371 303 2436 τὰ
328 2371 432 2437 ἄτοπα
456 2364 633 2458 διασκέψεσι
649 2370 708 2441 την
733 2375 851 2434 ἑαυτῶν
877 2360 1005 2459 καρδίαν

262 2479 544 2566 καταμαλθνοντες,
560 2479 613 2544 τὸν
639 2487 701 2540 τῶν
719 2478 859 2543 ἐκτόπων
884 2482 1005 2541 ἐννοιῶν

260 2586 378 2672 καρπὸν
393 2586 560 2674 μονονουχὶ
573 2576 800 2674 διαυγαζοὺσης
814 2587 919 2659 αὐτοῖς
932 2582 1007 2671 ἡμέ·

268 2717 320 2781 ρας
333 2693 504 2781 ἑκρέρουσι,
517 2691 600 2756 κατὰ
614 2693 661 2757 τό·
680 2694 758 2758 Οὐαὶ
772 2698 799 2756 οἱ
811 2687 1008 2782 λογιζόμενοι

261 2801 345 2866 κακὲ
369 2803 420 2867 ἐπὶ
436 2803 545 2877 κοίτης
564 2806 676 2883 αὐτῶν,
694 2803 747 2864 καὶ
763 2801 830 2888 ἅμα
847 2812 886 2886 τῇ
905 2805 1007 2890 ημερᾷ

264 2914 431 2974 συντελοῦν
456 2907 536 2972 αὑτά
553 2909 586 2994 ¹).
613 2899 826 2998 ΙΙαρίστανται
842 2907 902 2999 γὰρ
920 2909 1004 2993 πάσρ

264 3007 325 3100 ὁδῷ
351 3021 406 3080 οῦκ
423 3015 539 3106 ἀγαθῇ,
556 3017 703 3082 τουτέστι
718 3010 837 3106 πράξει,
856 3018 929 3104 ὅπερ
954 3015 1007 3079 καὶ

267 3121 379 3212 ἐπάγει
403 3127 418 3186 ὁ
444 3121 572 3212 ψάλλων
597 3125 666 3212 περὶ
682 3125 875 3215 παρανόμου,
896 3125 1007 3214 λέγων·

264 3229 409 3320 Παρέστη
436 3229 520 3319 πάσῃ
547 3223 608 3316 ὁδῷ
633 3235 688 3296 οὐκ
712 3230 828 3323 ἀγαθῇ.
890 3301 894 3309 ,

1107 1397 1275 1487 Significat
1298 1401 1435 1468 Judceos
1457 1425 1568 1468 somno
1589 1425 1714 1482 vacuos,
1730 1404 1805 1469 dum

1062 1507 1190 1574 Christo
1212 1510 1342 1576 iusidias
1364 1515 1490 1594 perant.
1514 1510 1615 1577 Pleno
1631 1511 1803 1592 sensu,alii

1062 1616 1189 1700 quidem
1212 1617 1309 1682 sacris
1332 1617 1457 1702 legibus
1481 1618 1748 1702 obtemperantes,
1772 1618 1805 1682 in

1063 1725 1165 1791 media
1188 1729 1282 1791 nocte
1314 1726 1444 1791 excitati
1474 1726 1606 1792 canticis
1636 1725 1805 1808 consuetis,

1062 1835 1261 1902 salvatorem
1285 1835 1401 1920 gaudio
1424 1834 1629 1920 perfundunt,
1654 1835 1704 1900 rel
1726 1835 1807 1900 divi·

1061 1945 1110 2009 nis
1123 1945 1155 2008 iu
1172 1945 1338 2028 scripturis
1354 1945 1481 2024 assidui,
1498 1944 1633 2010 sollicite
1645 1947 1805 2028 quaerunt

1062 2073 1217 2136 quaenam
1241 2051 1364 2136 agenda
1379 2052 1444 2117 siut
1461 2056 1494 2116 et
1514 2052 1671 2136 quomodo
1695 2052 1805 2118 melio·

1061 2182 1112 2225 ree
1135 2183 1201 2226 esse
1225 2164 1354 2244 queant.
1377 2159 1442 2224 Alii
1467 2181 1542 2225 vero
1564 2159 1702 2243 improbi
1725 2164 1806 2224 tem-

1061 2293 1121 2355 pus
1137 2269 1253 2355 quietis
1270 2269 1458 2353 impendunt
1473 2269 1506 2333 in
1523 2269 1689 2348 melitium,
1702 2275 1735 2336 et
1751 2292 1805 2336 cor

1061 2401 1154 2444 suurn
1177 2376 1429 2442 maculantes'iu
1452 2377 1588 2460 stupidis
1619 2377 1806 2457 ratiociniis,

1061 2489 1165 2552 rixae
1179 2508 1218 2550 ne
1232 2485 1285 2550 vix
1297 2485 1425 2569 quidem
1436 2484 1640 2551 illucescente
1655 2485 1716 2565 die,
1728 2485 1805 2551 inci·

1060 2595 1155 2679 piunt
1177 2593 1393 2676 inquietorum
1417 2592 1649 2676 cogitationum
1672 2613 1803 2675 carpere

1060 2704 1194 2782 fructue,
1208 2703 1302 2787 juxte
1318 2699 1415 2767 illud:
1436 2699 1532 2766 “Vae
1555 2700 1604 2765 his
1627 2700 1682 2785 qui
1706 2700 1808 2766 medi-

1061 2795 1165 2876 tantes
1189 2810 1221 2873 in
1243 2808 1328 2873 lecto
1351 2829 1461 2873 eorum
1479 2807 1573 2887 mele,
1591 2830 1628 2872 ee
1642 2829 1700 2891 per
1722 2807 1807 2872 diem
1847 2831 1855 2844 ¹

1062 2915 1344 2993 consummabant3
1357 2915 1506 2980 incedunt
1517 2915 1599 2980 enim
1611 2937 1667 2999 per
1680 2937 1806 2980 omnem

1063 3024 1147 3089 viem
1160 3044 1224 3087 non
1236 3022 1370 3105 probem
1383 3072 1409 3101 ,,
1421 3022 1453 3087 id
1466 3027 1515 3088 eet
1525 3021 1558 3086 in
1574 3021 1709 3100 actione,
1722 3021 1807 3106 quod

1063 3132 1159 3198 etiem
1176 3130 1380 3214 persequitur
1395 3130 1560 3214 psalmista
1582 3131 1621 3196 de
1642 3136 1809 3216 peccatore
1859 3206 1860 3213 γ

1062 3235 1185 3302 dicens:
1213 3236 1225 3266 ⁸
1243 3233 1367 3300 Institit
1386 3234 1472 3298 omni
1495 3233 1565 3300 viee
1581 3255 1644 3299 non
1659 3234 1763 3299 bonae
1781 3283 1806 3314 ‚.

689 3583 718 3626 v.
746 3561 773 3626 7.
800 3557 834 3620 'll
859 3547 1038 3628 δικαιοσύνη
1065 3577 1118 3618 σου
1143 3559 1182 3629 ὡς
1208 3553 1262 3641 ὅρη
1289 3557 1378 3618 Θεοῦ.

763 3667 905 3734 Justitio
921 3673 977 3732 tuo
993 3667 1075 3732 sicot
1091 3670 1212 3731 montes
1227 3661 1301 3729 Dei.

308 3880 342 3944 'll
366 3891 421 3944 τοῦ
446 3883 511 3945 ἴσου
537 3872 682 3969 διανομαὶ,
700 3885 726 3944 εἰ
743 3880 796 3944 καὶ
820 3879 862 3968 μὴ
890 3877 1010 3969 τυγχά-

263 4011 354 4076 νομεν
369 3991 464 4053 αὐτοῦ
478 3989 562 4052 κατὰ
574 3987 633 4058 τὴν
651 3979 819 4076 ἀκρίθειαν,
833 3985 915 4052 ἀλλὰ
930 4011 1008 4078 γνω-

265 4108 308 4186 μῇ
336 4085 529 4182 δικαιωτάτῃ
549 4106 718 4179 ποιοῦντες,
736 4097 791 4159 οὐκ
815 4095 1007 4181 ἑκπὶπτομεν

263 4214 318 4268 τοῦ
344 4213 476 4268 σκοποῦ·
500 4207 519 4278 ἡ
545 4194 579 4267 δέ
602 4229 649 4278 τις
682 4202 798 4268 ἄνωθεν
827 4201 1004 4291 ἐπαγομένη

263 4309 347 4401 παρὰ
372 4321 427 4375 τοῦ
452 4303 571 4374 δικαίου
596 4318 712 4398 κριτοῦ,
733 4312 751 4382 ἥ
777 4333 813 4374 τε
837 4305 1010 4396 ἐπανορθω-

264 4419 337 4490 τικὴ
363 4418 416 4484 καὶ
441 4409 688 4498 ὰνταποδοτικθ,
710 4413 746 4493 ἦς
769 4416 849 4480 πολὺ
874 4413 910 4481 mi
934 4405 1009 4478 δυσ-

264 4526 421 4616 θεώρητον
447 4516 498 4590 διὰ
522 4525 558 4589 τὸ
581 4522 653 4613 ὕψος
676 4534 738 4587 τῶν
763 4522 1008 4608 ὲναποκειμένων

264 4637 344 4718 αὐτῇ
372 4623 550 4723 δογμάτων,
575 4623 677 4706 καθὼς
701 4629 794 4720 ρησὶν
819 4633 833 4692 ὁ
857 4618 1007 4710 Δαυὶδ,η

265 4731 451 4812 δικαιωσῦνη
479 4762 532 4803 σου
557 4743 597 4813 ὡς
622 4737 678 4826 ὄρη
707 4741 795 4801 Θεοῦ.

302 5076 324 5151 ¹)
344 5076 442 5134 Locus
461 5077 576 5134 frustra
594 5075 749 5151 quaesitus
769 5082 825 5132 est.
858 5041 861 5046 Δ

1108 3879 1178 3945 Etsi
1201 3900 1238 3942 ex
1261 3899 1361 3963 aequo
1385 3877 1497 3943 divisio
1525 3878 1616 3943 uobis
1647 3899 1710 3944 non
1735 3899 1810 3943 con·

1063 3988 1193 4055 cedatur
1216 3988 1255 4052 ad
1272 3985 1432 4065 amussim,
1449 3986 1475 4052 si
1488 3986 1664 4069 justissimo
1687 3985 1809 4052 calculo

1063 4099 1208 4173 utamur,
1241 4116 1260 4159 a
1288 4115 1384 4178 scopo
1414 4115 1479 4157 non
1511 4091 1716 4157 declinemus.
1748 4091 1807 4158 seo

1063 4226 1144 4289 quae
1167 4202 1363 4268 mensuretio
1385 4202 1443 4266 fiet
1466 4221 1591 4266 sursum
1608 4221 1627 4264 ιι
1645 4199 1735 4282 justo
1755 4200 1808 4284 ju-

1063 4312 1143 4389 dice,
1167 4309 1233 4375 sire
1257 4309 1296 4373 ad
1320 4307 1567 4386 reformandum,
1591 4304 1657 4370 sive
1680 4305 1719 4371 cd
1742 4307 1811 4371 red·

1064 4416 1213 4494 demtum,
1229 4415 1267 4480 de
1283 4414 1343 4479 hec
1358 4413 1562 4479 difficillimus
1583 4417 1745 4496 respectus
1762 4418 1812 4478 est

1063 4524 1103 4588 ob
1117 4521 1317 4588 altitudinem
1330 4520 1533 4586 consiliorum
1546 4540 1627 4603 quae
1640 4519 1704 4584 huc
1715 4540 1808 4603 spec-

1064 4633 1145 4711 tent,
1168 4628 1252 4694 sicut
1268 4628 1314 4693 eit
1331 4627 1449 4692 David:
1478 4630 1491 4660 ‘¹
1506 4626 1528 4692 J
1530 4625 1640 4692 ustitia
1655 4630 1712 4692 tue
1728 4627 1810 4692 sicut

1064 4741 1188 4804 montes
1212 4735 1271 4801 Dei
1290 4783 1316 4812 „.
