4006 6074
692 557 848 632 Metram
865 557 905 631 iu
921 555 1047 630 librum
1066 559 1230 635 Judicum

469 734 601 820 Raptim
625 733 718 820 sigua
740 756 880 817 movens,
902 735 1047 804 Iordanis
1068 736 1181 804 littora
1202 737 1332 818 claudit,

472 842 524 910 Ne
547 845 715 929 quiequam
739 843 887 910 brevibus
910 843 1015 911 veleat
1038 844 1174 911 transire
1197 845 1336 911 fluentis.

405 945 447 982 ¹⁹⁰
470 952 639 1037 Quumque
661 952 770 1019 decem
793 952 872 1019 duro
895 952 1029 1019 fudisset
1051 952 1152 1020 millis
1175 953 1271 1033 ferro,

470 1060 622 1127 Reddidit
644 1063 793 1128 amissum
817 1062 909 1128 sociis
931 1084 1109 1147 nomenque
1132 1063 1299 1147 decusque.

514 1167 596 1235 Exin
620 1168 706 1236 bella
728 1169 833 1251 silent,
858 1169 982 1237 nullum
1005 1171 1082 1236 daut
1104 1168 1226 1254 praelia
1250 1171 1382 1250 motum,

470 1277 589 1363 Bisque
612 1277 823 1362 quaterdenos
846 1282 1011 1344 cessarunt
1033 1276 1099 1343 tela
1121 1298 1178 1361 per
1201 1297 1310 1341 anuos.

451 1384 548 1471 ¹Post
570 1386 649 1452 haec
672 1382 841 1472 Semcgras
855 1380 889 1472 ¹),
913 1387 1008 1472 parili
1031 1388 1150 1454 virtute
1173 1384 1340 1470 superbus,

406 1487 446 1526 ¹⁹⁵
469 1492 602 1560 Iudaeos
624 1494 708 1559 rexit
729 1494 877 1580 populos,
900 1494 1064 1581 clarosque
1087 1495 1227 1580 reliquit.

471 1600 532 1668 Sed
555 1602 631 1668 dum
654 1603 774 1670 securis
796 1598 1003 1689 potiuntur')
1027 1603 1145 1688 gaudia
1167 1603 1274 1682 rebus,

468 1710 607 1776 Fastidit
630 1731 709 1796 gene
732 1715 825 1778 torva
847 1711 961 1794 Deum,
984 1733 1135 1797 cassoque
1159 1714 1292 1797 precatu

468 1818 665 1886 Numinibus
688 1820 821 1902 miserie,
845 1843 927 1906 qnae
949 1821 1037 1902 vicit,
1060 1823 1225 1888 consecrat
1248 1841 1330 1885 arse.

468 1929 558 2016 Ergo
580 1933 768 1997 exercentur
789 1931 911 2015 poeuis,
935 1933 968 1996 et
991 1930 1122 1998 crimine
1145 1930 1244 2015 digna

403 2033 446 2071 ²⁰⁰
469 2037 633 2124 Supplicia
655 2039 848 2124 expendunt.
871 2039 1012 2120 lubinus,
1036 2038 1144 2124 regius
1167 2038 1272 2118 heros,

470 2146 659 2213 chananaea
680 2169 804 2228 manne,
827 2145 948 2213 laeuus
970 2148 1057 2233 pube
1081 2153 1202 2228 coacta,

471 2253 578 2321 Sisara
599 2253 734 2321 militiae
756 2255 889 2322 ductore
913 2259 946 2321 et
968 2255 1123 2340 principe,
1147 2257 1284 2340 pugnat,

457 2361 681 2448 'Ferrataeque
702 2362 786 2429 scies
808 2363 979 2448 nongentis
1001 2363 1148 2431 curribus
1170 2363 1294 2450 implet.

470 2468 513 2534 Et
535 2468 613 2536 licet
634 2469 805 2536 immensos
828 2469 891 2536 fido
914 2471 1024 2537 trahat
1047 2471 1175 2556 agmine
1197 2475 1331 2552 turmas,

403 2571 446 2609 '⁰⁵
469 2576 547 2643 Plus
569 2582 674 2644 terror
696 2583 864 2663 quassatus
887 2580 956 2664 agit
969 2577 1014 2662 Β);
1037 2602 1174 2665 namque
1197 2603 1257 2647 axe
1279 2579 1401 2646 volanti

470 2683 736 2770 Quadrupedantc
759 2689 888 2771 putrem
910 2687 1017 2754 sonitu
1040 2689 1145 2772 quatit
1167 2689 1291 2774 ungule
1312 2711 1472 2774 campum.

468 2794 650 2864 Vincuntur
674 2795 787 2862 Solimi
808 2797 935 2882 passim,
959 2801 1125 2883 grmeante
1149 2796 1309 2864 Canauna

469 2901 587 2988 Bisque
610 2902 718 2972 decem
741 2904 862 2972 ducunt
885 2927 943 2989 per
965 2905 1073 2972 tristia
1095 2927 1240 2991 quaeque
1263 2905 1456 2974 decembres.

470 3009 628 3096 Tempore
650 3032 714 3077 non
737 3011 801 3078 alio
823 3012 990 3097 prophetis
1012 3013 1165 3080 Debborc
1187 3017 1303 3099 regnat

402 3111 444 3150 ²¹⁰
469 3117 528 3184 cui
551 3117 666 3184 coniux
687 3118 835 3204 Icpidcth
858 3119 930 3199 fuit,
955 3115 1132 3202 metibili⁴)
1155 3121 1229 3187 aede

467 3226 544 3292 Iura
566 3225 673 3292 serene
696 3225 834 3311 populis,
858 3227 989 3295 acclinis
1011 3228 1140 3296 caudice
1163 3227 1301 3314 pelmse,

468 3333 590 3402 Evocat
613 3335 692 3402 haec
715 3355 879 3418 procerem
902 3335 1060 3403 Baracum
1084 3359 1124 3404 ex
1146 3337 1226 3404 urbe
1249 3335 1394 3418 Gadesea,

469 3441 513 3508 Et
537 3441 667 3509 monitis
689 3441 814 3508 imbuta
836 3441 898 3508 Dei
920 3441 970 3508 bia
992 3443 1095 3512 millia
1116 3445 1215 3530 quina

471 3549 611 3617 Sisareoa
634 3549 765 3616 maudut
787 3571 903 3616 cuneos
926 3551 1099 3617 consistere
1123 3555 1245 3619 contra.

402 3652 446 3690 ¹¹⁵
469 3657 529 3725 Ille
551 3659 655 3740 timet,
678 3657 859 3744 sociamque
881 3663 977 3744 rogat
999 3659 1033 3724 in
1056 3659 1143 3726 bella
1165 3659 1354 3746 propheten,

468 3766 604 3833 Nescius
627 3766 752 3852 ingenti
775 3767 880 3852 coepti
902 3767 963 3833 eibi
985 3767 1093 3835 delore
1115 3768 1267 3853 palmam,

470 3870 505 3939 Si
529 3873 650 3958 pariter
674 3873 713 3940 ad
736 3876 842 3940 caetra
863 3877 967 3956 vocnt,
991 3874 1043 3940 cui
1064 3874 1168 3960 glorie
1190 3874 1295 3960 prime
1317 3878 1376 3940 est.

467 3981 514 4048 At
536 3982 651 4050 mulier
674 3981 743 4049 eolo
765 4003 842 4048 sexu
866 4004 949 4050 nova
971 3984 1081 4050 munia
1103 3983 1216 4064 sumit,

467 4089 672 4176 Dilectasque
695 4095 802 4157 movet
824 4112 883 4174 per
906 4091 1043 4158 bsrbare
1065 4091 1155 4157 culte
1176 4091 1334 4172 cohortes,

401 4193 444 4232 ¹²⁰
469 4197 614 4265 (lisoncm
638 4199 678 4265 ad
700 4197 844 4279 fluvium,
867 4199 996 4265 veniens
1019 4199 1075 4284 qui
1097 4198 1228 4285 gurgite
1251 4220 1353 4284 prono

468 4305 552 4372 Sars
574 4308 671 4386 rotat,
696 4305 845 4390 ripasque
867 4309 994 4372 tumens
1017 4304 1160 4372 evincere
1182 4305 1313 4392 gaudet.

467 4411 600 4496 Iamque
622 4411 708 4478 intra
730 4412 851 4478 iactum
872 4410 932 4477 teli
945 4407 971 4494 5)
995 4433 1111 4478 venere
1133 4411 1320 4498 phalanges,

469 4517 575 4596 Quum
597 4518 763 4601 Dominus,
787 4519 838 4586 cui
861 4520 964 4586 virtus
986 4520 1070 4586 inest
1093 4541 1174 4604 quae
1197 4519 1300 4586 sidera
1322 4523 1437 4600 mutet,

469 4625 635 4713 Quamque
657 4631 801 4694 tremunt
823 4631 939 4708 terrae,
963 4649 1028 4712 qua
1049 4626 1171 4694 fulmen
1193 4627 1331 4694 nubibus
1355 4625 1455 4708 ardet,

402 4728 444 4768 ’²¹’
469 4732 557 4811 Quae
579 4739 686 4802 movet
709 4735 868 4803 incertum
890 4736 1006 4822 refugo
1027 4735 1191 4802 molimine
1213 4739 1361 4820 pontum,

468 4841 603 4909 Terrore
626 4842 778 4925 immisso,
802 4841 943 4910 Sissrem
965 4842 1077 4928 fugat:
1102 4842 1184 4910 male
1207 4864 1361 4928 praeceps

152 5069 154 5074 ·
224 5037 245 5109 ¹)
264 5037 416 5109 Simagros
433 5035 465 5107 Ο,
485 5033 560 5092 eliae
578 5036 711 5109 semar.
990 5035 1070 5094 sient
1088 5039 1209 5093 moneta
1226 5035 1369 5110 probast
1386 5033 1505 5108 publice
1531 5039 1657 5110 recepta,
1682 5035 1736 5092 sed

223 5125 246 5196 ¹)
260 5128 424 5197 potiamur
432 5126 465 5196 B,
477 5125 507 5196 Ο,
519 5143 557 5182 cn
568 5125 644 5182 bene
651 5124 888 5198 percontarer,
901 5125 935 5182 B.
989 5124 1142 5184 rarissime
1159 5143 1221 5183 vox
1238 5142 1314 5199 quse
1333 5131 1402 5184 ante
1421 5139 1499 5183 eaeo.
1518 5139 1563 5182 xn
1587 5125 1735 5183 hactenus

223 5215 247 5286 ³)
266 5217 419 5287 musaeu
437 5215 474 5286 A,
485 5215 520 5288 B,
531 5214 563 5272 0.
992 5216 1073 5274 dicta
1090 5235 1151 5275 non
1168 5215 1367 5289 cognoscitur.
1620 5229 1622 5236 ’

226 5307 249 5377 ⁴)
267 5305 394 5364 suecia
416 5306 495 5364 sedis
519 5304 555 5376 Δ,
573 5304 607 5375 Β,
627 5305 658 5378 O,
684 5307 823 5364 mmouu
850 5306 938 5362 sedes
1027 5309 1050 5383 ⁵)
1068 5310 1150 5366 iutra
1162 5310 1283 5380 jactum
1302 5310 1352 5366 leti
1369 5311 1431 5366 tree
1451 5306 1535 5366 codd.
1554 5306 1586 5366 0.

186 5394 306 5454 videtur
324 5412 361 5454 ea
378 5411 455 5470 quac
474 5393 591 5470 publice
605 5395 732 5469 erigitur
744 5400 775 5453 et
786 5395 937 5469 probatur,
