4022 6072
864 580 898 652 io
913 577 1076 671 psalmos.
1707 589 1742 645 se

195 760 297 816 ταῦτα
314 749 366 814 καί
382 750 466 823 πλὴν
484 753 556 838 ἐμοῦ
569 753 630 820 ,οὐκ
654 753 721 816 ἔστι
745 751 822 826 Θεὸς
834 751 870 837 ¹2,
886 753 939 818 καὶ

193 859 241 924 τό·
256 857 449 948 Ἰἰμτιροσθέν
468 882 527 946 μου
545 862 578 922 οὐ
595 859 720 950 γέγονεν
739 859 831 935 ἄλλος
852 863 940 936 Θεός,

194 965 248 1029 καὶ
262 965 328 1054 μετ’
343 965 397 1054 ἐμὲ
411 968 466 1028 οὐκ
482 963 616 1049 ἔσται’),
631 967 683 1029 καὶ
697 967 742 1030 τό·
758 967 872 1032 Ἄκουε
887 974 944 1031 Ἰσ-

198 1073 288 1163 ραὴλ,
306 1073 414 1163 Κύριος
437 1077 546 1148 osen
565 1097 617 1136 σου
637 1073 744 1163 Κόριος
762 1071 802 1149 εἷς
828 1076 942 1160 sert-²),

196 1182 250 1245 καὶ
274 1179 315 1244 τά
340 1186 443 1270 ὁμοῖοι,
469 1185 503 1244 οὐ
526 1180 599 1269 πρὸς
617 1181 670 1245 τόν
689 1181 758 1246 utto
784 1183 942 1270 εἰρήκασιν

196 1295 228 1352 αἰ
251 1289 384 1378 γραφαὶ,
410 1287 589 1378 ἀλλὰπρὸς
614 1289 656 1353 τά
681 1287 788 1376 άρωνα
817 1279 943 1372 εἴδωλα,

196 1398 250 1464 καί
273 1398 314 1464 τά.
340 1391 527 1485 οείίάοματα
551 1408 613 1462 τῶν
637 1395 742 1464 ἐθνῶν.

994 777 1076 835 mus,
1093 775 1153 839 ego
1173 759 1247 838 post
1269 755 1349 821 haee
1366 754 1482 834 omnia,
1500 759 1532 820 et
1547 761 1674 840 prester
1691 777 1742 823 me

994 885 1058 928 non
1081 867 1129 928 est
1152 862 1240 928 Deus
1259 914 1284 943 „
1298 867 1331 928 et
1353 863 1456 928 istud:
1477 867 1489 895 '¹
1510 862 1595 928 Ante
1611 887 1662 930 me
1678 887 1741 931 uon

997 974 1045 1035 est
1069 969 1172 1035 fautus
1204 969 1289 1034 Deus
1318 969 1412 1048 alter,
1437 974 1565 1054 etpost
1597 994 1648 1036 me
1678 995 1743 1038 non

998 1077 1059 1142 erit
1077 1126 1102 1158 „
1127 1083 1159 1142 et
1182 1076 1280 1142 adde:
1309 1077 1434 1160 “Audi,
1451 1078 1562 1158 Israel,
1587 1079 1745 1148 Dominus

997 1184 1083 1250 Deus
1107 1189 1192 1264 tuus,
1218 1183 1372 1249 Dominus
1388 1205 1471 1250 unus
1487 1189 1535 1250 est
1552 1235 1577 1265 „
1601 1190 1633 1250 et
1657 1187 1746 1252 simi·

999 1292 1053 1373 lia,
1071 1315 1108 1360 es
1121 1291 1304 1377 scripturae
1321 1314 1384 1358 uon
1401 1293 1544 1378 dirigunt
1557 1294 1597 1361 sd
1612 1293 1742 1376 Filium,

999 1401 1051 1466 sed
1068 1401 1107 1466 od
1123 1405 1213 1466 muts
1236 1399 1320 1466 idola
1344 1405 1376 1464 et
1396 1423 1447 1466 res
1464 1423 1568 1468 saeros
1585 1403 1740 1487 gentium.

275 1818 304 1861 v.
329 1795 381 1862 33.
407 1793 441 1858 ‘0
465 1795 540 1870 Θεὸς
564 1798 580 1858 ὁ
604 1787 814 1884 περιζωννιίων
839 1817 879 1884 με
905 1785 1045 1884 δύναμιν,
1069 1794 1123 1858 καί
1146 1791 1234 1859 ἔθετο
1259 1792 1389 1883 ἄμωμον
1413 1791 1473 1864 τὴν
1497 1783 1568 1858 ὁδόν
1594 1815 1665 1882 μου.

323 1903 424 1986 Deus,
448 1908 504 1989 qui
521 1903 706 1988 praecinxit
730 1925 777 1969 me
801 1905 928 1985 virtute,
952 1909 980 1969 et
999 1906 1110 1986 posuit
1132 1904 1370 1972 immacutatum
1393 1905 1478 1970 otone
1501 1923 1612 1968 meum.

620 2146 638 2185 Υ

241 2153 276 2218 ‘0
302 2153 356 2242 μὲν
378 2147 429 2218 οὖν
448 2152 533 2243 ἅγιος
550 2152 775 2241 περιςώννυται
800 2144 940 2241 δύναμιν·

197 2263 213 2322 ὁ
232 2249 264 2325 δὲ
277 2260 421 2325 ἀπολύων
439 2259 498 2331 τὴν
515 2255 615 2339 ζώνην
630 2261 763 2346 ταύτην,
776 2271 822 2344 τῷ
836 2252 941 2347 δεσμῷ

198 2379 258 2432 τῶν
275 2361 357 2434 ἰδίων
376 2373 536 2459 ἁμαρτιῶν
550 2363 714 2447 ζώννυται·
731 2363 812 2436 διότι
829 2381 941 2459 σειραῖς

198 2487 261 2540 τῶν
280 2469 362 2542 ἰδίων
380 2482 548 2566 ἁμαρτιῶν
558 2479 688 2552 ἕκαστος
706 2480 883 2567 σφίγγεται*
900 2473 941 2542 ὧν

197 2577 354 2674 σόμίίολον
367 2586 404 2648 τό
418 2589 452 2648 ἐκ
467 2595 609 2674 σχοινιῶν
623 2587 809 2676 φραγέλλιον
820 2580 943 2663 ὲξελαῦ·

197 2715 247 2755 νον
272 2699 328 2755 τοῦ
348 2695 426 2780 ἱεροῦ
448 2691 519 2768 τοὺς
538 2684 744 2776 βεδελοῦντας
761 2691 803 2757 τά
819 2692 894 2782 ἅγια
904 2695 942 2777 ⁴),

197 2790 372 2874 δεικνῦντος
396 2808 451 2862 τοῦ
476 2801 587 2888 Κυρίου
605 2800 654 2863 ὅτι
669 2799 792 2882 ἑκάστῳ
811 2810 943 2891 μαστϊγι

198 2912 230 2970 αἰ
253 2911 361 2973 οἰκείαι
384 2910 502 2972 πλοκαί
532 2919 595 2974 τῶν
623 2909 862 3000 ἁμαρτημάτων
888 2912 942 3000 γί-

197 3041 312 3080 νονται.
590 3021 592 3026 ’

1041 2155 1101 2221 vir
1114 2158 1216 2242 igitur
1228 2162 1355 2223 sanetus
1369 2157 1488 2223 virtute
1506 2155 1739 2241 praecingitur3

996 2266 1052 2329 sed
1066 2265 1121 2349 qui
1137 2265 1279 2330 dissolvit
1303 2265 1388 2331 huno
1411 2265 1586 2350 cingulum,
1609 2263 1738 2331 vinculo

996 2366 1199 2458 propriorum
1212 2377 1414 2457 peecatorum
1428 2373 1579 2458 cingitur,
1597 2373 1673 2456 quin
1688 2395 1740 2438 cs·

997 2481 1078 2546 tonis
1091 2504 1220 2547 suorum
1237 2482 1370 2565 quisque
1382 2481 1614 2566 constringitur
1630 2502 1743 2564 pecen—
1765 2549 1769 2556 ,

997 2569 1122 2652 tonum}
1146 2610 1282 2671 querum
1310 2590 1417 2672 imago
1441 2593 1490 2654 est
1512 2587 1678 2672 flagellum
1703 2607 1741 2651 ex

998 2695 1137 2775 funibus,
1162 2697 1246 2780 quod
1262 2695 1394 2780 expellit
1411 2718 1449 2760 ex
1466 2694 1587 2779 templo
1603 2717 1667 2775 eos,
1684 2695 1740 2778 qui

997 2803 1292 2883 sanctetviolnbant,
1306 2803 1491 2868 ostendente
1505 2802 1642 2870 Domino
1655 2803 1739 2886 quod

998 2912 1110 2995 cuique
1133 2909 1235 2976 instar
1250 2911 1369 2996 flagelli
1392 2911 1475 2976 fiunt
1498 2911 1619 2995 proprii
1643 2931 1742 2976 nexus

998 3041 1128 3086 suorum
1152 3024 1368 3104 peecatorum.

197 3366 227 3408 v.
253 3344 305 3408 34.
331 3340 365 3405 '0
390 3335 656 3430 καταρτιζόμενος
680 3339 752 3416 τοὺς
775 3330 873 3416 πόδας
900 3364 958 3430 μου
983 3345 1022 3416 ὡς
1048 3339 1174 3429 ἒλάρου,
1193 3339 1246 3405 καί
1270 3338 1320 3405 ἐπὶ
1344 3337 1384 3404 τά
1408 3334 1467 3426 ὕψη
1495 3362 1554 3427 μου
1582 3342 1672 3402 ἱστῶν
1698 3360 1744 3426 με.

265 3449 328 3531 Qut
350 3451 514 3531 expeditos
535 3451 612 3533 feeit
629 3450 730 3532 putes
753 3471 845 3528 oecos,
863 3456 898 3515 ut
922 3451 1015 3529 cerei,
1039 3455 1068 3515 et
1092 3471 1187 3532 super
1210 3449 1332 3515 excelso
1356 3469 1425 3514 tneo
1448 3450 1562 3514 statuit
1586 3469 1633 3514 me
1647 3444 1684 3528 ⁵).
1736 3479 1737 3484 ¹

243 3663 327 3726 Φασὶ
351 3661 407 3737 τάς
432 3661 563 3750 ἐλάφους
589 3655 832 3753 εὐδρομωτάτας
856 3657 943 3745 εἶναι,

164 3859 171 3868 .
200 3773 253 3836 καὶ
265 3773 321 3862 μὲν
335 3773 388 3836 καί
401 3773 610 3860 όφιοκτόνους,
623 3773 675 3836 καὶ
687 3764 876 3860 διωκομένοις
887 3773 945 3836 ὑπὸ

198 3886 260 3940 τῶν
276 3876 444 3966 θηρευτῶν,
467 3874 560 3965 ὑψόσε
572 3875 598 3960 ⁸)
622 3877 777 3968 φέρεσθαι.
796 3871 944 3955 Ἐδίωξαν

198 3978 250 4048 οὖν
275 3987 327 4048 καί
351 3984 405 4050 τόν
430 3979 527 4048 Δαυίδ
545 3985 637 4048 ἄλλοι
655 4009 689 4050 τε
713 3985 766 4049 καὶ
789 3990 805 4048 ὁ
830 3983 945 4050 Σαούλ·

198 4095 269 4155 ἀλλ’
284 4097 318 4156 οὺ
331 4084 508 4156 κατέλαόον
523 4093 629 4176 αὐτόν,
642 4103 697 4156 τοῦ
711 4098 790 4158 Θεοῦ
804 4092 880 4181 τάχ’
894 4096 947 4156 αὺ-

199 4209 245 4281 τῷ
256 4201 500 4288 ἑμπαρίχοντος,
510 4199 564 4263 καὶ
573 4211 769 4266 καταπατεῖν
785 4206 824 4275 ὡς
837 4193 946 4266 ittotai

198 4307 270 4383 τοὺς
293 4309 461 4395 πολεμίους
488 4319 661 4384 ποιοῦντος.
694 4307 780 4373 Ἐπεί
811 4299 844 4372 δὲ
866 4299 945 4370 ἴδιόν

199 4422 266 4482 ἑστι
289 4427 347 4491 τῆς
372 4427 435 4481 τῶν
460 4409 574 4506 νεόρῶν
592 4417 709 4506 ρόσεως
729 4418 766 4481 τὸ
791 4418 946 4480 ἀναλωτι-

197 4524 250 4590 ιιὸν
275 4535 338 4589 τῶν
371 4523 484 4614 Θηρίων
516 4525 569 4588 καί
600 4523 636 4591 τό
667 4515 869 4614 φευγοιδεόειν
900 4533 945 4606 τῷ

197 4632 327 4722 ἰσθματι
343 4633 397 4696 καὶ
414 4643 453 4716 τῇ
474 4643 528 4697 τοῦ
545 4633 655 4722 χροτός
675 4623 812 4703 ἰδιότητι
828 4632 864 4696 τό
882 4640 945 4695 τῶν

198 4741 294 4830 ὄφεων
319 4742 417 4833 γένος,
444 4741 571 4816 είκότως
595 4733 699 4830 νέδρος
724 4744 739 4802 ὁ
767 4739 874 4827 Ιίόριος
898 4737 948 4802 λέ-

197 4873 300 4939 γεται,
324 4856 364 4924 ὡς
387 4861 497 4915 πατῶν
515 4851 568 4913 καί
585 4850 757 4914 ἀναλίσκων
776 4847 834 4917 τὴν
860 4851 948 4911 ἐναν-

196 4960 267 5024 τίαν
292 4957 457 5046 ἑνέργειαν·
481 4958 534 5021 καί
558 4956 628 5034 τοὺς
651 4953 795 5046 μαθητάς
821 4959 861 5029 εἰς
885 4953 945 5025 τὴν

235 5223 258 5298 ¹)
277 5224 317 5280 Is.
337 5239 398 5292 xm,
419 5223 445 5278 4.

235 5313 512 5398 &mmmm

235 5405 258 5477 8)
277 5405 400 5460 Denter.
419 5417 461 5472 νι,
481 5403 508 5456 4.

344 5530 439 5586 Asso.
458 5541 486 5600 ν,
507 5525 558 5584 fol.
577 5530 633 5584 ω’.

1045 3663 1203 3729 Referunt
1233 3685 1327 3728 eursu
1351 3685 1459 3729 cervos
1487 3685 1555 3728 esse
1586 3661 1745 3728 velocissi-

1000 3793 1078 3850 mos,
1102 3775 1199 3854 utque
1224 3770 1320 3835 etiam
1349 3771 1545 3854 serpentium
1578 3769 1743 3850 occisores,

1001 3883 1033 3944 et
1056 3879 1095 3944 ud
1118 3877 1185 3943 aits
1204 3899 1341 3957 currere,
1358 3878 1484 3961 quondo
1507 3899 1560 3942 eos
1577 3883 1742 3943 venatores
1780 3957 1783 3965 Ι

1001 3988 1221 4072 insequuntur.
1240 3986 1515 4071 Persequebuntur
1528 3986 1628 4070 igitur
1642 3984 1744 4050 David

1001 4095 1055 4160 ulii
1079 4117 1151 4160 oum
1175 4092 1261 4174 Saul,
1286 4094 1340 4158 sed
1371 4116 1434 4158 non
1466 4093 1633 4176 capiebant
1661 4114 1744 4170 eum,

1001 4225 1099 4286 quum
1117 4201 1204 4266 Deus
1220 4201 1329 4266 statim
1345 4199 1393 4282 illi
1406 4201 1540 4282 adesset,
1554 4200 1680 4284 vimque
1693 4199 1745 4264 ds·

1001 4318 1050 4378 ret
1066 4311 1281 4391 conculcandi,
1299 4314 1337 4376 ut
1353 4309 1482 4393 reptilis
1494 4331 1659 4387 venenoso,
1677 4307 1749 4372 hos·

1001 4425 1049 4486 tes
1073 4441 1157 4485 suos,
1181 4416 1227 4482 At
1249 4439 1348 4501 quum
1373 4439 1409 4481 es
1432 4416 1475 4481 sit
1497 4420 1613 4480 nature
1627 4415 1747 4479 hinnu·

1000 4524 1117 4604 lorum,
1134 4529 1178 4600 ut,
1188 4523 1353 4589 destruunt
1369 4521 1502 4599 belluos,
1519 4526 1551 4586 et
1568 4521 1680 4606 fugare
1693 4519 1748 4586 he-

1001 4629 1062 4696 litu
1086 4630 1242 4715 pellisque
1258 4627 1481 4712 singularitate
1497 4647 1599 4711 genus
1617 4649 1748 4710 serpen·

1002 4740 1094 4820 tium,
1111 4743 1195 4805 recte
1218 4737 1370 4803 hinnulus
1387 4736 1502 4801 dieitur
1522 4734 1687 4816 Dominus,
1710 4738 1747 4798 ut

1003 4847 1058 4930 qui
1082 4846 1246 4912 conculcet
1263 4849 1295 4909 et
1311 4843 1446 4909 destruit
1461 4841 1621 4906 inimicam
1645 4845 1749 4925 potes·

1002 4959 1119 5031 tetem·;
1142 4957 1239 5036 etque
1255 4950 1426 5035 discipulos
1441 4951 1473 5014 in
1497 4953 1646 5014 naturam
1663 4948 1747 5015 nervi

1036 5214 1247 5291 &mmm

1037 5309 1059 5382 ⁵)
1079 5305 1122 5364 Of.
1142 5311 1162 5362 t.
1182 5321 1203 5374 1,
1223 5305 1291 5372 3133
1312 5319 1345 5376 11,
1365 5305 1434 5373 3293
1454 5319 1495 5376 ιν,
1515 5303 1578 5358 253.

1039 5397 1061 5470 ⁶)
1080 5393 1151 5453 (iod.
1170 5395 1237 5465 ὕψου.
