4022 6072
433 967 849 1103 SANCTUS
902 969 1540 1104 HIERONYMUS

267 1229 362 1328 nn
404 1227 820 1358 naumann
859 1229 1169 1348 Morsus
1208 1231 1308 1330 nn
1347 1230 1704 1331 annania

820 1709 1151 1800 PROLOGUS¹).

257 1932 498 2000 Praeterierunt
517 1933 587 2018 jam
608 1932 719 2018 plures
741 1933 826 2014 anni,
851 1938 1061 2019 posteaquam
1082 1933 1201 1998 litteris
1225 1934 1290 1999 suis
1313 1932 1441 2018 quidam
1462 1931 1604 2014 clericus,
1631 1935 1758 2000 nomine

213 2041 373 2127 PaganuS,
398 2041 572 2107 Britannus
596 2063 724 2127 genere,
748 2042 906 2127 quaesivit
929 2065 949 2108 a
969 2063 1031 2123 me,
1047 2041 1124 2126 quid
1147 2045 1229 2108 esset
1245 2042 1330 2129 quod
1345 2042 1458 2109 beatus
1474 2044 1701 2129 Hieronymus,
1724 2045 1758 2109 in

215 2149 349 2234 epistola
371 2156 468 2234 quam
491 2149 604 2216 scribit
619 2151 659 2216 ad
675 2150 846 2216 Paulinum
859 2146 897 2234 ²),
921 2151 959 2216 de
983 2155 1127 2216 senatore
1144 2151 1379 2237 presbyterum,
1404 2152 1544 2218 breviter
1567 2155 1759 2238 argumenta

213 2263 406 2343 praenotans
428 2258 584 2324 librorum
608 2260 707 2326 totius
730 2260 847 2326 veteris
870 2281 1033 2344 novaeque
1054 2257 1248 2343 Scripturas,
1272 2260 1399 2344 quaerit
1415 2281 1514 2343 quare
1528 2255 1553 2341 ³)
1578 2281 1642 2326 non
1666 2260 1759 2346 lege·

214 2367 314 2432 rimus
336 2365 632 2433 Homerocentones
655 2371 688 2433 et
711 2365 1015 2452 Virgilioceutonas.
1033 2366 1094 2433 Sed
1110 2367 1186 2451 quia
1202 2371 1280 2432 tunc
1296 2367 1376 2432 mibi
1391 2367 1544 2452 quaesitis
1566 2369 1758 2452 respondere

218 2473 302 2558 [non]
327 2475 462 2555 vacavit,
485 2496 581 2554 nune,
606 2475 689 2540 sicut
712 2475 787 2556 dixi,
811 2474 909 2559 longo
925 2481 998 2560 post
1022 2480 1178 2559 tempore,
1194 2496 1258 2539 non
1273 2475 1335 2560 ipsi
1348 2476 1416 2560 jam
1439 2475 1510 2556 soli,
1534 2476 1588 2541 sed
1612 2497 1684 2541 curn
1708 2476 1758 2542 his

215 2603 340 2666 quoque
364 2582 484 2666 puriter
508 2582 539 2647 id
562 2581 671 2647 forsan
694 2563 935 2668 ignorantibus,
960 2605 997 2650 ac
1020 2582 1100 2649 scire
1122 2581 1316 2663 volentibus,
1340 2605 1397 2667 per
1425 2604 1574 2667 praesens
1598 2605 1758 2649 commen·

214 2689 319 2755 tulum
331 2685 358 2772 ⁴)
382 2689 521 2755 fideliter
544 2711 580 2756 ac
602 2711 687 2769 rere,
711 2689 793 2756 sicut
817 2695 906 2774 puto,
923 2691 1108 2774 respondeo,
1126 2690 1216 2756 nulla
1230 2691 1418 2775 cujusquam
1435 2690 1578 2756 mercede
1601 2689 1756 2776 quaesita.

213 2797 317 2883 Legat
332 2797 387 2882 qui
404 2796 474 2864 vult
488 2819 589 2884 erg03
605 2821 741 2883 cumque
756 2797 902 2866 didicerit
918 2799 1003 2884 quod
1019 2799 1199 2884 ignorabat,
1216 2799 1359 2865 oratione
1374 2820 1425 2864 me
1443 2797 1551 2882 potius
1567 2803 1758 2881 remuneret,

214 2926 311 2990 quam
333 2905 460 2970 datione
483 2906 646 2990 pecuniae.
672 2907 820 2989 Explicit
837 2908 1006 2992 preloque.
1030 2907 1202 2990 Incipiunt
1224 2899 1419 2990 repererat.
1508 2980 1512 2988 ⁴

474 3097 655 3156 Oarmunmr
672 3097 696 3155 1.
1014 3102 1045 3154 et
1062 3097 1167 3155 heberi
1180 3097 1250 3172 jure
1263 3097 1416 3157 meruisse.
1429 3099 1507 3156 Nam
1519 3104 1550 3156 et
1569 3101 1638 3156 ante
1657 3113 1760 3156 omues

1011 3185 1080 3257 fuit,
1093 3204 1220 3258 quorum
1233 3186 1405 3244 memoriam
1417 3187 1563 3256 novimus,
1578 3191 1610 3244 et
1621 3186 1759 3244 omnibus

250 3279 375 3338 Consta
384 3279 465 3353 apud
474 3279 602 3337 Graecos
612 3279 777 3336 Homerum
786 3277 899 3335 virtute
908 3295 959 3350 pa·
1012 3275 1114 3334 verius
1133 3283 1223 3348 atque
1239 3276 1368 3334 lucidius
1381 3275 1526 3349 quidquid
1538 3276 1636 3334 dicore
1654 3274 1758 3345 voluit,

213 3370 288 3428 riter
305 3377 337 3428 et
355 3376 463 3442 aetate,
481 3388 541 3427 non
559 3375 677 3443 poetam
689 3369 795 3439 solum,
809 3368 864 3425 sed
880 3369 959 3441 prin·
1012 3367 1181 3441 explicavit,
1193 3368 1277 3426 velut
1285 3367 1438 3439 Horatius,
1449 3367 1501 3440 qui
1510 3367 1541 3424 in
1552 3365 1679 3442 epistola
1688 3383 1760 3440 qua·

214 3458 309 3533 cipum
327 3475 445 3532 quoque
463 3457 708 3532 philosophorum
726 3455 828 3514 uocari
845 3456 958 3530 pariter
1012 3457 1081 3513 dam
1099 3457 1218 3515 loeutus
1238 3464 1292 3531 est,
1312 3457 1462 3528 dicaam:

502 3637 626 3706 Trojcat
644 3637 714 3693 betti
729 3637 912 3707 scriptorem,
933 3639 1066 3694 maxime
1084 3639 1169 3705 Lolli,

497 3728 579 3784 Dum
598 3730 631 3783 tu
649 3727 801 3782 declamas
818 3729 940 3798 Romae,
960 3730 1119 3785 Praeneste
1137 3728 1247 3800 Μιθρῇ·

499 3819 555 3883 Qui
573 3817 646 3889 quid
663 3819 701 3872 sit
715 3819 889 3887 palatarum,
909 3818 983 3889 quid
1002 3821 1096 3890 turpe,
1116 3819 1190 3890 quta
1208 3819 1287 3890 utile,
1307 3819 1381 3892 quid
1398 3835 1468 3890 aon,

498 3907 619 3964 Plenius
637 3909 663 3963 et
681 3907 787 3962 metius
806 3906 971 3978 Chrysippo
991 3911 1018 3964 et
1038 3907 1182 3965 Orantere
1200 3909 1280 3966 dicit.

212 4087 253 4148 Et
262 4087 441 4162 quicumque
451 4091 521 4161 post
531 4102 599 4143 eum
608 4083 758 4158 sapientes
773 4083 869 4142 secuti
880 4090 958 4157 sunt,
1013 4084 1181 4143 litterarum
1194 4101 1285 4144 xum
1298 4087 1391 4145 libros
1404 4087 1529 4147 heroicis
1542 4086 1681 4146 versibus
1699 4087 1760 4145 edi·

212 4179 263 4236 vel
282 4177 395 4249 Graeci,
415 4176 465 4235 vel
483 4175 727 4249 nostrigentiles
747 4181 778 4232 et
797 4173 958 4232 christiani
1014 4175 1066 4232 dit.
1090 4175 1176 4244 Quod
1195 4193 1269 4249 opus
1291 4177 1388 4233 Iliada
1409 4181 1565 4250 propterea
1586 4175 1760 4248 nominavit,

211 4267 270 4323 Hic
281 4267 305 4341 7)
316 4307 323 4322 .
334 4306 340 4322 .
352 4307 358 4322 .
369 4307 376 4321 .
388 4305 413 4322 ..
433 4268 501 4340 (πιρῑ
515 4266 604 4336 Τροΐας
618 4265 806 4335 αἰχμαλωσίας)
819 4261 851 4318 id
863 4267 911 4318 est
923 4264 960 4319 de
1014 4263 1093 4336 quod
1112 4265 1148 4322 de
1161 4265 1294 4338 regionis
1313 4265 1395 4322 illius
1414 4271 1446 4324 et
1463 4267 1571 4341 trojia
1584 4265 1760 4340 praecipuae

215 4360 323 4430 Trajan
333 4357 511 4428 captivitate,
517 4353 607 4428 juxta
615 4371 774 4410 numerum
783 4367 960 4425 graecarum
1014 4354 1145 4414 civitatis
1164 4355 1288 4429 excidio,
1311 4355 1517 4430 videlieetllii,
1537 4359 1659 4415 texitur.
1677 4355 1761 4413 Alte·

250 4589 271 4660 ¹)
284 4587 332 4644 Ex
341 4585 440 4644 codice
451 4585 625 4657 Parisiansi,
639 4585 710 4643 olim
722 4585 892 4643 Sorbonnae
905 4580 959 4638 359
1052 4587 1074 4658 ί)
1090 4591 1164 4662 Opp,
1175 4591 1196 4646 t.
1209 4605 1229 4661 ι,
1243 4589 1329 4665 epist,
1341 4604 1397 4648 mu
1417 4591 1530 4648 Pale-ol.
1542 4604 1616 4656 mr,
1631 4588 1687 4645 col.
1697 4588 1758 4644 540.

212 4677 264 4751 qui
282 4677 392 4735 iterum
406 4678 533 4736 conferri
545 4683 685 4734 meretur.
699 4677 797 4744 Quum
814 4673 892 4730 inter
905 4670 960 4746 pri·
1051 4679 1074 4749 ³)
1088 4679 1157 4738 coa
1168 4682 1354 4752 quastquaet
1364 4697 1424 4738 non
1436 4681 1600 4754 loquimus,
1611 4681 1759 4752 corrupte.

212 4783 278 4824 mos
297 4767 348 4826 ille
361 4767 435 4825 mihi
447 4769 595 4841 quondam
608 4767 744 4838 occurrit,
755 4763 884 4840 juvenili
901 4768 963 4820 stu·
1049 4770 1073 4842 ⁴)
1092 4770 1141 4826 Sic
1159 4768 1223 4826 cod,
1242 4769 1279 4826 de
1297 4787 1375 4827 novo
1393 4769 1547 4828 vocabulo.

211 4857 260 4914 dio
274 4857 443 4932 indulgens,
465 4859 569 4916 atatim
582 4859 675 4916 verba
688 4877 805 4932 graeca,
824 4860 892 4932 plus
911 4856 962 4912 rni'
1051 4864 1074 4936 ⁵)
1093 4864 1264 4934 Sequuntur
1283 4863 1415 4936 capitula
1430 4862 1494 4920 eive
1507 4859 1596 4918 index
1614 4857 1666 4935 qui
1682 4857 1761 4917 vide·

210 4970 270 5010 nus
289 4951 319 5008 in
339 4952 440 5010 codice
453 4957 599 5024 truncata,
619 4951 740 5010 restitui
754 4951 887 5023 liberius,
906 4967 961 5005 nee
1015 4959 1066 5011 tur
1076 4953 1245 5027 addititius;
1256 4953 1357 5027 inepta
1366 4953 1503 5028 repetitio
1514 4951 1685 5011 eorumdem
1694 4967 1760 5007 ver-

211 5040 272 5098 nisi
290 5040 476 5114 marginibus
488 5041 624 5100 inserena
637 5042 816 5115 scripturam
826 5040 958 5108 latinam,
1014 5045 1128 5116 borum,
1142 5060 1238 5117 neque
1257 5043 1349 5100 etiam
1362 5043 1505 5116 opusculo
1524 5058 1664 5113 congrua,
1684 5039 1760 5096 ideo·

211 5151 288 5208 quae
298 5133 329 5190 in
342 5134 487 5205 loquelae,
501 5131 754 5207 pronuntiationis
767 5138 798 5189 et
808 5132 962 5205 orthogra-
1015 5152 1072 5208 que
1090 5133 1261 5190 omittenda.

215 5223 303 5300 pbiae
322 5223 452 5296 gratiam
471 5223 620 5281 servanda
638 5227 711 5280 erat.
731 5221 815 5278 idem
834 5240 909 5295 opus
923 5221 963 5278 vi·
1050 5225 1074 5298 6)
1092 5223 1197 5280 Horat.
1216 5241 1280 5297 epp.
1301 5223 1350 5280 lib.
1370 5239 1391 5292 1,
1411 5223 1437 5278 2.

213 5314 302 5371 detur
321 5329 477 5370 occurrere
487 5311 520 5368 in
537 5309 720 5369 bibliotheca
737 5311 865 5369 Pauline
882 5311 961 5387 Lips.
1050 5315 1073 5387 i)
1092 5315 1129 5370 In
1147 5312 1248 5370 codice
1262 5311 1401 5371 scribitur
1413 5311 1539 5369 barbare
1555 5312 1625 5369 aovi
1640 5314 1760 5384 tepoarc

214 5403 301 5461 catal.
321 5423 350 5478 p.
369 5403 432 5474 lat,
450 5423 478 5461 n.
498 5421 563 5464 vrri.
1015 5408 1181 5468 camerino.
