3978 6070
312 553 366 611 ωε
670 543 824 636 Orpheus
841 543 884 618 de
901 541 1152 635 metempsycosi
1170 539 1309 615 Platoni
1326 557 1501 614 consonus,

312 731 370 797 τῆς
395 717 557 810 ἀνθρώπου
582 708 633 783 διά
657 716 716 790 τὴν
742 715 939 806 ἀνθρωπίνην
963 712 1082 805 ψυχὴν,
1108 713 1180 780 ἄνευ
1204 711 1325 790 ταύτης
1350 714 1443 777 ίππον
1467 711 1490 784 ἦ·
1512 711 1624 784 κύναῆ
1649 710 1767 777 λέοντα
1790 735 1868 802 γιν-

312 827 468 905 νήσαοθαι
490 826 533 918 μὴ
561 817 741 915 δυνάμεναι,
766 818 842 916 μηδ’
868 827 947 891 ἄλλο
964 851 997 890 τι
1013 820 1091 905 ζῶον
1115 824 1135 896 ἢ
1154 815 1192 889 δι’
1210 825 1328 900 ἐκείνης
1344 833 1444 888 πᾶσαι
1460 820 1607 914 ψυχοῦσιν
1624 820 1667 887 τά
1683 811 1762 907 τῇδε
1779 816 1867 902 ζῶα·

311 936 429 1028 τρόπον
454 927 488 1002 δέ
503 935 601 1000 ἀλλον
619 924 807 999 ἀδυνατοῦσι
821 944 920 999 ποιεῖν
936 931 1029 1010 κύνας
1046 932 1100 998 καί
1117 935 1227 1008 ἵππους
1243 931 1297 996 καί
1312 931 1443 1009 λέοντας
1459 932 1513 996 καί
1528 933 1649 997 ἕκαστα
1670 941 1734 997 τῶν
1758 929 1869 995 ἄλλων

314 1038 415 1125 ζώων.
439 1044 478 1110 Τί
495 1037 547 1109 ούν
571 1042 656 1108 ἐστίν
682 1041 697 1108 θ
722 1032 760 1114 δὴ
786 1053 933 1133 γεννῶσι;
957 1043 995 1108 τό
1021 1041 1076 1133 μέν
1100 1039 1159 1133 γάρ
1184 1031 1262 1117 εἶδος
1279 1033 1311 1120 ἐξ
1328 1040 1428 1117 ἄλλης
1451 1043 1659 1132 παραγίνεται
1683 1051 1749 1116 τοῖς
1772 1031 1869 1118 ζώοις

272 1177 286 1216 ι
315 1146 398 1231 ἰδέας
412 1164 471 1230 τῆς
489 1150 692 1243 ἀνθρωπίνης·
708 1156 735 1217 εί
751 1143 785 1217 δὲ
800 1151 860 1224 τὴν
877 1153 956 1224 ύλην
980 1156 1127 1241 ύριστᾶσι
1139 1149 1163 1236 ¹)
1181 1148 1291 1240 μόνην,
1309 1146 1371 1215 οἷον
1395 1150 1432 1215 τό
1456 1159 1547 1240 σῶμα
1563 1159 1626 1216 τῶν
1642 1143 1740 1228 ζώων,
1759 1149 1871 1214 οὐκέτι

312 1257 411 1349 ζώων,
436 1266 475 1338 ὡς
500 1263 617 1327 οἴονται
630 1259 667 1350 Ἴ,
692 1252 781 1341 ἰδέαι,
799 1259 882 1325 ἀλλά
898 1260 975 1337 ύλης
991 1270 1055 1325 τῶν
1071 1255 1169 1339 ζώων,
1186 1259 1240 1324 καί
1264 1258 1386 1335 ταύτης
1414 1260 1582 1349 ἀλλοτρίας
1606 1267 1669 1322 τῶν
1690 1249 1789 1323 εἰδῶν·
1806 1260 1870 1322 ούκ

314 1370 374 1463 ἄρα
398 1369 489 1462 μόνος
513 1365 602 1445 οὗτός
627 1373 694 1434 ἐστι
717 1379 776 1445 τῆς
799 1378 862 1433 τῶν
888 1367 1011 1458 ἀλόγων
1035 1364 1203 1457 ψυχώσεως
1227 1371 1242 1430 ὁ
1266 1367 1390 1457 τρόπος,
1408 1365 1493 1430 ἀλλὰ
1516 1367 1574 1456 πρὸ
1598 1364 1713 1432 τούτου
1736 1364 1867 1440 πάντως

312 1490 376 1546 τῶν
402 1470 485 1545 ἰδίων
509 1475 615 1568 ψυχῶν
639 1476 783 1553 ἑκάστοις
808 1475 875 1566 ἐστὶ
898 1477 1015 1568 γένεσις
1037 1477 1096 1567 πρό
1120 1487 1176 1541 τοῦ
1192 1474 1278 1566 παρά
1294 1475 1383 1565 φύσιν
1398 1485 1456 1552 τῆς
1473 1472 1557 1541 κατά
1581 1474 1669 1564 ρύσιν
1694 1469 1868 1564 ψυχώσεως

259 1609 263 1615 ’
314 1591 419 1672 οὔσης,
442 1587 496 1653 καί
511 1588 570 1677 πρὸ
593 1597 651 1663 τῆς
677 1595 804 1678 μερικῆς
826 1583 885 1662 τῆς
901 1597 1006 1662 κοινῆς
1022 1585 1151 1651 πάντων
1167 1593 1231 1649 τῶν
1248 1575 1409 1674 ὁμοειδῶν,
1433 1583 1609 1650 ταῦτακαὶ
1631 1593 1690 1660 τῆς
1713 1581 1867 1674 Ὀρρικῆς

259 1717 286 1756 ιο
313 1703 398 1789 ἡμᾶς
421 1687 703 1780 ἐκδιδασκούσηςθψ
949 1683 950 1688 ¹

313 1917 337 1984 f.
357 1916 438 1984 185:
460 1911 643 2005 [θεολογίας
661 1911 681 1984 ἢ
700 1909 771 2000 οὐχί
787 1909 841 1974 καί
857 1907 983 2002 Ὀρρεύς
1000 1907 1042 1973 τά
1058 1919 1192 1974 τοιαῦτα
1209 1910 1324 2000 σαρῶς]
1349 1896 1572 1998 παραδίδωσιν,
1594 1907 1682 1992 [ὅταν
1699 1904 1783 1998 μετά
1801 1905 1867 1978 τὴν

313 2034 377 2089 τῶν
402 2023 544 2088 Τιτάνων
570 2019 719 2110 μυψθικὴν
744 2010 834 2092 δίκην
859 2019 913 2084 καί
935 2016 995 2088 τὴν
1022 2009 1065 2104 [ἐξ
1089 2018 1212 2082 ἐκείνων
1237 2017 1355 2107 γένεσιν
1378 2017 1453 2101 τῶν]
1480 2012 1601 2088 θνητῶν
1629 2014 1750 2081 τούτων
1775 2009 1869 2096 ζώων

313 2131 410 2223 λέγει·
435 2141 559 2221 πρῶτον
584 2127 639 2219 μέν
663 2125 712 2195 ότι
735 2127 807 2204 τούς
832 2129 916 2212 βίους
941 2120 1119 2216 ἀμείόοιισιν
1138 2131 1169 2190 αί
1185 2121 1283 2215 ψυχαὶ
1305 2122 1390 2190 κατά
1414 2115 1451 2198 δή
1463 2123 1489 2214 ⁴)
1512 2149 1599 2200 τινας
1622 2114 1783 2215 περιόδους
1807 2126 1869 2189 καί

316 2233 492 2308 ιίσδύονται
515 2239 599 2304 ἄλλα
623 2241 666 2316 εἰς
686 2237 774 2304 οίλλα
799 2235 942 2327 σώματα·

261 2469 289 2508 ¹⁸
648 2451 807 2529 Πολλάκις
832 2449 1001 2542 ἀνθρώπων
1017 2451 1041 2534 ⁶)

648 2567 686 2628 οί
710 2554 736 2626 δ’
762 2561 853 2626 αὐτοί
875 2559 1010 2649 πατέρες
1019 2556 1044 2642 ⁶)
1069 2580 1105 2622 τε
1128 2553 1182 2621 καί
1205 2555 1282 2631 υίέες
1300 2557 1331 2620 ἐν
1349 2553 1529 2645 μεγάροισιν

650 2671 806 2757 Εύκοσμοι
829 2673 859 2732 τ’
885 2668 998 2757 ἄλοχοι
1021 2665 1075 2730 καὶ
1099 2663 1233 2755 μητέρες
1256 2661 1275 2736 ἦ
1302 2654 1335 2728 δὲ
1357 2661 1507 2753 θύγατρες

651 2777 794 2840 Γίνονται
807 2771 833 2859 ⁷)
858 2775 1008 2847 ἀλλήλων
1033 2764 1323 2863 μεταμειόομένῃσι
1347 2769 1515 2861 γενέθλαις.

316 3000 369 3060 Ἐν
393 2992 454 3086 γάρ
477 2991 601 3071 τούτοις
625 2991 684 3064 τὴν
710 2995 764 3057 ἀπ’
790 2989 988 3081 ἀνθρωπίνων
1013 2987 1167 3078 σωμάτων
1191 2994 1233 3064 είς
1257 2985 1435 3078 ἀνθρώπινα
1459 2985 1643 3076 μετοίκησιν
1670 2989 1773 3051 αὐτῶν
1798 3011 1873 3051 πα-

261 3129 289 3168 ιι
318 3093 493 3196 ραδίδωσιν.
518 3109 619 3167 Τοῦτο
651 3089 686 3165 δέ
716 3090 780 3165 οὐδ’
806 3098 842 3164 ἂν
875 3098 1099 3190 Ἀριστοτέλης
1130 3094 1388 3188 ἀπαγορεύσειεν,
1414 3097 1496 3183 εἴπερ
1522 3093 1695 3171 ἀθανάτους
1726 3118 1762 3159 τε
1786 3089 1872 3161 εἶναι

220 3285 228 3298 ,
317 3203 441 3278 δίδωσιν
465 3207 522 3286 τάς
546 3206 647 3299 ψυχάς
672 3207 726 3274 καί
748 3217 795 3290 τῷ
818 3206 932 3280 πλήθει
954 3205 1197 3296 πεπερασμένας,
1214 3205 1267 3269 καί
1282 3205 1337 3269 τόν
1359 3205 1475 3293 κόσμον
1501 3193 1616 3268 ἀίδιον·
1641 3197 1682 3267 ὧν
1696 3200 1722 3288 ⁸)
1746 3202 1785 3268 τό
1810 3203 1872 3294 μὲν

316 3321 370 3387 καί
393 3320 482 3411 λέγει
505 3318 559 3383 καί
576 3311 738 3400 δείκνυσιν,
756 3308 854 3382 ἀΐδιον
872 3311 949 3382 εἶναι
966 3316 1021 3380 τὸν
1038 3315 1167 3406 κόσμον,
1183 3313 1220 3378 τό
1238 3305 1272 3378 δὲ
1287 3315 1440 3404 ὁμολογεῖ
1452 3321 1565 3402 σαρῶς,
1590 3313 1667 3376 όταν
1691 3313 1768 3402 λέγῃ
1794 3313 1870 3402 περὶ

317 3441 372 3496 τοῦ
396 3420 526 3522 δυνάμει
545 3427 608 3511 νοῦ,
625 3426 679 3490 καί
695 3436 789 3491 τοῦτο
808 3425 901 3514 μόνον
917 3433 980 3487 τῶν
998 3426 1029 3486 ἐν
1045 3427 1122 3511 ἡμῖν
1144 3419 1312 3486 ἀθάνατον·
1335 3421 1374 3485 τό
1398 3411 1432 3485 δὲ
1456 3412 1671 3510 ἀναγκάζεται
1694 3431 1871 3511 συγχωρεῖν

315 3539 354 3604 τό
377 3546 439 3604 πᾶν
464 3529 563 3601 ἀΐδιον
587 3533 708 3611 πλῆθος
734 3528 812 3599 εἶναι
834 3529 1077 3623 πεπερασμένον,
1103 3527 1192 3595 έπειθ
1220 3529 1271 3593 ότι
1294 3527 1347 3592 καί
1365 3532 1405 3602 εἰς
1430 3525 1471 3591 τά
1496 3526 1579 3591 ἀλλα
1603 3519 1669 3606 ζῶα
1692 3519 1871 3616 μετάθασίς

261 3667 289 3705 ¹⁵
316 3649 386 3714 Ιεστι
409 3656 473 3712 τῶν
498 3643 604 3734 ψυχῶν
621 3654 685 3710 τῶν
703 3641 880 3734 ἀνθρώπων·
896 3641 1059 3706 καὶτοῦτο
1077 3628 1249 3729 διαρρήδην
1271 3634 1398 3727 Ὀρφεύς
1415 3625 1642 3720 ἀναδιδάσκων,
1668 3636 1805 3708 ὁπηνίκα
1829 3635 1871 3700 ἀν

317 3747 502 3845 διορίζηται·

642 3964 749 4032 οόνεκ’
774 3957 966 4054 άμειόομένη
993 3959 1076 4052 ψυχὴ
1102 3959 1187 4026 κατά
1210 3957 1312 4024 κύκλα
1336 3954 1490 4046 χρόνοισιν

629 4072 816 4165 Ἀνθριύπων
841 4067 947 4153 ζῶοισι
972 4072 1158 4162 μετέρχεται
1182 4065 1315 4134 ἄλλοθεν
1341 4067 1459 4142 ἄλλοις,

626 4183 727 4249 Ἀλλο
750 4206 788 4248 τε
813 4181 867 4273 μέν
892 4179 918 4245 θ’
944 4183 1035 4257 ἵππος
1059 4170 1114 4244 ὅδε
1136 4179 1289 4269 γίνεται,.
1305 4225 1332 4240 ..

625 4291 727 4356 Ἀλλο
749 4314 786 4356 τε
810 4281 844 4356 δὲ
866 4281 1036 4379 πρόόατον,
1060 4286 1136 4352 τότε
1159 4277 1183 4350 δ
1211 4285 1315 4376 όρνεον
1340 4283 1424 4348 αίνδν
1449 4273 1579 4366 ἰδέσθαι,

621 4399 725 4466 Ἀλλο
750 4423 786 4464 τε
810 4388 837 4461 δ’
864 4392 902 4462 αύ
918 4397 1025 4463 κυνεόν
1042 4420 1079 4462 τε
1095 4387 1202 4486 δέμας,
1219 4393 1303 4484 ρωνή
1323 4416 1358 4457 τε
1380 4394 1501 4480 βαρεῖα,

643 4507 705 4572 Καί
728 4503 853 4596 ψυχρῶν
877 4506 970 4596 όρίων
995 4506 1080 4597 ἕρπει
1102 4503 1189 4595 γένος
1212 4506 1243 4568 ἐν
1266 4499 1356 4591 χθονί
1380 4489 1442 4587 δίῃ.

357 4757 380 4830 ¹)
399 4755 435 4812 A.
454 4757 577 4828 ίρὶοτασι.
1116 4749 1191 4807 haee
1200 4747 1323 4823 praebet
1332 4763 1412 4803 πονε
1424 4751 1455 4802 et
1467 4762 1503 4802 οιι
1516 4761 1593 4818 quee
1606 4759 1676 4799 mox
1689 4747 1872 4813 sequuntur.

356 4844 382 4918 ²)
399 4845 435 4900 A.
449 4862 507 4900 om.
522 4843 601 4896 ούκίτι
613 4843 691 4910 ζώων,
705 4846 736 4898 οε
751 4839 827 4898 mire
840 4839 950 4915 ἂθλεψὶρ
962 4839 1066 4898 εοτίθὶε
1117 4840 1176 4896 Sed
1184 4837 1346 4911 quumjem
1356 4837 1430 4894 ebe.
1442 4837 1520 4908 1842,
1534 4835 1655 4893 favente
1667 4830 1754 4902 Maio,
1766 4831 1873 4888 omnia

320 4935 451 4989 διοίσονται
470 4933 514 4990 eie
1116 4927 1148 4986 in
1166 4928 1298 4986 medium
1315 4925 1488 5002 prodierint,
1505 4925 1558 4998 vix
1575 4919 1801 4997 ignoscendum,
1824 4938 1873 4976 σω

356 5021 381 5099 ⁸)
399 5023 437 5080 Η.
455 5021 477 5079 f.
496 5021 557 5078 120.
575 5021 650 5078 Inde
671 5021 797 5080 recurrit
820 5019 1006 5079 Holstenius.
1026 5021 1065 5076 M.
1117 5017 1201 5091 piose
1219 5017 1251 5074 id
1269 5033 1365 5090 genus
1378 5014 1512 5073 eueterie
1531 5013 1562 5070 in
1578 5007 1797 5069 reeentioribue
1818 5008 1873 5064 Or

319 5129 376 5170 om.
396 5115 515 5169 caetere
533 5127 628 5186 neque
648 5111 686 5168 ad
704 5116 808 5168 θνητῶν.
1117 5106 1187 5180 phei
1205 5105 1289 5162 libris
1309 5102 1482 5162 desiderari.

354 5201 379 5276 ⁴)
398 5201 438 5258 M.
458 5209 526 5256 κατὰ
544 5207 598 5273 μίν,
617 5199 686 5258 dein
705 5203 782 5255 ἄλλαι
800 5203 842 5263 ιἰς.
1153 5199 1176 5272 ⁶)
1194 5197 1234 5253 M.
1253 5215 1310 5255 om.
1329 5200 1351 5250 οί
1371 5197 1394 5250 δ’
1413 5196 1483 5249 αύτοί
1502 5195 1612 5266 πατέρις.

355 5293 379 5364 ⁵)
396 5293 444 5348 En
461 5291 594 5362 Proelus,
613 5289 662 5348 συί
682 5297 727 5348 θοι
745 5295 869 5363 εοεερεε
893 5289 1068 5348 referuntur
1152 5287 1175 5361 ἲ)
1193 5286 1233 5343 Η.
1251 5284 1359 5358 γίγνοντ’
1380 5287 1504 5342 ἀλλήλων.

229 5445 231 5450 .
320 5379 460 5453 Orphica,
481 5379 572 5437 etiem
590 5380 732 5454 hisquae
758 5379 903 5438 anecdota
928 5379 1067 5437 dicuntur
1153 5379 1176 5451 ⁸)
1196 5377 1234 5432 Μ’.
1255 5395 1310 5433 om„
1332 5375 1373 5430 ὧν.
