3940 6072
782 552 883 634 Vetas
901 553 1079 651 interpres.

155 729 283 792 titudine
296 729 420 795 eandem
432 729 526 790 vitam
539 731 693 806 agentium
712 731 844 804 reperiri,
863 749 901 788 ex

154 822 347 880 multitudine
367 821 445 878 eninr
464 822 642 895 prudentum
658 821 828 890 multitudo,
848 838 903 877 seu

154 915 282 987 populus
302 913 440 987 prudens,
455 913 518 970 slve
538 913 683 984 gentium,
701 913 765 969 sive
778 913 902 982 civium;

156 1003 295 1061 similiter
308 1021 345 1058 ex
363 1003 514 1059 iracundis
527 1005 562 1057 fit
574 1003 735 1060 multitudo
747 1002 900 1071 iracunda,
914 1069 916 1075 ,

158 1099 245 1150 etex
272 1093 397 1150 divitum
415 1093 588 1165 pluralitate
606 1094 642 1148 fit
667 1093 828 1150 multitudo
853 1093 902 1148 vel

158 1183 266 1242 civitas
285 1184 438 1255 opulenta.

195 1274 266 1330 Car.
280 1273 414 1330 XXVIII
423 1276 452 1335 ¹l.
466 1273 549 1338 Quod
554 1283 659 1344 partes
670 1275 787 1330 animae
799 1275 859 1328 sint
871 1290 904 1329 re

159 1366 372 1420 distinctae-
391 1361 526 1418 Secundo
546 1379 618 1418 vero
635 1363 699 1418 loco
719 1361 904 1417 demonstret

159 1454 304 1519 Socrates,
319 1450 399 1525 quod
411 1451 450 1507 ad
461 1452 537 1507 hano
549 1470 612 1507 rem
625 1452 742 1521 attiaet,
753 1451 832 1524 quod
845 1468 904 1507 non

111 1577 114 1586 ·
158 1541 263 1598 eedem
281 1558 313 1596 re
333 1539 394 1596 sint
412 1540 566 1612 rationale,
586 1541 734 1598 irascibile
752 1549 783 1599 et
802 1559 905 1597 concu-

160 1628 310 1704 piscibile:
330 1628 387 1685 hoc
406 1627 485 1685 enim
497 1629 700 1688 necessarium
718 1639 792 1701 erat,
805 1635 840 1686 ut
858 1629 907 1687 de-

159 1725 350 1790 monstraret,
364 1721 399 1775 ιιι
410 1719 469 1776 tria
481 1737 592 1791 genere
605 1721 716 1778 ciuium
728 1721 825 1777 tribus
845 1719 906 1776 ani-

159 1827 225 1865 mae
235 1808 372 1882 partibus
382 1809 588 1881 respondeant,
598 1813 629 1864 et
638 1817 673 1866 ιιι
682 1809 735 1865 illa
744 1826 777 1866 se
787 1808 905 1874 habent,

160 1900 203 1954 ιιι
220 1899 303 1954 haec.
317 1899 384 1954 Hoc
402 1898 496 1969 igitur
514 1899 643 1956 secundo
663 1899 855 1968 demonstret,
875 1899 907 1954 in

161 1987 250 2044 fidem
269 1986 422 2060 recipiens,
437 1987 517 2059 quod
529 1988 609 2059 apud
621 2005 724 2044 ornnes
737 1993 784 2044 est
796 1990 827 2043 in
840 2006 908 2044 con·

161 2078 250 2143 fesso,
272 2077 352 2134 idem
368 2077 531 2134 secundnm
545 2077 632 2147 idem,
647 2085 678 2133 et
691 2077 729 2132 ad
740 2077 820 2133 idem
840 2097 907 2133 con-

162 2167 256 2224 traria
269 2165 392 2232 efficere,
404 2173 456 2222 aut
469 2165 569 2234 subire
580 2185 638 2222 non
652 2184 747 2240 posse.
759 2168 816 2224 Sed
828 2167 906 2224 idem

162 2255 323 2314 secundum
342 2255 423 2311 aliud
437 2263 467 2311 ιι
484 2254 566 2312 alind
584 2255 733 2312 contraria
751 2256 908 2312 dumtaxat

161 2345 274 2418 recipit,
288 2352 323 2401 ut
334 2345 412 2401 idem
427 2344 590 2401 secundum
603 2345 737 2402 dlversns
751 2353 852 2419 partes
862 2364 910 2419 po-

165 2441 224 2491 test
235 2434 363 2490 calefieri
374 2441 406 2490 et
415 2433 567 2505 frigefieri,
577 2434 730 2507 quiescere
744 2439 775 2489 et
786 2432 908 2502 moseri,

162 2525 326 2580 calefacere
339 2530 371 2581 et
384 2523 570 2595 frigefacere.
583 2525 664 2596 Ergo
676 2523 764 2593 idem,
779 2524 832 2579 sed
850 2541 910 2579 non

163 2615 327 2674 secundnm
345 2614 431 2684 idem,
446 2615 499 2671 sed
511 2614 550 2671 ad
563 2615 644 2671 aliud
658 2620 689 2671 et
702 2614 784 2671 aliud
799 2613 909 2670 inferre

164 2713 265 2780 potest
283 2713 336 2761 aut
349 2704 506 2762 admittere
520 2703 675 2762 contraria.
689 2704 810 2762 Etenim
828 2703 911 2760 lllus·

170 2805 249 2854 trare
259 2802 290 2854 et
299 2797 476 2854 adumbrare
487 2795 566 2854 idem
575 2802 675 2870 potest
687 2795 770 2852 aliud
779 2803 809 2851 et
819 2795 911 2866 aliud,

171 2897 202 2946 et
218 2889 276 2944 boc
287 2888 459 2962 praesentia
470 2888 602 2944 lucidum
618 2888 750 2958 reddere,
769 2886 845 2943 illud
864 2888 913 2942 ab·

167 2978 264 3036 sentia
282 2977 413 3035 tenebris
427 2977 582 3035 obducere.
596 2977 642 3034 Sic
659 2977 748 3034 etiam
767 2976 847 3033 idem
864 2994 912 3048 po·

168 3074 229 3124 test
247 3068 304 3124 hoc
326 3084 446 3139 augere,
466 3067 541 3124 illud
560 3067 745 3136 imminuere,
765 3073 800 3122 ut
818 3065 911 3122 nutri-

164 3163 298 3212 mentum
317 3174 373 3212 suo
392 3175 459 3211 cum
472 3156 649 3212 detrimento
663 3155 828 3212 membrum
848 3155 912 3210 alit.

165 3249 207 3302 At
225 3245 251 3300 si
270 3245 337 3316 quis
356 3245 437 3301 dicat
456 3246 498 3302 ita
517 3245 595 3302 idem
615 3264 705 3318 agere
725 3253 755 3302 et
775 3251 844 3318 pati,
859 3245 912 3301 sed

165 3353 223 3391 non
241 3335 404 3392 secundum
417 3334 496 3390 idem
509 3343 540 3391 et
552 3336 590 3391 ad
604 3335 681 3392 idem
695 3335 768 3406 agit,
789 3340 842 3391 aut
860 3353 914 3408 pa-

166 3423 241 3481 titur
259 3423 416 3493 contraria,
437 3424 467 3479 id
480 3425 559 3480 enim
572 3424 637 3480 fieri
650 3424 760 3496 nequit.
781 3425 846 3491 Quo
864 3442 911 3496 po-

166 3512 232 3578 sito,
252 3512 357 3586 accipit
382 3515 519 3570 Socrates
538 3513 717 3571 continentis
737 3519 767 3570 et
789 3513 913 3570 inconti-

167 3604 265 3660 nentis
279 3603 382 3674 vitam,
396 3603 549 3676 inquibus
562 3604 647 3677 ratio,
660 3604 706 3660 ira
723 3612 754 3661 et
766 3603 913 3677 cupiditas

169 3709 272 3750 secum
290 3700 442 3766 pugnant;
461 3693 492 3748 id
511 3694 591 3765 quod
609 3695 794 3767 exploratum
819 3701 866 3749 est
884 3693 914 3748 in

167 3783 215 3838 his
228 3781 280 3854 qui
292 3782 328 3837 ob
341 3783 483 3840 honorem
500 3781 577 3853 irati,
588 3801 732 3855 generose
746 3801 813 3838 curn
826 3783 913 3839 hoste

168 3871 272 3944 pedem
298 3870 461 3942 conferunt,
481 3871 644 3944 cupiditate
671 3871 861 3944 reclamante,
882 3877 915 3926 et

168 3969 288 4034 propter
300 3961 410 4018 famem
423 3969 581 4034 urgentem
595 3963 633 4018 ad
645 3961 750 4033 fugam
759 3962 913 4032 incitante,

171 4051 286 4108 ratione
311 4067 383 4108 vero
409 4050 617 4108 sustinendum
642 4051 795 4110 suadente.
822 4054 916 4124 Aper-

171 4142 232 4199 tiue
254 4140 417 4198 identidem
431 4141 522 4198 etiam
539 4141 570 4198 in
589 4141 721 4213 aegrotis
740 4141 849 4213 existit,
870 4161 915 4198 ra·

170 4235 252 4292 tione
271 4241 418 4304 monente,
438 4251 506 4288 cum
528 4232 603 4288 febri
623 4233 778 4289 incalescit
799 4251 914 4306 corpus,

171 4341 230 4379 non
248 4321 417 4390 bibendum,
437 4321 599 4394 cupiditate
613 4321 693 4377 sitim
713 4321 849 4393 extingui
868 4337 917 4378 vo-

171 4414 260 4483 lente,
278 4410 322 4468 ite
341 4410 464 4467 dissidio
483 4410 560 4466 inter
582 4411 637 4468 hes
664 4417 765 4483 partes
783 4411 913 4467 cohorte.

171 4501 305 4574 Idipsum
323 4501 353 4557 in
372 4499 480 4556 iniuria
502 4501 618 4558 effectis
643 4501 824 4575 pervidetur,
845 4502 915 4558 dum

172 4609 205 4648 se
224 4610 242 4647 a
260 4591 393 4648 vindicte
416 4591 577 4661 continent,
595 4592 641 4647 ira
660 4591 698 4647 ad
721 4609 786 4647 eam
811 4610 916 4666 provo·

172 4686 267 4747 cante,
287 4689 322 4736 ut
340 4681 489 4737 Homerus
506 4681 538 4737 in
556 4681 666 4754 Ulysse
686 4681 776 4738 dixit:

199 4801 315 4858 Vincite
328 4804 418 4876 cor’),
432 4802 548 4859 facinus
561 4803 677 4860 vicistis
691 4804 794 4862 durius
808 4805 888 4862 olim.

173 4948 250 5006 Hinc
268 4950 357 5024 plane
376 4950 551 5024 colligimus,
571 4951 746 5009 rationalem
766 4959 797 5010 et
815 4953 917 5010 irasci·

213 5218 235 5292 l)
254 5219 315 5276 Fol.
337 5221 388 5277 125
407 5239 436 5278 v.
457 5225 571 5294 Διύτεροι
586 5227 611 5278 δι
630 5223 669 5278 ἐπι
690 5226 770 5295 τούτῳ
794 5226 920 5278 διικιυιιι.

213 5313 236 5382 ²)
255 5311 319 5370 Fol.
386 5313 512 5369 ,Τὲτλαιι
525 5316 554 5370 δὴ
570 5317 668 5387 κραδίῃ,
683 5322 725 5369 και
738 5317 849 5386 κύιτιροι
863 5317 920 5370 ἁλλ’

179 5401 247 5454 ὅποτ’
269 5403 350 5465 ἔτλης.

1645 555 1699 622 tce

955 730 1046 786 bilem
1055 734 1171 804 partem
1181 747 1282 788 secum
1294 729 1438 786 dissidere
1449 729 1701 800 circaidem,cu1n

954 819 1073 875 illatum
1091 823 1138 874 est
1158 819 1310 889 damnum,
1331 819 1446 874 ratione
1464 818 1613 875 interdum
1633 837 1701 874 suu·

955 910 1042 966 dente
1069 909 1240 978 ferendum,
1265 909 1309 965 ira
1336 927 1453 982 semper
1479 907 1703 965 vindicandum.

955 1001 1022 1057 Non
1042 1019 1112 1072 ergo
1126 999 1205 1056 idern
1224 1000 1369 1057 rationale
1389 1009 1419 1056 et
1438 1001 1603 1058 irascibile:
1621 1002 1702 1057 idem

956 1091 1034 1147 eninr
1054 1090 1216 1146 secundum
1236 1090 1315 1146 idem
1333 1097 1364 1146 et
1390 1092 1427 1147 ad
1452 1092 1530 1148 idern
1555 1093 1704 1148 contraria

957 1180 1020 1252 pati
1037 1179 1137 1248 nesae,
1158 1178 1200 1235 sic
1219 1178 1250 1234 in
1274 1179 1374 1252 aegris
1399 1180 1474 1236 ratio
1501 1184 1532 1236 et
1557 1165 1705 1254 eupidilas

957 1267 1105 1325 contraria
1124 1265 1265 1322 affectant
1284 1267 1362 1323 circa
1381 1274 1491 1340 potum.
1506 1271 1548 1324 At
1564 1269 1643 1325 idern
1663 1287 1706 1325 se-

958 1356 1088 1412 cundum
1114 1355 1192 1410 idem
1212 1363 1243 1412 et
1261 1357 1299 1411 ad
1318 1356 1395 1413 idem
1414 1357 1563 1413 contraria
1582 1358 1704 1428 efficere,

958 1447 1007 1502 vel
1026 1445 1106 1500 ferre
1119 1444 1230 1516 nequit,
1245 1453 1305 1502 no'n
1317 1445 1411 1517 igitur
1424 1446 1503 1502 idem
1515 1448 1661 1504 rationale
1675 1455 1706 1504 et

958 1535 1194 1609 concupiscibile.
1211 1537 1330 1593 Rursus
1348 1537 1394 1592 ira
1412 1545 1443 1593 et
1462 1537 1609 1611 cupiditas
1629 1539 1707 1595 circa

959 1627 1038 1682 idem
1051 1624 1201 1681 contraria
1213 1631 1365 1698 appetunt,
1378 1633 1413 1683 nt
1426 1644 1493 1683 cum
1506 1627 1573 1700 quis
1585 1629 1614 1684 in
1626 1629 1705 1684 bello

959 1718 1039 1771 fame
1052 1715 1186 1785 laborat;
1198 1721 1230 1771 at
1242 1715 1338 1771 eidem
1352 1717 1513 1772 secundum
1532 1717 1611 1774 idem
1624 1725 1655 1774 et
1667 1718 1705 1774 ad

960 1797 1039 1865 idem
1049 1806 1198 1863 contraria
1208 1805 1279 1881 pati,
1292 1807 1341 1862 vel
1351 1808 1536 1865 committere
1549 1827 1607 1866 non
1620 1809 1705 1866 licet:

960 1913 1018 1954 non
1037 1895 1130 1968 igitur
1147 1895 1227 1951 idem
1246 1902 1294 1951 est
1311 1895 1458 1954 irascibile
1472 1905 1503 1953 et
1522 1899 1705 1973 concupisci-

960 1988 1029 2044 bile.
1049 1987 1200 2044 Differunt
1213 2003 1284 2058 ergo
1299 1986 1373 2042 haec
1387 1989 1550 2044 secundum
1570 1989 1707 2046 substan-

961 2075 1041 2146 tidm,
1050 2075 1298 2149 qnando,quodin
1311 2077 1448 2133 confesso
1456 2079 1618 2151 posuimus,
1626 2080 1705 2137 idem

962 2185 1052 2241 agere
1066 2174 1097 2224 et
1110 2167 1172 2240 pati
1186 2168 1223 2222 ad
1239 2166 1317 2222 idem
1331 2173 1362 2224 et
1375 2169 1538 2226 secundum
1555 2170 1634 2227 idom
1648 2190 1707 2229 non

962 2275 1049 2332 posse
1067 2258 1268 2314 manifestum.

998 2347 1068 2403 Car.
1081 2347 1187 2403 XXIX
1195 2349 1225 2420 3).
1242 2349 1365 2404 Obiecfio
1378 2352 1482 2405 contra
1496 2354 1662 2422 superiora.
1675 2385 1709 2395 -

963 2440 1004 2494 At
1017 2455 1088 2494 vero
1101 2436 1179 2493 dicet
1192 2437 1307 2510 aliquis,
1322 2438 1435 2494 ratione
1449 2449 1591 2498 vacantes
1610 2452 1709 2500 motus

964 2527 1136 2583 affectiones
1150 2544 1224 2596 esse,
1239 2527 1321 2583 aliud
1334 2526 1406 2584 'vero
1416 2530 1561 2600 actiones;
1577 2541 1607 2587 et
1619 2551 1709 2607 quos·

964 2617 1032 2672 dem
1051 2615 1094 2671 ιιι
1113 2615 1215 2672 audivi
1233 2615 1425 2688 distinguere,
1445 2625 1479 2675 ut
1499 2619 1709 2680 immoderatae

965 2703 1055 2760 animi
1075 2705 1220 2760 motiones
1234 2704 1367 2760 dicerent
1380 2723 1446 2763 esee
1463 2707 1597 2780 affectus,
1611 2713 1710 2770 mode·

964 2799 1046 2848 ratas
1070 2801 1179 2861 autem,
1202 2792 1343 2858 actiones,
1363 2798 1404 2852 At
1422 2797 1540 2868 quidem
1565 2817 1619 2872 pro
1645 2819 1710 2858 con-

965 2884 1046 2942 fesso
1064 2883 1220 2956 posuimus
1238 2885 1434 2958 proloquium,
1455 2897 1555 2947 motus
1577 2892 1632 2949 hos
1651 2911 1711 2950 orn·

965 2975 1030 3033 neis
1042 2975 1263 3048 complectetur.
1278 2975 1424 3042 Quoniam
1438 2979 1541 3052 siquis
1555 2983 1640 3055 dicat,
1655 2985 1711 3044 hoc

966 3084 1055 3139 egere
1075 3065 1194 3139 aliquid,
1220 3067 1294 3122 illud
1314 3085 1385 3125 vero
1408 3071 1478 3142 pati,
1499 3073 1524 3128 si
1544 3074 1604 3130 sint
1622 3093 1712 3148 opera
1783 3136 1786 3142 ,

966 3157 1142 3229 pugnantia,
1153 3157 1272 3228 planum
1285 3165 1332 3213 est
1343 3161 1440 3216 multo
1453 3163 1548 3234 magis
1560 3181 1627 3221 eum
1638 3168 1712 3224 haec

966 3265 1042 3320 quae
1062 3247 1194 3303 efficiunt
1212 3265 1255 3316 ea,
1275 3256 1330 3305 aut
1352 3250 1489 3318 subeunt,
1510 3253 1710 3329 distinguere:

967 3337 1148 3394 eontrarium
1167 3337 1245 3393 enim
1265 3355 1339 3410 opus
1361 3343 1526 3399 contrariae
1546 3345 1712 3405 affectionis

968 3444 1076 3482 caussa
1095 3433 1148 3483 est.
1162 3427 1260 3492 Quare
1280 3429 1306 3483 si
1325 3428 1450 3487 effectus
1464 3433 1509 3488 rei
1526 3435 1623 3504 nnius,
1644 3454 1713 3493 con-

967 3517 1091 3577 trarium
1111 3517 1241 3572 concitat
1259 3517 1398 3575 affectum
1425 3521 1516 3579 alicui
1540 3525 1636 3594 alteri,
1656 3527 1714 3583 erit

967 3606 1083 3664 effectio
1103 3607 1193 3663 unius
1206 3607 1355 3664 affectioni
1369 3609 1493 3668 alterius
1506 3613 1663 3670 contraria.
1683 3615 1713 3672 Si

966 3701 1062 3772 igitur
1079 3717 1136 3755 non
1158 3706 1205 3755 est
1224 3699 1327 3755 eadem
1346 3700 1465 3758 affectio
1483 3704 1626 3776 patientis
1646 3725 1713 3762 con·

968 3789 1095 3847 trarium
1113 3796 1143 3846 et
1161 3789 1325 3862 inferentis,
1339 3793 1434 3848 multo
1448 3795 1544 3866 magis
1564 3795 1713 3854 diversam

966 3879 1215 3952 patiensbabebit
1225 3879 1424 3936 substantiam
1437 3882 1474 3938 ab
1486 3884 1633 3942 inferente
1647 3905 1714 3942 con·

968 3968 1102 4024 trarium.

1004 4060 1074 4116 Otr.
1095 4057 1185 4113 XXX
1193 4061 1223 4132 ⁴).
1243 4059 1396 4116 Dubitcfio
1409 4077 1450 4118 aa
1467 4065 1506 4118 sit
1513 4067 1619 4134 plures
1633 4068 1716 4136 cupi-

968 4151 1083 4206 ditates.
1103 4148 1236 4214 -Quid
1256 4167 1327 4205 vero
1344 4151 1474 4208 dicemus
1495 4153 1530 4208 de
1551 4155 1714 4227 cupiditate

968 4235 1097 4304 honoris,
1112 4242 1143 4291 et
1161 4237 1302 4307 pecuniae
1316 4238 1468 4309 aviditate,
1487 4259 1525 4297 an
1545 4244 1716 4301 substantia

970 4323 1116 4395 differant,
1136 4343 1174 4380 an
1189 4324 1323 4381 eiusdem
1343 4327 1403 4384 sint
1421 4330 1608 4388 substantiae
1627 4333 1717 4391 facul·

969 4423 1049 4472 tates
1068 4422 1252 4488 appetentes.
1266 4417 1405 4490 Pugnare
1424 4429 1525 4478 autem
1545 4424 1618 4480 haec
1637 4425 1716 4482 inter

969 4525 1010 4576 ee,
1030 4505 1164 4562 indicant
1182 4507 1282 4579 gulosi
1295 4513 1326 4565 et
1338 4511 1429 4567 arari.
1443 4513 1493 4568 Illi
1512 4516 1590 4571 enim
1610 4516 1646 4572 ob
1665 4535 1718 4588 gu-

932 4659 937 4670 ¹
969 4601 1030 4655 lam
1049 4615 1133 4654 suam
1154 4598 1321 4672 decoquunt
1334 4603 1439 4674 omnia,
1453 4604 1485 4659 hi
1499 4606 1536 4662 ob
1556 4607 1714 4664 avaritiam

969 4705 1057 4759 parce
1071 4687 1226 4744 victitant:
1237 4689 1315 4746 unde
1329 4709 1439 4749 avarus
1453 4693 1561 4752 famem
1574 4697 1714 4770 patietur,

971 4784 1123 4848 sumptum
1144 4795 1181 4832 ne
1207 4777 1306 4850 faciat,
1325 4781 1426 4838 helluo
1446 4801 1531 4852 varo,
1552 4793 1588 4841 ut
1614 4787 1717 4857 gulam

971 4867 1096 4939 expleat,
1117 4867 1272 4938 pecuniam
1290 4870 1458 4941 profundet.
1479 4873 1510 4928 Si
1528 4873 1624 4946 igitur
1644 4876 1717 4931 haec

971 4954 1135 5011 secundum
1155 4957 1353 5016 substantiam
1367 4961 1513 5035 differant,
1528 4981 1580 5020 cur
1597 4981 1657 5021 non
1676 4964 1718 5020 fa·

1011 5229 1035 5302 ³)
1053 5229 1116 5286 Pol.
1137 5229 1326 5290 126v.'10o;
1345 5236 1394 5303 γὰρ
1414 5233 1443 5282 ἂν
1463 5252 1499 5291 τις
1520 5231 1591 5284 εἴποι.

1011 5322 1036 5394 ⁴)
1054 5320 1097 5376 Ib.
1118 5325 1149 5374 Tr
1168 5321 1191 5374 δ’
1210 5322 1239 5374 da
1261 5320 1369 5392 cirroque
1388 5328 1443 5393 περι
1458 5325 1499 5376 τοῦ
1519 5327 1718 5394 φιλοχρημάτου.
