3944 6074
296 541 351 596 206
851 533 932 606 Oad.
953 533 1083 605 Media.
1105 534 1295 606 varietates.

342 707 387 772 M.
406 706 462 772 fol.
483 707 534 772 15.
549 743 589 752 -
606 707 629 772 l.
647 707 689 770 35
706 707 835 786 ἐκεῖνον)
853 705 983 777 ἐκείνην.
1001 741 1044 752 -
1098 706 1199 799 ψυχῆς
1222 703 1315 794 ἴδιον)
1339 735 1402 778 om.
1428 705 1541 799 ψυχῆς,
1559 713 1639 778 ..1,
1659 715 1699 778 15
1717 711 1770 774 καὶ
1784 709 1838 774 πά.

298 817 319 880 l.
341 817 382 880 39
398 811 572 900 φυλάττον)
587 813 765 899 φυλάττων.
782 852 820 860 -
835 813 855 878 l.
871 815 910 877 41
927 811 980 874 καὶ
994 813 1044 875 ὅτι
1099 825 1167 892 σος)
1192 817 1246 880 καὶ
1276 817 1397 890 ταύτης
1429 816 1543 891 πάσης.
1569 855 1611 866 -
1635 820 1656 885 l.
1684 822 1725 885 19
1758 821 1837 907 ἔργον

297 921 351 983 καὶ
368 913 442 1000 δικ.)
461 920 514 982 καὶ
532 921 581 982 ότι
599 913 751 986 δικ-1.
768 921 810 984 44
827 927 950 1008 πρῶτον
969 910 1042 1000 ἴδεν)
1098 925 1178 1008 ἐστι)
1210 948 1273 990 om.
1305 926 1383 990 ἐστι.
1408 962 1450 971 -
1479 925 1500 989 l.
1532 929 1571 990 21
1605 927 1838 1015 παραγίγνεται,

297 1039 419 1118 πρῶτος
444 1021 532 1096 εἶδεν.
552 1030 630 1094 -l.
649 1031 691 1094 46
707 1022 847 1118 πράξεις)
865 1022 982 1117 πρᾶξις.
1003 1066 1041 1076 -
1098 1021 1265 1112 δέδεικται)
1295 1032 1513 1120 παραγίνεται1
1546 1033 1583 1095 τό
1616 1023 1648 1095 δὲ
1681 1031 1764 1120 μετὰ
1789 1043 1838 1106 τῆς

298 1139 320 1203 l.
346 1141 386 1203 47
413 1136 509 1200 κακιά
533 1136 593 1221 τις)
617 1137 713 1200 κακία
737 1160 782 1199 τε.
1099 1134 1233 1225 ψυχικῆς
1260 1141 1370 1226 αρετῆς
1402 1136 1649 1226 παραγινόμενον
1676 1139 1758 1228 μετὰ
1788 1151 1838 1212 τῆς

342 1247 387 1312 Μ.
404 1249 462 1313 fol.
489 1249 528 1312 15
554 1270 584 1312 v.
610 1283 652 1294 -
676 1248 696 1311 l.
724 1251 765 1312 50
790 1255 884 1308 τοῦτο
910 1238 1045 1334 ἀξίωμα)
1100 1234 1296 1318 δικαιοσόνης
1320 1247 1539 1334 παραγίνεται.
1565 1236 1736 1312 δέδεικται.

297 1363 390 1417 τοῦτο
415 1353 451 1415 τό
471 1345 517 1429 αξ.
536 1389 575 1401 -
595 1354 616 1418 l.
635 1355 677 1418 53
695 1357 709 1414 ό
728 1343 879 1441 δεύτερος)
898 1355 913 1413 ό
934 1353 1046 1440 τέταρ-
1144 1354 1188 1417 Μ.
1214 1354 1270 1418 fol.
1292 1356 1331 1418 16
1357 1377 1386 1418 v.
1412 1391 1455 1404 -
1478 1354 1558 1421 129
1577 1354 1670 1441 όντω)
1695 1357 1787 1420 οὕτω.
1805 1394 1837 1401 -

298 1485 360 1535 τος.
380 1499 421 1510 -
446 1464 507 1527 Ed.
525 1487 556 1548 p.
575 1464 650 1540 355,
669 1463 690 1528 1.
707 1465 727 1528 3
744 1460 786 1525 τὰ
801 1459 861 1550 γόρ
883 1460 978 1543 ἄλλα)
1003 1459 1045 1524 τὰ
1100 1463 1120 1526 l.
1140 1465 1181 1526 32
1208 1460 1372 1549 σόστοιχόν
1390 1463 1473 1524 ἐστιν
1492 1465 1599 1549 ipssa,
1616 1487 1653 1526 το
1679 1454 1728 1546 δε)
1753 1486 1836 1550 αρετι

297 1561 330 1633 δὲ
348 1569 442 1636 ἄλλα.
468 1607 509 1616 -
533 1571 556 1635 l.
582 1572 601 1634 5
626 1579 684 1644 τῆς
709 1569 776 1656 μὲν)
803 1579 866 1643 τοῖς
889 1568 953 1654 μέν.
1101 1569 1266 1657 σόστοιχόν
1284 1571 1376 1632 ἐστιν.
1395 1571 1473 1636 -1.
1492 1573 1533 1636 36
1551 1570 1672 1642 ταύτην
1692 1564 1727 1636 δὲ
1751 1561 1839 1634 ἐδόκει

343 1679 386 1743 Μ.
400 1678 458 1744 fo'l.
474 1681 525 1744 16.
540 1715 582 1726 -—
594 1680 616 1744 l.
632 1681 670 1744 ll
686 1679 723 1741 τό
738 1669 775 1748 δὴ
797 1677 865 1766 μὲν)
878 1677 914 1741 τό
928 1699 963 1740 τε
977 1678 1044 1764 μέν,
1101 1687 1226 1740 σκοπεῖν
1243 1677 1297 1740 καὶ
1314 1675 1354 1738 τὰ
1373 1681 1481 1764 α’ντῆς)
1498 1677 1621 1749 ταότην
1640 1669 1673 1742 δὲ
1695 1670 1756 1742 ἔδει
1779 1701 1840 1739 σκο-

296 1821 337 1834 -
350 1786 372 1850 l.
388 1789 428 1852 13
443 1784 526 1874 μόνῳ
539 1786 655 1873 τοότῳ)
672 1786 770 1876 μόνως
787 1785 900 1868 τούτῳ.
914 1829 952 1838 -
966 1789 986 1853 l.
1004 1788 1044 1852 14
1100 1797 1169 1850 πεῖν
1195 1785 1247 1848 καὶ
1271 1783 1312 1849 τὰ
1336 1785 1468 1860 ταύτης,

884 1988 1255 1996 -.------

973 2214 1089 2283 Caena
1112 2215 1173 2282 IV.

414 2430 454 2494 A'.
480 2431 554 2520 Περὶ
577 2440 639 2494 τῶν
665 2433 764 2512 ἐντῷ
789 2421 921 2518 δευτέρῳ
946 2441 1003 2506 τῆς
1029 2434 1192 2508 Πολιτείας
1215 2433 1382 2522 εἰρημένων
1408 2433 1597 2523 θεολογικῶν
1621 2433 1739 2498 τόπων.

299 2543 350 2608 De
371 2545 457 2626 typis
480 2542 660 2625 tteeataaieis
683 2543 749 2607 sire
771 2543 856 2607 cirea
878 2541 974 2620 Deos,
992 2545 1048 2624 qai
1070 2545 1105 2608 in
1130 2545 1264 2628 seeundo
1288 2543 1494 2626 Reipublicae
1519 2545 1600 2610 libra
1624 2543 1839 2609 erraneiaalur.

345 2757 439 2822 Plato
463 2759 499 2822 ia
524 2759 663 2840 Leaibas
687 2765 753 2823 tres
776 2761 824 2822 ait
847 2779 915 2823 esse
937 2759 1068 2823 deorum
1093 2757 1304 2834 characteres,
1330 2757 1514 2834 bonitatem,
1532 2759 1729 2838 potentiam,
1748 2759 1840 2822 seira·

299 2867 389 2940 tiam,
414 2867 530 2948 aeribus
547 2869 641 2931 etiam
658 2870 824 2932 veritatem
841 2867 970 2932 addidit
988 2873 1016 2932 et
1033 2867 1336 2942 irarreatabditatem,
1350 2887 1431 2948 qaae
1447 2887 1483 2930 ea
1499 2867 1648 2946 patentia
1665 2873 1696 2930 et
1713 2867 1840 2930 seientia

304 2973 504 3039 derivantur.
532 2975 599 3040 Nee
622 2975 714 3040 Deus
738 2981 863 3040 tardam
888 2982 934 3040 est
957 2976 1075 3051 baares,
1100 2974 1159 3038 sed
1184 2976 1258 3053 ipsa
1282 2973 1423 3050 bonitas,
1449 2975 1562 3039 bonum
1590 2977 1624 3039 ia
1654 2973 1830 3039 substantia

298 3082 371 3144 sine
394 3082 515 3160 addita,
540 3083 641 3147 boreas
665 3082 766 3160 Deus,
791 3104 855 3164 aaa
880 3083 971 3147 Dras
995 3089 1040 3146 est
1048 3106 1058 3162 ;
1079 3083 1231 3146 bonoram
1257 3102 1329 3164 erae
1354 3083 1494 3145 ornatam
1508 3083 1602 3163 [οντες
1625 3082 1754 3146 meltius
1768 3099 1831 3162 erae

299 3209 398 3254 causa
416 3189 494 3253 mali
510 3195 539 3253 et
556 3211 576 3254 a
592 3211 784 3271 qaaeamqae
801 3191 883 3254 arata
900 3191 1142 3268 aiiear'ssimas;
1159 3190 1246 3255 satus
1263 3191 1375 3270 auique
1398 3190 1500 3266 utilis,
1518 3191 1667 3270 satusque
1692 3191 1837 3270 beneficas

304 3302 333 3360 et
345 3297 521 3377 proficuas.
547 3295 721 3362 Praeterea
737 3297 829 3362 Deus
846 3303 875 3361 et
885 3298 962 3378 pati
977 3302 1006 3360 et
1021 3299 1142 3360 oravere·
1157 3299 1284 3362 nescias
1308 3303 1363 3372 est,
1389 3298 1425 3360 ia
1448 3299 1582 3363 raritate
1605 3303 1680 3375 stat,
1701 3297 1839 3378 potentia

299 3404 448 3468 immotas
472 3409 501 3468 et
525 3405 744 3468 inconcussus.
767 3404 845 3468 Tam
862 3405 1000 3468 seientia
1017 3406 1138 3484 optima
1155 3405 1283 3469 deorum
1310 3409 1366 3480 ast,
1391 3407 1440 3468 ati
1464 3411 1492 3469 et
1509 3407 1575 3470 rita
1593 3406 1836 3487 perfectissima.

300 3532 383 3593 qaae
405 3532 462 3576 aea
485 3532 624 3591 corpore,
649 3533 749 3593 reeqae
772 3515 885 3576 areima
902 3513 994 3578 nabis
1011 3513 1300 3577 consubstantialis
1318 3517 1382 3590 est;
1399 3513 1455 3593 qui
1473 3533 1531 3578 aee
1554 3513 1744 3594 decipiare
1767 3513 1837 3576 deei-

295 3639 375 3697 pere
399 3625 557 3700 possead,
581 3625 618 3682 at
640 3622 696 3701 qui
719 3622 825 3700 ipsma
849 3641 957 3684 seriem
989 3625 1066 3684 suat
1090 3626 1119 3684 et
1142 3621 1297 3702 efficiant.
1327 3619 1405 3684 Tres
1437 3641 1510 3702 erae
1541 3627 1618 3686 suat
1650 3621 1780 3686 deornm
1811 3621 1838 3680 ir

298 3727 422 3808 fabulis
446 3726 646 3792 characteres
670 3728 818 3792 restandi.

347 3833 392 3897 Ar
414 3835 481 3898 tria
504 3835 690 3916 quaerenda
713 3836 868 3914 sabeaat,·
888 3837 1042 3918 primam,
1059 3835 1146 3898 erade
1169 3834 1284 3898 mala?
1308 3833 1399 3910 Tam,
1417 3834 1503 3898 arada
1527 3836 1753 3915 apparitiones
1776 3834 1838 3897 dea·

303 3943 404 4004 ram?
426 3942 635 4019 Postremum,
660 3943 813 4024 quarrada
830 3943 962 4008 oraeeda
979 3941 1265 4022 deprehendantur
1282 3941 1477 4006 rrreadaeia?
1491 3977 1535 3988 -
1555 3941 1691 4008 Procius
1708 3943 1753 4008 ad
1772 3941 1838 4004 haer

297 4049 400 4128 plura
424 4055 453 4114 et
477 4051 636 4132 ambiana,
662 4056 697 4114 ed
721 4052 838 4115 caeteri
857 4050 1054 4132 philosophi,
1072 4049 1172 4114 inulta
1190 4050 1360 4129 inprimis
1377 4049 1415 4113 de
1432 4051 1557 4132 ariyiae
1577 4051 1666 4126 mali,
1687 4051 1836 4132 pauciora

302 4156 340 4221 de
356 4157 491 4222 caeteris
507 4159 717 4240 aryameatis,
735 4178 816 4238 qaae
831 4159 867 4222 ia
889 4157 966 4222 aliis
990 4157 1083 4221 tibris
1107 4157 1177 4221 sais
1201 4162 1258 4221 aed
1275 4161 1349 4221 aeta
1367 4161 1424 4222 aut
1442 4157 1568 4240 ayeada
1585 4159 1835 4223 carreaeiaiseitar.

889 4351 1261 4363 ——a—-u————n

347 4479 392 4544 M.
416 4479 473 4544 fol.
501 4479 552 4542 17.
577 4519 615 4529 -
639 4478 699 4543 Ed.
718 4502 749 4563 p.
767 4479 843 4544 355.
867 4479 889 4543 l.
915 4479 956 4543 45
974 4477 1049 4564 πρό·
1101 4476 1168 4540 ὄντι
1193 4473 1311 4566 ἀγαθόν
1336 4482 1391 4536 τοῦ
1417 4471 1543 4562 ἀγαθοῦ.
1568 4511 1611 4520 -
1634 4473 1688 4536 καὶ
1713 4471 1834 4546 ταύτην)

302 4580 397 4668 θεσις)
420 4580 593 4672 πρόσθεσις.
619 4623 659 4631 -
683 4586 705 4650 l.
731 4587 773 4651 48
793 4585 918 4673 ἐπείπερ
943 4585 1049 4674 ρησὶν)
1101 4581 1172 4646 κατ’
1198 4582 1306 4654 αὐτόν.
1331 4617 1375 4628 -
1398 4582 1421 4646 1.
1456 4585 1493 4647 ll
1529 4578 1738 4671 αὐτοαγαθόν)
1770 4577 1834 4640 αὐτὸ

303 4691 426 4778 ἐπείπερ
447 4691 528 4754 οὕτω
545 4713 648 4778 φησιν.
667 4729 708 4740 -
723 4691 745 4755 1.
764 4695 805 4756 52
823 4693 936 4781 λογίων
958 4685 1049 4770 ἀξιώ-
1101 4689 1251 4779 τάγαθόν.
1269 4690 1343 4755 -1,
1361 4692 1401 4755 13
1417 4679 1540 4771 τοιῷδε)
1558 4679 1700 4756 τοιῶσδε.
1714 4689 1787 4752 -1,
1802 4687 1833 4750 15
1919 4725 1920 4742 ι

304 4801 394 4884 ματι)
418 4800 490 4885 λογ.
514 4821 559 4878 τῳ
584 4790 695 4886 ἀξιώμ.
1102 4791 1221 4872 οὐδενός
1236 4801 1332 4872 αἴτιος
1345 4801 1413 4862 ἐστι
1426 4806 1489 4860 τῶν
1502 4799 1621 4878 κακῶν)
1631 4785 1833 4870 οὑδενόςὲστιν

347 4904 391 4970 Μ.
409 4906 466 4973 fol.
487 4907 525 4970 17
544 4929 574 4972 v.
591 4948 630 4958 -
645 4906 706 4972 Εό.
724 4932 755 4991 p.
774 4909 848 4973 356.
867 4908 887 4973 l.
906 4909 926 4972 3
944 4905 1046 4987 τοότῳ
1100 4909 1197 4982 αἴτιος
1212 4930 1285 4973 κακ.
1304 4945 1345 4954 --
1364 4908 1395 4969 ἐν
1414 4901 1456 4980 οἷς
1473 4915 1596 4993 πρῶτον
1621 4907 1719 4969 ἐκεῖνο
1743 4894 1786 4967 δεῖ
1798 4904 1833 4962 εἰ·

302 5007 375 5098 γὰρ)
392 5009 511 5076 τούτων
529 5011 599 5103 γάρ.
620 5051 656 5062 -
676 5014 697 5079 l.
717 5017 746 5080 8.
765 5006 905 5096 εὐζωίας)
923 5006 1047 5091 ἁζωίας.
1100 5004 1195 5080 δέναι.
1214 5029 1252 5086 -;;-
1268 5013 1378 5080 Halst.
1396 5036 1527 5098 quoque
1549 5013 1719 5098 sequentia
1734 5005 1832 5076 reseri-

303 5153 344 5164 -
363 5113 405 5191 οἷς
431 5119 595 5206 μέμικται)
619 5115 660 5195 οἷς
685 5120 909 5209 συμμέμικται.
929 5159 969 5168 -
987 5123 1009 5186 l.
1027 5123 1054 5186 9.
1099 5121 1174 5206 psit.
1199 5121 1313 5186 Palam
1340 5125 1390 5186 est
1414 5120 1597 5186 schollona
1619 5119 1734 5186 Proalo
1757 5111 1830 5182 oriri.

302 5227 357 5286 oia
380 5223 465 5312 ἔχον)
491 5227 546 5288 οὐκ
569 5225 659 5313 ἔχων.
687 5265 726 5275 -
750 5229 772 5293 l.
793 5231 832 5294 10
854 5229 891 5291 τό
915 5225 974 5316 γὰρ
998 5226 1047 5289 ὅν·
1143 5217 1830 5316 -;;-Βι1ιοο·ιωι.Κυρίωςκατογοροὺμινοιὸ·

302 5333 377 5416 τως)
400 5333 438 5396 τό
462 5331 520 5423 γὰρ
545 5333 651 5407 οὕτως.
678 5373 716 5382 -
743 5335 810 5398 ὄντι
835 5345 888 5398 τοῦ
914 5332 1046 5423 ἀγαθοῦ)
1102 5357 1148 5424 ρος
1165 5335 1233 5399 ἐστὶ
1250 5335 1287 5398 τό
1305 5335 1416 5416 αἴτιον,
1434 5327 1458 5418 ᾧ
1476 5338 1509 5399 οὐ
1526 5335 1706 5422 πρόσκειται
1723 5335 1737 5394 ό
1752 5346 1830 5416 προσ·
