3944 6074
454 534 670 627 Nuptiarum
686 535 901 627 praesidibus
919 533 1090 628 horoscopi
1105 535 1381 628 praecipiuntur.
1639 542 1693 602 173

145 707 249 785 αὐτόν,
268 705 321 771 καί
338 707 368 772 ἐν
386 715 431 788 τῷ
451 705 556 792 [παντί
573 708 642 790 (fol.
661 709 702 774 95
719 711 764 789 v.)
789 716 834 789 τῷ
850 705 906 781 τάς
924 697 1081 798 περιόδους
1098 707 1249 800 ἐπάγοντι
1265 719 1322 784 τῆς
1339 710 1493 801 εύγονείας
1510 710 1564 774 καί
1580 701 1693 801 δυσγο-

144 817 248 900 νεία;],
267 816 369 904 ὥσπερ
387 815 518 878 καὶτῶν
538 816 610 898 βίων
631 815 782 900 [ἔκαστος,
801 813 863 880 οἷον
881 821 896 878 ό
911 815 1099 906 φιλόσοφοςί,
1114 817 1168 880 καί
1184 819 1215 882 ἐν
1232 827 1301 892 ταῖς
1318 814 1431 906 ψυχαῖς
1448 819 1578 902 [αὑταῖς]
1593 818 1647 880 καί
1661 821 1691 882 ἐν

145 934 185 1007 τῇ
211 913 316 1005 τοίᾳδε
341 913 588 1012 διασχηματίσει
610 935 665 988 τοῦ
686 927 760 989 ὅλου
778 925 831 989 καί
847 926 977 1001 ἕκαστος
995 935 1057 989 τῶν
1074 924 1168 992 ὅλων.
1188 963 1228 974 -—
1245 931 1281 990 Εἰ
1302 917 1330 990 δ’
1349 921 1399 990 σύν
1424 929 1492 991 ἔστι
1515 927 1569 990 καί
1593 931 1623 992 ἐν
1647 937 1693 1009 τῷ

145 1029 252 1118 κόσμῳ
270 1027 353 1094 κατά
364 1029 388 1116 ¹)
404 1030 457 1096 τόν
475 1020 581 1096 διττόν
600 1030 729 1120 ἀριθμόν
746 1037 818 1121 ὁρῖιν
836 1033 890 1096 τόν
908 1031 1010 1122 κύριον
1027 1043 1089 1096 τῶν
1108 1033 1275 1122 ἀμεινόνων
1293 1029 1346 1096 καί
1362 1034 1509 1121 χειρόνων
1534 1033 1692 1125 γενέσεων,

147 1127 194 1200 δεῖ
210 1134 281 1211 τούς
306 1136 460 1224 ἄρχοντας
484 1141 524 1210 εἰς
549 1137 585 1201 τό
608 1146 670 1201 πᾶν
688 1142 834 1227 ὁρῶντας,
851 1139 1075 1228 τεκμαίρεσθαι
1101 1130 1151 1204 διά
1175 1149 1238 1203 τῶν
1263 1141 1452 1229 φαινομένων
1479 1143 1509 1205 ἐν
1534 1152 1604 1216 ταῖς
1628 1151 1691 1205 τῶν

144 1243 254 1335 γάμων
279 1238 460 1332 συνέρξεσιν,
486 1249 532 1320 τίς
557 1240 643 1324 τάξις
661 1248 796 1335 κοσμικά
816 1259 873 1322 τῆς
890 1249 1048 1336 ἀμείνονος
1066 1247 1186 1322 σίστικὴ
1207 1241 1298 1328 ζωῆς,
1317 1250 1370 1312 καί
1391 1251 1437 1323 τίς
1461 1259 1519 1325 τῆς
1544 1251 1690 1338 χείρονος,

144 1346 185 1414 ὧν
199 1357 218 1424 η
235 1351 412 1440 Εἱμαρμένη
428 1353 614 1442 περιέχουσα
627 1353 697 1427 τούς
712 1351 867 1442 ἀριθμούς,
882 1346 934 1418 διά
947 1364 1009 1418 τῶν
1023 1357 1168 1444 ἐμφανῶν
1181 1357 1345 1440 κινήσεων,
1360 1349 1455 1430 δηλοῖ
1466 1357 1522 1434 τάς
1536 1348 1693 1448 διαφοράς,

143 1461 207 1524 εἴτε
232 1461 368 1547 σημείων
393 1459 490 1524 όντων
515 1460 635 1525 τούτων
659 1471 722 1526 τῶν
747 1463 900 1551 ἐσομένων
925 1463 1029 1550 μόνον,
1047 1467 1109 1529 εἴτε
1128 1465 1180 1528 καί
1197 1467 1493 1532 συναποτελούντων
1518 1468 1599 1533 αύτά
1623 1481 1692 1545 ταῖς

143 1561 265 1654 ψυχαῖς,
291 1558 372 1632 διότι
396 1567 438 1632 τά
463 1568 539 1658 μέρη
567 1568 647 1656 μετά
663 1580 725 1634 τῶν
743 1572 823 1634 όλων
843 1582 934 1636 ποιεῖ·
953 1563 1090 1661 διαφέρει
1106 1571 1166 1664 γάρ
1185 1563 1270 1638 οὐδὲν
1295 1586 1398 1638 ταῦτα
1421 1577 1496 1663 πρὸς
1519 1575 1558 1640 τό
1581 1575 1691 1666 παρόν.

144 1673 245 1737 Ἀλλά
269 1687 418 1740 τοσοῦτον
444 1678 536 1764 μόνον
561 1681 748 1769 ἀναγκαῖον,
773 1680 812 1744 τό
836 1680 907 1755 τοὺς
932 1681 1087 1769 ἄρχοντας
1119 1673 1313 1771 διορατικούς
1339 1677 1415 1746 εἶναι
1447 1692 1508 1747 τῶν
1534 1684 1692 1772 σπορίμων

144 1783 290 1870 ὡρῶν,ἣ
323 1795 389 1860 τοῖς
420 1787 577 1872 ἀμείνοσιν
608 1787 766 1877 ἀριθμοῖς,
791 1787 809 1860 ἢ
836 1800 900 1865 τοῖς
930 1791 1050 1877 χείροσι
1078 1783 1317 1870 πλεονάζουσιν,
1342 1789 1414 1865 τούς
1438 1801 1501 1855 τῶν
1526 1783 1692 1881 συνέρξεων

144 1891 277 1979 κυρίους·
301 1890 429 1956 ἕπεσθαι
453 1892 513 1982 γάρ
537 1905 606 1971 ταῖς
633 1894 687 1982 μέν
713 1897 877 1985 σπορίμαις
902 1907 957 1962 τοῦ
981 1896 1099 1984 κόσμου
1124 1889 1390 1986 διασχηματίσεσι
1414 1896 1471 1974 τάς
1495 1903 1525 1963 έν
1549 1909 1619 1974 ταῖς
1643 1905 1696 1965 ἑκ-

144 2006 273 2085 τροπαῖς
291 1988 562 2086 διασχηματίσεκ·
582 1999 713 2076 ταύταις
731 1992 774 2082 δὲ,
792 2001 848 2076 τάς
868 2004 1019 2086 βιότητας
1036 2015 1099 2068 τῶν
1117 2005 1320 2093 τικτομένων,
1338 2010 1357 2076 ἢ
1377 2006 1519 2094 ἀμείνους
1536 2006 1555 2078 ἢ
1573 2008 1692 2097 χείρους

144 2106 330 2197 γιγνομένας
354 2117 423 2181 ταῖς
449 2117 511 2172 τῶν
532 2113 780 2198 γεννησαμένων,
799 2109 817 2182 ἰ,
837 2111 983 2199 ἀνομοίας
1008 2113 1116 2192 οὕτως,
1141 2113 1221 2177 ὥστε
1246 2113 1299 2176 καί
1323 2112 1569 2183 τὴνπολιτείαν
1595 2114 1693 2202 μέτα·

145 2208 284 2280 θάλλειν
308 2219 342 2279 ού
359 2213 418 2306 γάρ
436 2225 521 2280 πᾶσα
539 2217 727 2304 ἀνομοιότης
745 2211 902 2294 ἐξίστησιν
920 2227 978 2293 τῆς
996 2221 1155 2307 ἀμείνονος
1172 2213 1263 2297 ζωῆς·
1289 2212 1444 2284 ἀδύνατον
1454 2220 1480 2304 ²)
1498 2220 1553 2308 μέν
1570 2219 1631 2309 γάρ
1649 2220 1691 2308 μὴ

145 2317 222 2388 εἷναι
247 2321 316 2386 τινά
341 2315 545 2413 διαφέρουσαν
563 2316 709 2410 διάθεσιν,
728 2325 798 2389 ἀλλ’
824 2327 894 2400 ἥτις
915 2325 951 2390 ἂν
968 2327 1164 2414 παμπόλλην
1181 2328 1239 2415 ἔχῃ
1258 2326 1317 2398 τὴν
1335 2321 1526 2418 ἐξαλλαγήν·
1551 2329 1617 2392 ἐπεί
1640 2329 1694 2392 καί

144 2431 175 2496 έν
198 2432 243 2496 ἑνί
267 2431 397 2520 φύονται
419 2443 484 2508 τοῖς
508 2433 663 2522 πατράσιν
688 2440 727 2510 ὡς
746 2436 858 2498 ἐπίπαν
876 2440 904 2498 οἰ
920 2425 1028 2510 παῖδες
1044 2434 1147 2524 ὅμοιοι
1165 2435 1246 2522 μετά
1270 2460 1352 2510 τινος
1377 2434 1430 2500 καί
1455 2435 1693 2524 ἀνομοιότητος·

145 2543 216 2603 ἀλλ’
241 2541 317 2604 ὅταν
341 2540 475 2628 πάμπαν
501 2543 652 2630 [ἀνόμοιοι
677 2545 746 2625 (fol.
771 2546 826 2629 96)
850 2545 1014 2632 γένωνται,
1038 2567 1114 2609 τοτε
1138 2543 1197 2615 τἠν
1222 2553 1277 2607 τοῦ
1302 2543 1419 2632 γένους]
1445 2537 1692 2621 ἐξαλλάττουσιν

146 2640 304 2733 ἰδιότητα,
331 2650 394 2735 [καί
417 2651 581 2741 γίγνονται
606 2649 667 2715 ἀπό
690 2651 870 2739 φι]λοσύφου
894 2651 1000 2740 γένους
1025 2653 1208 2741 ἀφιλόσοφοί
1234 2655 1337 2736 [τινες
1363 2653 1417 2715 καί
1437 2651 1509 2738 ἀπὸ]
1534 2645 1693 2726 θεοσεόοῢς

90 2793 100 2827 2
146 2758 270 2845 ἀνίεροι,
287 2756 341 2819 καί
364 2756 414 2819 ἐπί
438 2757 623 2822 τῶνᾶλλων
642 2758 800 2833 ὡσαύτως.
820 2757 860 2823 Ὃ
885 2759 939 2822 καί
962 2761 1055 2836 αἰιτθς
1081 2752 1178 2844 εἰδὼς,
1197 2763 1303 2850 ἔλεγεν
1329 2761 1378 2825 ότι
1402 2761 1588 2851 γίγνον[ται]
1613 2760 1693 2836 τινές

144 2864 321 2952 ύπόχαλκοι
344 2865 398 2926 καὶ
422 2867 452 2929 ἐν
477 2875 522 2947 τῷ
546 2875 650 2954 χρυσῷ
678 2864 794 2956 [γένειγ
820 2877 915 2930 τοῦτο
933 2857 966 2932 δὲ
983 2869 1039 2930 ούκ
1055 2870 1146 2955 ἀρκεῖ
1160 2867 1199 2931 τό
1214 2866 1267 2929 ἕνα
1284 2864 1355 2931 τινά
1372 2865 1515 2956 γενέσθαι
1539 2877 1691 2942 τοιοῦτον,

145 2977 186 3047 εἰς
209 2973 247 3036 τό
272 2983 445 3062 παρασχεῖν
470 2975 573 3038 αἰτίαν
598 2984 638 3058 τῇ
664 2974 810 3056 πολιτείᾳ
833 2984 892 3049 τῆς
916 2973 1051 3049 λύσεως·
1076 2972 1127 3038 ὅτ’
1154 2972 1189 3037 ἀν
1222 2963 1256 3037 δέ
1279 2972 1392 3038 πολλοί
1417 2973 1469 3036 καί
1494 2964 1604 3061 μηδείς
1628 2983 1692 3036 τῶν

145 3087 190 3161 τῷ
215 3089 318 3168 χρυσῷ
336 3079 416 3169 γένει
432 3079 666 3168 προσηκόντων,
682 3080 736 3143 καί
753 3078 836 3168 μετά
856 3083 977 3156 πολλῆς
994 3092 1051 3156 τῆς
1067 3073 1294 3169 παραλλάξεως
1310 3079 1395 3171 παρά
1412 3079 1471 3152 τὴν
1497 3090 1554 3154 τῆς
1580 3089 1694 3169 σπορᾶς

146 3177 343 3276 διαμαρτίαν·
369 3186 407 3260 ἣν
433 3189 588 3275 ἁμαρτίαν
614 3187 694 3264 εἰκός
719 3192 867 3277 ἁμαρτεῖν
893 3188 963 3263 τούς
988 3188 1155 3277 ἄρχοντας,
1180 3193 1219 3264 ῶς
1245 3188 1287 3275 μὴ
1313 3192 1455 3278 λογισμῷ
1482 3188 1586 3275 μόνον,
1610 3187 1694 3251 ἀλλά

145 3295 199 3358 καί
219 3295 386 3382 [αἰσθήσει
402 3297 589 3384 χρωμένους,
605 3301 645 3371 εἰς
659 3295 718 3367 τὴν
732 3305 787 3359 τοῦ
800 3307 907 3384 καιροῦ
920 3307 978 3371 τῆς
993 3299 1131 3386 εύγονίας
1145 3293 1334 3384 κατάληψιν.
1353 3297 1433 3362 Τότε
1446 3288 1507 3369 ἤδη
1525 3300 1693 3387 ἀναγκαῖον

145 3414 202 3477 τῆς
225 3403 341 3479 λύσεως
365 3395 670 3492 προκαταόληθῆναι
693 3402 821 3478 πάντως
839 3404 950 3494 ἀρχὴν,
968 3404 1034 3492 ἅμα
1051 3415 1096 3487 τῷ
1114 3407 1166 3469 καί
1183 3405 1243 3478 τὴν
1259 3397 1399 3494 περίοδον
1423 3415 1469 3488 τῷ
1492 3405 1694 3494 παροράματι

146 3523 312 3601 συνεργεῖν·
331 3503 379 3576 δεῖ
393 3513 497 3576 τοίνυν
514 3510 585 3586 τούς
603 3520 665 3575 τῶν
683 3511 793 3602 γάμων
819 3515 938 3601 κυρίους
955 3515 1009 3577 τόν
1027 3514 1132 3603 καιρόν
1151 3517 1253 3578 αὐτῶν
1276 3512 1384 3602 θηρᾶν,
1408 3512 1493 3577 κατά
1518 3512 1571 3600 μέν
1597 3511 1655 3583 τὴν
1667 3501 1692 3576 ³)

146 3622 291 3703 ἀπλανῆ,
317 3609 368 3683 διά
392 3643 429 3684 τε
453 3629 515 3682 τῶν
541 3618 743 3709 ὡροσκόπων,
768 3619 908 3682 καὶτῶν
932 3618 1054 3697 τούτοις
1085 3621 1392 3711 παρανατελλόντων
1417 3621 1555 3709 ἀστέρων
1580 3619 1694 3684 τεκαὶ

145 3719 292 3792 δεκανῶν·
315 3727 368 3790 καί
392 3725 452 3818 γάρ
478 3738 584 3816 μοῖραι
607 3733 840 3816 ὡροσκοποῦσαι
856 3725 915 3796 τὴν
932 3725 1013 3798 όλην
1031 3729 1137 3814 έχουσι
1153 3736 1211 3802 τῆς
1235 3725 1382 3816 γενέσεως
1407 3716 1548 3812 δύναμιν,
1573 3729 1612 3800 ὡς
1637 3722 1693 3800 τάς

147 3834 201 3922 μὲν
228 3833 381 3923 ίερατικάς
406 3845 515 3920 ποιεῖν,
533 3834 589 3910 τάς
607 3827 640 3901 δέ
652 3834 678 3918 ⁴)
704 3835 851 3925 σύνεγγυς
870 3837 971 3898 αύτῶν
990 3836 1156 3924 ἐπιρρήτου
1174 3828 1254 3913 ζωῆς
1272 3835 1442 3925 γεννήσεις,
1460 3833 1520 3898 Καὶ
1536 3844 1639 3898 ταῦτα
1662 3839 1692 3898 ἐν

146 3951 215 4016 ταῖς
234 3933 425 4016 Χαλδαῖκαῖς
443 3943 595 4032 σφαίραις,
619 3943 674 4006 καί
691 3942 781 4005 αύτοί
797 3941 851 4005 καί
867 3942 1035 4031 Αἰγύπτιοι
1058 3942 1112 4005 καί
1129 3943 1326 4032 Αἰγυπτίαις,
1344 3942 1396 4028 ἀφ’
1414 3934 1455 4004 ὧν
1472 3940 1526 4003 καὶ
1542 3941 1693 4028 κρίνουσιν

147 4057 176 4112 οἰ
190 4048 329 4126 παλαιοί,
347 4049 393 4124 τίς
411 4053 426 4112 ὁ
446 4051 509 4132 βίος
526 4051 615 4113 ἔσται
631 4059 693 4114 τῶν
711 4054 751 4124 εἰς
768 4048 827 4120 τὴν
845 4049 962 4140 γένεσιν
979 4059 1154 4139 παρισυσῶν
1172 4047 1288 4137 ψυχῶν,
1305 4051 1429 4114 ἐκείνων
1450 4054 1693 4139 ὡροσκοπουσῶν

147 4159 187 4229 ὡς
204 4152 313 4244 ὑπὲρέ)
330 4166 385 4219 τοῦ
403 4157 482 4240 βίον,
499 4166 586 4220 ποῖον
604 4160 639 4220 ἐκ
656 4165 718 4219 τῶν
736 4155 911 4245 σχημάτων
927 4156 981 4220 καί
997 4167 1060 4221 τῶν
1076 4161 1313 4246 παρανατολῶν,
1332 4155 1384 4220 καί
1400 4166 1458 4232 τῆς
1476 4165 1537 4219 τῶν
1556 4155 1693 4244 ἀστέρων

149 4253 317 4346 ἰδιότητος,
341 4273 403 4328 τῶν
428 4265 502 4354 πρὸς
526 4263 585 4334 τὴν
602 4269 839 4354 ῶροσκοποῦσαν
858 4275 968 4353 μοῖραν
993 4259 1324 4355 συσχηματιζομένων·
1344 4263 1397 4327 καὶ
1413 4268 1445 4328 αἰ
1468 4273 1531 4328 τῶν
1554 4287 1694 4352 παρανα-

108 4403 120 4438 ε
151 4368 339 4451 [τελλόντων
365 4372 434 4453 (ίοί.
459 4375 501 4438 96
525 4376 569 4453 ν.)
595 4363 750 4459 δυνάμεις]
776 4371 972 4461 παμπόλλην
991 4371 1185 4461 παρέχονται
1206 4364 1344 4459 [δύναμιν
1363 4375 1405 4445 εἰς
1423 4393 1458 4435 τε
1476 4371 1617 4461 εύγονίαν
1641 4369 1695 4432 καί

149 4467 324 4566 δυσγονίαν·
349 4478 408 4542 εἰσί
432 4477 491 4569 γάρ
516 4470 554 4550 δὴ
575 4479 628 4544 καί
647 4478 780 4565 τούτων]
808 4488 840 4544 αἰ
864 4479 917 4568 μὲν
936 4478 1053 4570 ἀγαθαί
1069 4480 1122 4543 καί
1147 4471 1370 4569 [προξε]νοῢσαι
1390 4487 1494 4542 πᾶσαν
1519 4479 1637 4568 εὔροιαν
1663 4479 1693 4539 ἐν

148 4595 216 4660 ταῖς
240 4585 412 4677 γενέσεσιν·
438 4593 470 4651 αἰ
495 4578 528 4652 δέ
551 4587 714 4654 κακοποιοί
738 4587 877 4652 καὶτῶν
906 4589 1052 4653 ἐναντίων
1078 4589 1242 4676 ἀπορροίας
1266 4587 1530 4675 καταπέμπουσαι
1553 4595 1618 4660 τοῖς
1641 4589 1692 4648 ὑπ’

149 4695 251 4756 αὐτῶν
276 4685 560 4783 δυναστευομένοις.
572 4695 613 4760 ’Ἄ
629 4685 667 4768 δη
687 4696 741 4759 καί
757 4702 785 4760 οἰ
802 4696 1028 4785 ἀστερυσκόποι
1044 4689 1129 4772 ἅπαξ
1148 4687 1265 4770 ἰδόντες
1282 4695 1317 4780 ⁶),
1335 4684 1518 4783 διορίζουσιν
1543 4695 1615 4757 τίνα
1639 4691 1694 4781 μέν
1749 4703 1756 4712 “

148 4808 210 4863 τῶν
236 4799 356 4888 ἄστρων
381 4801 512 4892 ἀστέρας
528 4804 594 4890 ἔχει
613 4801 734 4879 πάντας
758 4802 976 4891 ἀγαθοποιούς,
1001 4805 1072 4867 τίνα
1096 4793 1129 4866 δέ
1153 4801 1358 4884 κακωτικσὺς,
1382 4803 1454 4865 τίνα
1479 4791 1512 4864 δὲ
1536 4823 1693 4890 συναμφο-

93 4941 121 4978 40
148 4905 263 4994 τέρους·
290 4900 331 4969 ὧν
356 4905 410 4983 τοίς
436 4909 598 4999 ἀπορροίας
622 4909 682 4999 χρὴ
709 4903 854 4999 νομίζειν,
872 4901 1078 4998 διαφερόντως
1095 4907 1150 4997 μέν
1167 4913 1198 4972 έν
1215 4917 1260 4990 τῷ
1284 4907 1546 4996 παρανατέλλειν,
1568 4905 1693 4982 πάντως

187 5172 210 5244 ¹)
228 5178 295 5224 κατὰ
312 5171 343 5228 in
361 5191 454 5246 marg.
473 5174 508 5229 A.
528 5176 578 5227 καί.
982 5178 1008 5250 ⁴)
1026 5177 1062 5231 A.
1081 5175 1131 5231 fol.
1151 5173 1194 5229 25.

185 5262 208 5334 ²)
227 5261 263 5316 A.
283 5265 303 5316 ιῖ
323 5266 432 5316 δυνατόν.
983 5266 1007 5338 ⁵)
1019 5263 1090 5320 Ood.
1100 5262 1227 5337 primum
1238 5263 1329 5334 ιἰσπιρ,
1341 5262 1384 5318 εἰσ
1396 5263 1432 5319 A,
1446 5259 1627 5319 comotione
1637 5279 1693 5318 om.

186 5350 208 5422 ³)
226 5349 308 5406 Fort.
328 5356 367 5404 τά.
386 5351 456 5409 Ood.
477 5355 527 5409 τήν.
983 5355 1006 5428 ⁶)
1024 5355 1059 5409 Α.
1079 5355 1218 5415 κατιδόντες
1237 5369 1293 5410 om.
1313 5353 1390 5415 ἅπαξ.
