4022 6072
782 445 933 527 Sanctus
950 449 1170 546 Augustinus
1698 463 1750 528 147

208 621 312 693 Swete
326 617 362 708 ¹),
377 648 473 712 quem
487 628 596 696 monui
608 627 646 693 de
658 627 760 694 altero
771 628 887 695 cadim.
903 628 964 697 Sed
976 629 1152 714 aegerrime
1165 629 1240 697 tulit
1252 630 1335 696 idem
1348 653 1399 698 me
1411 653 1474 698 non
1486 633 1628 717 potuisse
1643 635 1749 721 digito
1832 665 1848 696 a

207 738 386 800 monstrare
408 735 547 802 codicem
571 733 738 822 Belgicam
759 735 793 801 in
816 737 944 821 privata
967 737 1159 804 bibliotheca
1175 738 1412 824 religiosissime
1434 741 1618 824 sepositum,
1642 765 1746 828 neque

208 863 295 908 meas
318 843 551 909 communicare
574 843 750 926 schedulas,
776 844 877 910 multa
899 844 985 910 inter
1007 845 1123 912 itinera
1144 846 1274 930 penitus
1289 847 1430 914 amissas.
1450 846 1563 916 Novus
1586 849 1668 916 liber
1690 875 1748 916 an-

209 949 322 1034 glicus,
346 950 432 1034 quod
453 949 623 1018 dolendum
638 955 697 1032 est,
714 951 884 1040 intercepit
899 952 1008 1019 doctas
1024 953 1260 1020 dissertationes
1275 977 1354 1040 quas
1370 955 1474 1022 clarus
1497 956 1658 1041 professor
1680 959 1751 1025 Ha·

207 1056 305 1123 lensia
326 1057 498 1125 identidem
521 1081 595 1126 cum
617 1060 758 1126 omnium
774 1060 889 1145 plausu
904 1061 1042 1146 protulit
1053 1057 1091 1142 ²).
1108 1061 1264 1128 Absolute
1284 1063 1386 1148 igitur
1401 1064 1440 1130 de
1463 1063 1631 1132 Theodoro
1654 1066 1749 1134 Pauli

208 1166 382 1252 interprete
405 1169 603 1252 quaestione,
626 1168 765 1236 claudite
784 1169 853 1253 jam
875 1170 971 1252 rivos,
986 1174 1037 1236 sat
1059 1174 1154 1256 prata
1176 1170 1338 1238 biberunt.

445 1735 863 1875 SANCTUS
919 1735 1561 1878 AUGUSTINUS.

810 1997 1150 2073 HIPPONENSIS.

269 2416 426 2501 LIBER
460 2419 906 2552 TESTIMONIORUM
938 2419 1076 2504 FIOEl
1109 2421 1318 2505 CONTRA
1350 2421 1691 2505 DONATISTAS.

341 2621 509 2706 Iaczpiant
519 2619 543 2703 3)
562 2605 744 2690 testimonio
756 2622 835 2704 fidei
850 2623 908 2690 sud
924 2623 1173 2706 interrogatione
1188 2629 1217 2690 et
1232 2624 1439 2706 responsione
1454 2624 1623 2707 disposito.

858 3065 1097 3138 PROLOGUS.

252 3283 332 3351 Oom
354 3284 394 3350 de
410 3284 477 3351 Deo
493 3304 597 3350 sermo
611 3288 671 3366 est,
687 3283 770 3350 sicut
785 3283 877 3350 valde
892 3285 988 3352 noxia
1004 3289 1053 3352 est
1068 3285 1327 3354 contradictionis
1348 3285 1503 3366 intentio,
1518 3286 1565 3352 iia
1587 3285 1677 3352 utilia
1701 3290 1750 3352 est

207 3391 469 3478 interrogationis
492 3390 683 3458 sollicitudo.
707 3391 758 3456 Ibi
781 3392 865 3458 enim
888 3392 928 3457 de
944 3392 1159 3476 obstinatione
1176 3414 1285 3459 sensus
1300 3393 1474 3474 obtexitur,
1492 3391 1546 3459 hic
1568 3392 1753 3459 intellectus

207 3499 246 3566 de
267 3499 473 3583 inquisitione
496 3498 656 3578 nutritur;
679 3497 747 3564 illic
769 3497 935 3583 depravari
958 3499 1107 3564 resistens
1136 3499 1307 3566 infidelitas
1337 3499 1533 3580 delectatur,
1556 3498 1609 3566 hic
1631 3498 1750 3565 erudiri

207 3606 356 3674 obediens
379 3611 590 3694 promeretur,
615 3610 647 3672 et
670 3604 740 3672 ideo
764 3628 885 3691 quaero
908 3630 927 3673 a
950 3610 994 3688 te,
1018 3605 1164 3690 veritatis
1187 3609 1336 3672 assertor.

241 3855 265 3912 1.
284 3857 488 3929 later-rogatio.
502 3885 537 3898 -
555 3854 708 3922 Quomodo
726 3854 757 3912 in
775 3854 952 3914 Divinitatis
1005 3851 1122 3926 Filiam,
1142 3869 1196 3911 neo
1214 3852 1356 3927 Spiritum
1375 3853 1524 3923 Sanctum
1550 3851 1670 3927 propria
1695 3851 1752 3912 eibi

205 3948 350 4006 unitatem
369 3947 489 4004 credere
508 3945 690 4003 debeamus?
1005 3961 1246 4017 unumquemque
1271 3942 1452 4013 subsistere;
1471 3942 1525 4000 aed
1549 3947 1664 4001 remota
1687 3961 1753 4016 per·

242 4040 410 4110 Resporasio.
429 4066 467 4079 -
483 4035 661 4110 Imperleota
680 4041 728 4094 est
753 4036 883 4110 qualitas
908 4036 952 4095 in·
1006 4051 1147 4092 sonarum
1158 4032 1356 4105 distinetione,
1370 4031 1537 4089 solitarium
1555 4031 1677 4089 Patrem
1695 4031 1751 4089 sub

206 4125 417 4197 terrogationis
443 4133 526 4182 tuae:
551 4141 621 4182 nam
645 4126 671 4184 si
697 4125 734 4183 de
753 4128 817 4184 sola
835 4125 952 4184 unitate
1005 4124 1133 4197 abrupto
1150 4121 1355 4196 blasphemiae
1372 4121 1505 4195 periculo
1522 4120 1707 4195 profiteatur.

205 4220 360 4289 tractetur,
379 4233 461 4273 error
478 4217 595 4274 unionis
614 4215 782 4288 incurritur,
794 4222 831 4275 nt
847 4217 953 4291 quiite
1041 4214 1080 4270 11.
1103 4215 1311 4286 Interrogatio.
1336 4241 1373 4255 -
1395 4211 1521 4269 Quum
1545 4229 1632 4269 saum
1657 4209 1753 4283 lnqui-

205 4323 299 4362 nnnm
316 4307 413 4364 Denm
432 4307 525 4364 eredit
543 4308 576 4382 ⁴),
597 4308 699 4383 (si)ont
719 4307 836 4379 Judaei,
862 4326 953 4366 unam
1006 4303 1098 4361 rendo
1116 4303 1272 4376 imperitus
1291 4319 1390 4359 sermo
1409 4301 1461 4358 vix
1479 4300 1613 4376 expedit3
1632 4306 1663 4386 et
1684 4299 1752 4358 ideo

204 4393 304 4452 Patris
322 4401 440 4452 tantnm
458 4412 615 4469 personam
629 4413 696 4454 esse
708 4395 883 4469 contendat;
896 4413 952 4455 nec
1005 4391 1240 4467 interrogatione
1252 4390 1440 4449 manifestius
1452 4390 1587 4466 repetita,
1605 4389 1753 4448 nnitamm

242 4627 264 4704 ¹)
283 4629 357 4686 Post
369 4627 496 4704 primam
510 4631 674 4688 orationem
688 4629 887 4688 academicam
907 4648 953 4689 sn·
1005 4629 1040 4687 B.
1058 4629 1094 4687 D.
1114 4625 1300 4702 Cambridge,
1320 4631 1353 4684 at
1370 4626 1422 4684 the
1440 4626 1572 4684 univers.
1580 4625 1680 4683 Press.
1697 4630 1753 4698 tr,

210 4733 264 4789 pra
276 4718 410 4790 relatam,
423 4719 559 4793 prodiere
572 4725 733 4792 sequentes
744 4719 775 4776 in
794 4720 951 4793 epistolam
1007 4719 1086 4777 1880.

209 4809 248 4866 ad
266 4810 481 4883 colossensem,
498 4809 585 4867 Halis
611 4811 689 4880 1756,
709 4811 740 4867 in
765 4811 921 4884 epistolam
939 4827 952 4870 1
1042 4809 1066 4885 ³)
1076 4810 1124 4868 Ex
1134 4809 1196 4867 cod.
1207 4809 1235 4866 S.
1244 4806 1375 4865 Habenti
1384 4807 1435 4864 fol.
1446 4805 1602 4864 saffirus
1612 4821 1693 4861 num.
1704 4804 1752 4874 643

204 4899 243 4954 ad
257 4899 540 4958 Thessalonicenses
554 4901 632 4972 1860,
646 4899 682 4958 de
693 4917 719 4958 11
732 4899 819 4975 epist
832 4903 871 4959 ad
888 4919 953 4960 eoa·
1007 4917 1084 4958 saec.
1103 4918 1136 4958 rx
1153 4899 1185 4958 in
1197 4897 1379 4957 bibliotheca
1391 4897 1475 4955 urbis
1491 4893 1702 4954 Namaraenais
1721 4893 1753 4949 in

209 4986 277 5044 dem
296 5007 322 5045 a.
344 4989 422 5046 1866.
1007 4989 1122 5065 Belgio.

240 5077 263 5148 ¹)
285 5079 430 5136 dheodori
450 5081 579 5153 episcopt
596 5079 799 5152 Mopsuesteai
810 5079 841 5136 ia
853 5081 955 5152 episto
1042 5080 1066 5154 ⁴)
1084 5079 1120 5136 1n
1140 5079 1203 5137 eod.
1223 5097 1320 5154 panca
1339 5073 1624 5147 videnturtnrbari3
1641 5072 1754 5147 legitur

188 5168 252 5226 'loe
270 5171 306 5224 B.
326 5170 419 5227 Pauli
437 5172 647 5228 commentarii.
661 5169 726 5227 'Phe
743 5169 820 5227 latin
833 5171 954 5229 version
1008 5169 1129 5242 ntique:
1142 5172 1310 5228 insumitur
1322 5171 1374 5242 qut
1385 5172 1430 5226 ilo
1442 5185 1537 5227 unam
1548 5167 1646 5225 Deum
1659 5163 1754 5222 credit

203 5255 297 5313 witha
315 5258 369 5315 the
387 5259 482 5331 greclr
500 5257 667 5332 fragments
688 5259 730 5334 by
751 5258 790 5318 H.
809 5258 837 5319 S.
856 5259 955 5319 Swete
1006 5263 1041 5318 ut
1059 5261 1137 5317 sicat
1154 5261 1268 5320 Jadnei
1286 5277 1388 5318 unam.
