3940 6072
898 907 1252 988 OHALDAIOA
1279 903 1312 988 ¹).

517 1337 706 1431 Θεμέλιοςθ)
730 1347 787 1416 τῆς
813 1343 1040 1430 ἀστρονομικῆς
1064 1339 1179 1430 τέχνης
1204 1337 1289 1404 κατὰ
1311 1334 1383 1416 τούς
1408 1327 1583 1415 Χαλδαίους
1607 1327 1693 1416 δόξα.

369 1553 520 1646 Διήγησις
543 1553 727 1644 σοφωτάτου
752 1545 859 1644 ἀνδρὸς
882 1553 953 1643 περί
975 1555 1121 1630 ποικίλης
1144 1551 1199 1618 καί
1221 1553 1422 1644 πολυμόρφσυ
1447 1554 1588 1644 σφαίρας,
1613 1553 1700 1620 κατά
1727 1552 1785 1626 τλν
1808 1561 1858 1618 τῶν

207 1665 216 1678 “
326 1664 477 1752 ἐμπείρων
502 1663 555 1728 καθ
578 1661 770 1752 σοφωτάτων
797 1654 961 1728 Χαλδαίων
985 1653 1091 1747 δόξαν,
1115 1663 1223 1752 φησίν·

371 1771 535 1837 ’Ἔπλασεν
560 1776 575 1836 ό
600 1773 758 1862 Πάνσοφος
783 1771 839 1861 μέν
863 1761 1021 1861 δράκοντα
1037 1769 1119 1835 πάνυ
1137 1771 1237 1862 μέγαν
1253 1768 1338 1836 κατά
1356 1781 1454 1860 μῆκος
1471 1769 1525 1836 καί
1547 1770 1670 1848 πλάτος
1695 1769 1750 1835 καί
1774 1767 1860 1854 βάθος,

326 1872 472 1970 ζοφοειδῆ
498 1883 616 1970 έχοντα
640 1880 790 1971 κεφαλὴν,
815 1881 869 1944 τὸν
886 1881 1056 1970 λεγόμενον
1074 1871 1308 1959 ἀναύιύάζοντα
1324 1877 1351 1962 ’)
1367 1883 1407 1953 τίς
1433 1879 1603 1954 ἀνατολὴν,
1624 1879 1679 1942 καί
1703 1878 1763 1951 τὴν
1786 1875 1860 1965 cipis

328 1991 424 2052 αὐτοῦ
448 1989 502 2052 τὸν
526 1989 697 2079 λεγόμενον
722 1980 981 2066 καταύιύάζοντα
1005 1993 1047 2064 εἰς
1071 1977 1174 2052 δύσιν·
1199 1986 1255 2052 clii*
1280 1987 1377 2063 ούτως
1400 1980 1522 2077 ἤρξατο
1545 1997 1678 2062 ποιῆσαι
1704 1985 1746 2052 τά
1768 1975 1859 2065 ζώδια,

328 2087 513 2187 διαφέροντα
538 2099 686 2171 ἀλλήλων
710 2108 750 2184 τῇ
777 2097 865 2186 φύσει
896 2097 950 2162 καί
972 2107 1013 2183 τῇ
1039 2095 1129 2172 θέσει,
1154 2097 1253 2187 ἤγουν
1277 2099 1373 2188 κρίον,
1397 2107 1521 2187 ταῦρον,
1547 2085 1696 2185 διδύμους
1721 2103 1858 2182 καρκῖνοι,

325 2203 451 2289 λέοντα,
467 2202 629 2294 παρθένον,
646 2197 751 2296 ζυγύν,
768 2207 924 2292 σκορπίον,
942 2197 1089 2288 τοξότην,
1106 2203 1310 2295 αἰγοκέρωτα,
1327 2195 1488 2293 ὑδροχόον,
1502 2201 1618 2292 ἰχθύας.
1632 2204 1695 2267 Καί
1706 2191 1859 2292 προσέταξε

325 2313 381 2376 τὸν
407 2312 500 2377 αύτθν
526 2304 683 2403 δράκοντα
709 2307 876 2399 βαστάζειν
901 2307 934 2392 ἒξ
958 2304 1056 2393 ζόιδια
1080 2311 1130 2378 ἐπί
1154 2322 1209 2377 τοῦ
1233 2310 1333 2376 νώτου
1350 2316 1455 2394 αὑτοῦ,
1476 2310 1518 2376 τά
1541 2311 1703 2401 λεγόμενα
1727 2307 1798 2400 ύρθά
1818 2306 1859 2370 καί

324 2420 555 2511 πολυανάφορα,
580 2420 678 2512 ἤγουν
703 2423 765 2486 ἀπό
787 2423 817 2486 λ’
843 2431 956 2512 μοιρῶν
980 2431 1044 2486 τῶν
1069 2411 1205 2510 διδύμων
1230 2421 1322 2509 μέχρι
1344 2419 1374 2483 λ’
1399 2427 1510 2510 μοιρῶν
1535 2429 1591 2484 τοῦ
1614 2413 1748 2496 τοξότου
1773 2423 1810 2492 είς
1830 2417 1863 2492 τίΙ

326 2529 399 2619 ύφὲν
416 2531 627 2621 ῆμισφαίριον,
652 2530 713 2594 ἀπὸ
728 2529 855 2620 πρώτης
874 2531 980 2620 μοίρας
998 2539 1053 2594 τοῦ
1070 2522 1236 2619 ὁρίζοντος,
1253 2527 1351 2618 ἤγουν
1369 2527 1431 2592 ἀπὸ
1456 2531 1612 2602 ἀνατολῆς
1636 2526 1732 2617 μέχρι
1755 2516 1857 2594 δύσεως·

327 2635 381 2700 καί
396 2635 438 2701 τά
454 2635 550 2702 λοιπά
566 2631 599 2716 ἓξ
615 2629 713 2714 ζώδια
730 2639 791 2702 ἀπὸ
807 2630 833 2702 λ’
851 2647 964 2728 μοιρῶν
982 2647 1038 2702 τοῦ
1053 2630 1186 2714 τοξότου
1205 2636 1296 2726 μέχρι
1310 2645 1501 2725 τριακοστῆς
1519 2636 1626 2724 μοίρας
1643 2643 1709 2698 τῶν
1730 2624 1857 2720 διδύμων,

326 2741 368 2807 τά
391 2744 549 2836 λεγόμενα
572 2744 695 2836 πλάγια
719 2745 772 2809 καί
789 2744 1020 2838 ὀλιγοανάφορα
1037 2749 1068 2810 ἐν
1085 2753 1130 2828 τῷ
1147 2749 1268 2834 ἐμφανῆ
1287 2745 1490 2833 ἤμισφαιρίῳ·
1505 2736 1574 2808 εἶτα
1591 2743 1739 2816 ἐποίησεν
1763 2739 1855 2810 ἄλλους

324 2845 351 2930 ζ’
377 2853 507 2943 ἀστέρας
530 2853 785 2944 έμφανεστέρους,
801 2852 899 2943 ἤγουν
924 2853 1044 2943 κρύνσν,
1068 2845 1129 2930 δία,
1155 2852 1244 2943 ἄρην,
1264 2853 1364 2929 ἤλιον,
1390 2843 1572 2942 ἀφροδίτην,
1597 2855 1708 2941 ἑρμῆν,
1733 2849 1856 2920 σελήνην·
1915 2917 1916 2920 ,

368 2955 429 3026 Εἶθ’
454 2962 553 3038 ούτως
575 2961 690 3034 ἔστησε
713 2960 773 3034 τῆν
798 2963 932 3036 σελήνην
957 2965 989 3026 έν
1013 2962 1162 3051 καρκίνῳ,
1187 2961 1243 3024 τὸν
1268 2949 1301 3025 δέ
1322 2961 1411 3032 ἤλιον
1435 2962 1466 3024 ἐν
1496 2959 1618 3041 λέοντι,
1642 2959 1700 3023 τὀν
1724 2962 1814 3048 έρμῆν
1834 2957 1855 3016 ἐν

321 3065 474 3158 παρθένῳ,
498 3067 557 3162 τὴν
583 3059 755 3158 ἀφροδίτην
780 3072 811 3134 iv
835 3062 929 3160 ζυγῷ,
946 3067 1000 3132 καί
1020 3069 1095 3159 ἄρεα
1119 3071 1150 3134 ἐν
1168 3069 1314 3158 σκορπίῳ,
1332 3068 1387 3132 τὸν
1404 3058 1456 3132 δία
1480 3071 1511 3132 έν
1536 3075 1581 3151 τῷ
1604 3060 1737 3154 τοξότῃ,
1761 3065 1810 3128 τθν
1830 3053 1854 3122 δὲ

322 3175 430 3264 κρίνον
455 3179 486 3241 έν
511 3177 671 3268 αίγοκέρῳ.

367 3280 429 3348 Εἶθ’
447 3284 543 3358 οὕτως
560 3286 682 3357 ἐκίνησε
695 3283 753 3374 πρὸ
766 3283 893 3349 πάντων
907 3292 970 3349 τῶν
984 3283 1122 3374 ἀστέρων
1134 3283 1193 3350 τὸν
1206 3283 1434 3374 λαμπρότατον
1447 3283 1536 3354 ἥλιον
1549 3282 1600 3348 ἐπὶ
1610 3281 1665 3348 τόν
1680 3279 1854 3374 αἰγοκέρωτι

323 3392 376 3458 καί
388 3389 415 3478 ⁴)
434 3390 476 3457 τά
492 3384 562 3469 ἑξῆς
579 3382 676 3469 ζώδια
693 3393 754 3456 ἀπύ
772 3383 885 3468 δύσεως
902 3393 976 3482 πρὸς
994 3391 1163 3466 ἀνατολῆν.
1183 3382 1271 3456 Εἷδεν
1288 3396 1303 3455 ό
1324 3395 1420 3482 ἑρμῆς
1436 3391 1491 3456 τθν
1507 3392 1596 3463 ἥλιον
1614 3391 1781 3481 ἐρχόμενον
1793 3385 1852 3473 πρὸς

323 3501 428 3584 αύτδν,
454 3499 496 3589 μὴ
523 3499 620 3591 φέρων
645 3498 704 3570 τὴν
728 3499 862 3590 πύρωσιν
886 3509 949 3564 τῶν
974 3501 1108 3565 ἀκτίνων
1134 3504 1239 3576 αύτοῢ,
1265 3501 1359 3590 ἔφυγε
1384 3490 1540 3590 δρομαῖος,
1554 3499 1608 3562 καί
1626 3495 1705 3573 ἦλθε
1729 3496 1777 3562 ἐπί
1798 3491 1852 3564 τούς
1915 3587 1916 3592 ¹

324 3599 486 3697 διδύμους,
510 3608 565 3672 καί
587 3605 779 3692 κατῴκεισεν
803 3612 870 3672 ἐκεῖ
892 3608 983 3697 μέχρι
1006 3618 1133 3697 καιροῦ,
1157 3609 1292 3680 πλησίον
1324 3617 1382 3682 τῆς
1414 3607 1557 3682 σελῆνης.
1590 3605 1750 3681 Ὡσαύτως
1773 3601 1850 3668 acii.
1915 3629 1916 3636 ¹

324 3707 496 3807 ἀφροδίτη,
523 3707 629 3781 ἰδοῦσα
660 3717 715 3780 τθν
739 3717 830 3788 ἥλιον
855 3717 1021 3812 ἐρχόμενον
1045 3716 1096 3782 ἐπί
1119 3713 1173 3780 τόν
1206 3710 1318 3808 ζυγόν,
1342 3715 1397 3782 καί
1427 3715 1470 3806 μὴ
1502 3715 1636 3806 φέρουσα
1660 3714 1719 3791 τάς
1743 3717 1850 3779 ἀκτῖνες

323 3829 430 3908 αὐτοῦ,
453 3825 582 3913 έρχεται
605 3823 657 3888 ἐπὶ
680 3827 734 3888 τὀν
758 3834 881 3913 ταῦρον,
905 3827 1041 3898 πλησίον
1066 3828 1170 3915 ἐρμοῦ,
1188 3823 1383 3915 ἀπύστρσφος
1399 3817 1476 3888 ούσα
1492 3829 1595 3889 αὑτοῦ.
1623 3825 1756 3912 Ὁμοίως
1777 3817 1852 3884 καὶὸ

321 3930 397 4022 ἀρης
420 3932 471 3996 ἐπί
493 3933 548 3997 τύν
573 3932 668 4021 κρίον,
685 3931 819 4004 πλησίον
839 3923 1020 4022 ἀφροδίτης,
1040 3931 1234 4021 ἀπύστρσφος
1252 3936 1350 4007 αὐτῆς
1366 3929 1419 3998 ὤν·
1437 3931 1491 3994 καί
1506 3935 1522 3996 ὁ
1538 3923 1605 4009 ζεύς
1626 3935 1741 4008 ἐντοῖς
1760 3925 1849 4018 iliius

356 4175 379 4254 ¹)
397 4177 444 4236 Ex
463 4176 565 4237 codice
583 4177 695 4252 insigni
712 4179 856 4236 Vaticano
876 4179 936 4250 191,
950 4177 1002 4235 iol.
1016 4177 1071 4234 229
1124 4183 1324 4236 consentanea
1341 4195 1410 4236 cnm
1436 4177 1582 4252 singulari
1606 4179 1704 4236 Procli
1723 4168 1848 4236 sententie

318 4267 467 4344 particula
490 4267 632 4342 accipitur
654 4286 691 4326 ex
710 4268 848 4342 ampliori
862 4269 956 4342 'opere
979 4285 1071 4340 gene·
1123 4269 1163 4344 (p.
1183 4271 1226 4342 69,
1245 4271 1300 4344 21),
1314 4269 1497 4326 confidenter
1515 4288 1553 4328 ox
1566 4271 1725 4329 Chaldaeis
1742 4268 1847 4338 recepit,

319 4357 439 4431 thliaco‚
458 4359 538 4430 quod
556 4358 699 4416 inseritur
717 4359 822 4417 multis
842 4366 874 4416 et
891 4359 994 4432 magni
1012 4377 1071 4414 mo·
1124 4378 1184 4435 qua
1196 4378 1234 4417 ex
1246 4359 1291 4416 ira
1303 4361 1426 4417 deorum
1439 4361 1484 4418 sol
1497 4359 1667 4434 ignivomus
1677 4364 1793 4434 repente
1804 4351 1848 4410 fuit

318 4448 412 4505 monti
431 4447 516 4505 libris
528 4455 665 4507 veterum
678 4449 722 4506 rei
735 4449 964 4508 mathematicae
982 4449 1069 4522 scrip
1123 4449 1161 4506 ab
1180 4448 1266 4505 initio
1278 4449 1357 4506 inter
1369 4449 1513 4523 planetas,
1526 4449 1654 4507 flammei
1668 4446 1800 4507 torrentis
1816 4442 1847 4497 in·

318 4545 433 4596 torum:
446 4537 550 4594 insunt
561 4537 703 4594 videlicet
712 4539 861 4613 Euclides,
873 4538 1066 4605 Theodosius,
1122 4545 1193 4608 star,
1212 4537 1364 4595 immissus
1383 4547 1414 4595 et
1427 4538 1549 4594 effusus.
1562 4538 1608 4599 Ὠς
1623 4544 1682 4610 ἄρας
1695 4545 1745 4600 tat:
1763 4540 1846 4607 ι’,ιιοῳ-

318 4627 1066 4701 Autolichus,Ptolemaeus,JoannesPhiloponus,
1122 4626 1228 4684 θέλησιν
1254 4633 1294 4681 τὸν
1317 4631 1386 4685 ilos
1413 4631 1436 4682 ἐν
1461 4633 1512 4689 τοῖς
1537 4631 1615 4695 lara,
1636 4637 1679 4682 καὶ
1705 4627 1846 4698 &wiperti

318 4718 543 4784 Eratosthenes,
563 4717 756 4790 Diophantus,
771 4717 904 4775 Marinus
918 4717 949 4773 in
968 4717 1067 4774 Eucli-
1120 4717 1165 4769 ἀπ’
1180 4717 1254 4769 αὑτοῦ
1268 4724 1311 4778 τὰς
1323 4718 1347 4778 ἓξ
1358 4721 1435 4778 ἄλλοις
1448 4719 1525 4778 ζώνας
1536 4723 1578 4770 καί
1589 4721 1637 4769 τῶν
1648 4721 1707 4770 σιῶν
1721 4718 1793 4770 αὐτῶν
1805 4715 1845 4760 nl

318 4807 395 4878 dem,
405 4806 606 4878 Aristarchus,
616 4807 782 4880 Hypsicles,
793 4806 984 4878 Eustochins,
996 4811 1066 4862 Ara·
1120 4807 1148 4862 A
1166 4807 1272 4864 Proolo
1291 4806 1385 4879 igitur
1402 4807 1535 4863 nondum
1553 4807 1741 4866 recessimus.

318 4901 376 4966 tus,
396 4895 600 4967 Aristoxenus,
613 4895 678 4968 ipse
690 4897 825 4963 Procius,
841 4905 896 4968 περι
909 4899 958 4949 τῶν
978 4901 1067 4970 torpe·
1156 4895 1181 4968 ³)
1199 4895 1295 4952 Unico
1314 4895 1370 4952 hoo
1388 4895 1475 4968 signo
1490 4922 1522 4943 ν
1539 4895 1665 4954 verbum
1684 4891 1843 4970 exprimitur,

316 4988 423 5056 νομικῶν
443 4985 577 5039 ὑποθέσεων
595 5002 663 5040 cum
682 4983 804 5041 scholiis
822 4984 1024 5043 feracissimis.
1119 5002 1215 5057 neque
1227 4983 1621 5058 alindsigniiicnre,praeter
1632 4986 1845 5059 Gangianacom·

352 5075 375 5148 ¹)
394 5073 460 5132 Nisi
479 5092 526 5132 ms
545 5075 659 5149 fugerit
675 5075 800 5149 aprimo
813 5077 905 5133 verbo
923 5076 1066 5133 intricata
1119 5075 1227 5148 pendia
1245 5077 1353 5149 (Gloss.
1373 5077 1464 5148 infim.
1482 5093 1579 5150 praec.
1594 5093 1617 5133 ιι
1630 5095 1694 5150 app.
1708 5095 1735 5152 p.
1753 5075 1778 5147 8)
1795 5083 1843 5125 τόν·

315 5164 471 5238 scripture,
493 5183 560 5223 ecee
572 5163 659 5224 nobis
672 5165 801 5224 occurrit
812 5167 1064 5224 Fundamentum
1118 5165 1170 5221 <let
1182 5164 1265 5221 alind
1277 5165 1402 5223 verbnm
1416 5166 1584 5240 proximum
1596 5163 1798 5229 καταύιόάζιντα,
1808 5169 1843 5211 οι·

313 5257 459 5313 assimilo
477 5257 514 5313 dc
532 5255 751 5314 Chaldaeorum
770 5261 835 5313 crte
853 5257 1063 5326 astronomica,
1115 5252 1168 5327 jus
1187 5253 1308 5326 signum
1326 5254 1405 5312 foret
1425 5278 1468 5312 Α.

313 5343 415 5420 lepida
437 5363 509 5404 senc
533 5353 564 5404 st
586 5346 703 5421 inepte,
723 5346 823 5420 aliquo
849 5351 951 5404 tamen
974 5345 1062 5403 modo
1155 5345 1179 5420 ⁴)
1198 5345 1269 5403 Cod.
1290 5352 1322 5398 τι
1341 5351 1384 5398 ναι
1403 5349 1444 5400 τά.
