4022 6072
933 505 969 575 in
983 503 1145 594 psolams.

883 892 1080 960 PSrlbblUS
1104 892 1194 959 Xlll.

566 1115 596 1158 v.
623 1095 651 1157 l.
680 1085 770 1154 Εἶπεν
796 1088 898 1178 ἀρρων
923 1091 953 1152 ὲν
978 1077 1091 1178 καρδίᾳ
1116 1091 1221 1152 αὐτοῦ·
1246 1093 1311 1154 Οὐκ
1335 1091 1402 1154 ἔστι
1425 1089 1511 1166 Θεὸς.

631 1201 731 1267 Dixit
754 1199 873 1266 attritus
897 1200 933 1263 in
956 1199 1049 1266 corde
1072 1219 1145 1265 sao:
1168 1185 1244 1266 Non
1268 1205 1315 1266 est
1337 1199 1439 1266 Deus.

311 1415 402 1480 Κατά
427 1405 460 1479 δὲ
482 1414 538 1478 τὀν
557 1413 655 1505 μέγαν
676 1413 845 1494 Βασίλειον,
863 1411 956 1478 εἰπὼν
981 1415 1012 1476 ἑν

266 1533 311 1607 τῷ
326 1516 494 1606 δωδεκάτῳ
507 1519 623 1610 ψαλμῷ
636 1526 651 1584 6
666 1511 763 1586 Δαυίδ
780 1519 826 1583 τό·
840 1518 920 1596 Ἕως
934 1520 1012 1584 πότε

77 1673 83 1682 ·
180 1653 184 1659 '
266 1632 468 1722 ἀποστρέφεις
492 1633 529 1695 ab
559 1629 722 1718 πρόσωπόν
747 1652 801 1692 σου
834 1631 887 1690 ἀπ’
913 1633 1012 1712 ημοῦς

267 1739 376 1816 Ἐὐθὺς
401 1731 586 1830 μεταθαίνει
610 1737 662 1801 ἐπὶ
685 1738 723 1800 ab
747 1745 809 1799 τῶν
835 1733 932 1800 ἀθέων
957 1759 1013 1800 κα-

268 1847 331 1912 κόν·
356 1845 417 1912 οἷον
443 1848 519 1910 ὅταν
537 1845 645 1933 μικρὸν
664 1846 767 1918 αὐτοῖς
785 1843 817 1905 τί
842 1850 904 1904 τῶν
929 1841 1014 1926 κατά

269 1957 324 2022 τὸν
343 1958 409 2039 βίον
426 1953 615 2043 προσκρύσῃ,
633 1951 676 2039 μά.
700 1951 843 2039 φέροντες
860 1948 917 2026 τάς
942 1941 1014 2014 δυσ-

208 2109 214 2118 ·
268 2063 445 2151 κολωτέρας
458 2071 520 2125 τῶν
533 2059 729 2150 πραγμάτοιν
744 2055 950 2148 περιστάσεις,
966 2061 1015 2120 εὑ-

268 2170 319 2247 θίις
346 2163 515 2259 ἀγκρίθολοι
540 2171 681 2257 γίνονται
704 2176 774 2241 ταῖς
799 2155 964 2236 διανοίαις·
988 2167 1015 2226 εί

268 2283 335 2346 ἔστι
352 2281 429 2355 Θεὸς
448 2277 688 2366 ἐπιμελούμενος
701 2283 762 2338 τῶν
776 2263 863 2357 τῇδε,
879 2275 906 2336 εἰ
921 2266 1019 2360 Epopei

267 2389 308 2454 τά
332 2387 396 2452 καθ
414 2389 576 2466 ἕκαστον,
601 2390 627 2448 εί
657 2375 795 2470 διανέμει
825 2379 949 2462 ἑκάστῳ
973 2376 1014 2441 τά

268 2501 341 2586 προς
366 2490 464 2573 ἀξίαν.
499 2491 575 2558 Εἶτα
599 2495 675 2556 ὅταν
701 2493 751 2557 ἐπί
773 2492 880 2555 πλείον
908 2480 1014 2552 ἴδωσιν

269 2606 397 2680 ἑαυτοὺς
422 2603 703 2692 παρατεινομένους
732 2605 762 2664 ἐν
788 2609 852 2673 τοῖς
877 2589 1015 2668 &boulai-

268 2739 343 2794 τοις,
362 2707 537 2798 βεθαιοῢσιν
562 2713 667 2785 αὐτοῖς
684 2711 721 2773 ab
738 2708 872 2797 πονηρὸν
898 2697 1015 2795 δόγμα,

269 2823 322 2886 καὶ
348 2822 575 2908 ἀποφαίνονται
598 2819 629 2882 ὲν
654 2826 723 2890 ταῖς
747 2806 888 2902 καρδίαις
913 2815 1014 2877 αὐτῶν

176 2963 180 2970 ·
269 2933 318 2994 ὅτι
333 2933 388 2994 οὐκ
402 2931 449 2994 ἔτι
466 2926 552 3001 Θεὸς.
569 2926 604 2989 ‘0
618 2917 652 2988 δὲ
668 2933 762 2989 τοῦτο
779 2914 1013 3012 ἐμθαλλὸμενος

268 3045 310 3114 εἰς
336 3039 390 3101 τὀν
415 3041 527 3100 ἑαυτοῦ
556 3044 643 3118 νοῦν,
668 3022 807 3120 ἀψεοδῶς
830 3029 939 3094 λοιπὸν
965 3019 1016 3093 διά

269 3145 373 3220 πάσης
398 3144 553 3232 ἁμαρτίας
577 3151 681 3231 χωρεῖ.
709 3143 743 3203 Εἰ
766 3137 827 3228 γάρ
851 3141 907 3202 οὒκ
931 3139 1015 3202 ἔστιν

269 3257 285 3316 6
310 3257 496 3331 ἐπισκοπῶν,
514 3254 541 3312 εἰ
558 3251 613 3312 οὐκ
630 3249 714 3312 ἔστιν
732 3249 747 3308 6
766 3235 907 3318 ἀντιδοὺς
925 3241 1017 3308 ἑκάσ-

270 3386 316 3444 τῳ
340 3359 424 3424 κατά
458 3359 629 3448 ἀναλογίαν
653 3365 715 3418 τῶν
746 3347 959 3441 βεθιωριένων,
985 3355 1017 3415 τί

270 3468 384 3534 κωλύει
410 3467 515 3542 πάσης
544 3466 668 3540 ἀνοσίας
691 3456 829 3553 πράξεως
858 3465 1018 3525 κατατολ-

271 3586 350 3668 μάνς
374 3573 432 3638 Διά
456 3577 614 3661 τοῦτοὼς
638 3571 789 3658 ἑπόμενον
809 3577 854 3650 τῷ
878 3567 920 3656 μὴ
940 3564 1018 3632 εἶναι

272 3685 362 3757 Θεὸν,
388 3681 531 3771 ἐπήγαγε
555 3679 603 3742 τό·
621 3675 774 3767 Διερθάρη
802 3679 832 3740 ἐν
850 3665 1018 3746 ἐπιτηδεύ-

270 3816 373 3880 μασιν.
396 3789 579 3877 Ἀμήχανον
596 3785 656 3878 γάρ
673 3791 872 3874 ὲκτρωπῆναι
892 3793 950 3856 τῆς
975 3772 1020 3843 δι-

269 3901 358 3974 καίας
389 3888 461 3960 ὁδοῦ
493 3895 535 3983 μὴ
569 3893 671 3967 λήθην
704 3899 783 3958 Θεοῦ
808 3901 877 3966 ταῖς
903 3885 1017 3977 ψυχαῖς

270 4009 475 4080 νοσήσαντας.
495 4003 620 4092 'Appon
646 3997 698 4066 οὖν
715 4007 754 4076 ὡς
780 3997 915 4082 ἀληθῶς,
933 4001 1020 4062 ἑστε-

274 4115 402 4206 ρημένος
420 4124 471 4178 νοῦ
488 4111 541 4176 καὶ
558 4111 732 4201 φρονήσεως
749 4113 764 4172 6
781 4108 882 4198 λέγων
900 4110 930 4172 ἐν
948 4129 1021 4194 κοιρ-

272 4216 324 4290 δία
349 4229 454 4289 αὑτοῦ·
480 4225 545 4287 Οὐκ
569 4222 637 4285 ἔστι
660 4219 747 4295 Θεός.

1112 1415 1208 1480 Teste
1224 1436 1341 1500 magno
1358 1415 1488 1497 Basilio,
1501 1439 1599 1503 quum
1615 1417 1648 1481 in
1666 1439 1709 1480 xrv
1728 1415 1814 1500 psal·

1067 1546 1119 1589 mo
1144 1523 1245 1589 David
1261 1522 1393 1590 dixerit:
1414 1525 1615 1610 “Usquequo
1632 1525 1748 1590 avertis
1764 1523 1814 1589 fa-

1067 1631 1146 1698 ciem
1177 1634 1265 1696 tuam
1298 1654 1318 1696 a
1348 1636 1457 1712 mel,
1485 1633 1594 1698 statim
1624 1631 1741 1696 transit
1772 1630 1813 1696 ad

1067 1738 1266 1824 impietatem
1298 1739 1475 1805 atheorum.
1508 1738 1684 1819 Videlicet,
1714 1727 1812 1822 quum

1067 1849 1131 1914 illis
1154 1850 1313 1915 modicum
1337 1848 1457 1933 aliquid
1480 1849 1512 1912 in
1536 1849 1621 1913 vitae
1644 1869 1738 1913 cursu
1763 1845 1812 1912 of-

1067 1959 1215 2039 fenderit,
1239 1983 1303 2026 non
1327 1959 1464 2026 ferentes
1489 1958 1686 2023 molestiores
1710 1977 1811 2042 nego-

1069 2065 1187 2132 tiorum
1221 2089 1405 2148 aerumnas,
1436 2067 1543 2132 subito
1578 2065 1748 2150 ambigunt
1779 2065 1812 2129 in

1069 2175 1134 2241 suis
1147 2176 1409 2260 cogitationibus,
1423 2198 1463 2240 an
1480 2175 1523 2240 sit
1539 2173 1626 2238 Deus
1642 2173 1698 2256 qui
1713 2173 1752 2237 de
1765 2194 1815 2238 re·

1069 2283 1128 2347 bus
1152 2283 1299 2348 humanis
1322 2282 1478 2347 sollicitus
1501 2282 1553 2360 sit,
1570 2303 1611 2344 an
1634 2277 1814 2345 consideret

1069 2389 1196 2473 singula
1219 2389 1365 2472 desuper,
1389 2411 1429 2452 an
1453 2410 1511 2472 pro
1543 2386 1658 2451 morito
1689 2382 1813 2448 unicui·

1069 2519 1131 2582 qne
1150 2499 1239 2582 justa
1262 2497 1443 2561 distribuat.
1468 2493 1685 2574 Postmodum,
1713 2514 1812 2576 quum

1069 2606 1205 2671 viderint
1228 2628 1261 2670 se
1281 2606 1347 2688 jam
1372 2626 1558 2688 progressos
1581 2603 1613 2667 in
1638 2625 1687 2667 res
1704 2602 1815 2666 adver·

1069 2734 1130 2791 sas,
1154 2711 1281 2777 sibimet
1312 2711 1502 2777 confirmant
1532 2729 1713 2792 perversam
1741 2708 1814 2772 doc·

1070 2819 1203 2899 trinam,
1228 2822 1260 2883 et
1292 2822 1474 2883 asseverant
1497 2817 1529 2880 in
1560 2814 1707 2881 cordibus
1738 2814 1814 2893 suis,

1072 2927 1173 2990 Deum
1197 2947 1260 2990 non
1284 2947 1361 2991 esse.
1387 2924 1418 2990 si
1444 2924 1515 3008 quis
1534 2921 1691 2988 autemid
1715 2921 1815 2985 meriti

1070 3056 1145 3098 suae
1175 3033 1334 3117 injecerit,
1366 3031 1462 3096 dubio
1493 3030 1605 3113 procul
1623 3050 1693 3113 per
1723 3050 1815 3094 omne

1070 3145 1236 3225 peecatum
1261 3140 1430 3224 spatiatur.
1447 3137 1576 3202 Etenim
1599 3138 1625 3202 si
1650 3157 1744 3201 nemo
1767 3137 1816 3201 est

1071 3250 1126 3334 qui
1161 3247 1317 3333 invigilet,
1349 3269 1443 3312 nemo
1475 3245 1530 3330 qui
1562 3245 1672 3310 reddat
1702 3243 1816 3326 cuique

1068 3360 1163 3442 juxta
1185 3359 1269 3423 vitae
1285 3379 1360 3424 suae
1376 3357 1527 3435 facinora,
1541 3354 1617 3440 quid
1636 3355 1723 3418 vetat
1739 3373 1817 3435 quo·

1073 3466 1177 3531 minus
1201 3466 1333 3549 quisque
1364 3486 1458 3529 omne
1489 3463 1605 3529 audeat
1635 3459 1817 3544 flagitium?

1072 3573 1163 3639 Unde
1186 3594 1382 3656 consequens
1405 3571 1453 3650 fit,
1477 3569 1605 3635 sublato
1629 3567 1708 3646 Deo,
1732 3566 1816 3650 quod

1072 3681 1195 3746 subdit:
1213 3684 1225 3712 ⁸
1244 3679 1393 3764 Corrupti
1409 3679 1531 3744 suntin
1548 3676 1687 3743 consiliis
1703 3675 1769 3740 suis
1788 3725 1814 3753 ,.

1072 3785 1272 3870 impossibile
1302 3787 1386 3851 euim
1419 3789 1467 3850 est
1495 3783 1639 3869 justitiae
1670 3781 1815 3846 tramites

1073 3895 1267 3974 subvertere,
1292 3895 1368 3977 quin
1393 3894 1454 3959 Dei
1477 3892 1595 3958 oblivio
1618 3894 1741 3956 mentes
1765 3911 1817 3954 ae·

1074 4025 1149 4089 gras
1159 4001 1297 4067 invadat.
1309 3998 1465 4084 Insipieus
1479 4020 1568 4084 ergo,
1582 4002 1687 4062 mente
1700 3999 1733 4060 et
1746 4016 1821 4078 pru·

1073 4110 1181 4176 deutia
1203 4109 1375 4174 destitutus
1398 4112 1463 4188 est,
1488 4107 1542 4192 qui
1567 4106 1643 4172 dicit
1669 4104 1702 4168 in
1725 4103 1819 4169 corde

1074 4238 1148 4283 suo:
1174 4214 1249 4281 Non
1274 4218 1322 4280 est
1346 4212 1444 4279 Deus.

430 4571 459 4613 v.
483 4550 513 4612 2.
539 4542 647 4632 Κύριος
672 4547 706 4607 ἐκ
728 4551 783 4606 τοῦ
807 4545 934 4630 οὐρανοῦ
959 4530 1098 4626 διέκοψεν
1124 4537 1175 4602 ἐπί
1198 4532 1269 4610 τοὺς
1293 4531 1373 4606 υἱοὺς
1398 4540 1459 4595 τῶν
1485 4528 1661 4620 ἀνθρώπων.

573 4653 736 4721 Dominus
760 4652 798 4717 de
820 4651 902 4716 cocio
921 4649 1091 4731 prospexit
1114 4665 1210 4728 super
1231 4643 1319 4726 filios
1343 4641 1516 4707 dominam.

317 4876 351 4939 Ὀ
376 4873 427 4938 ἐπὶ
452 4872 578 4936 πάντων
609 4869 685 4944 Θεὸς
719 4869 774 4933 οὐκ
799 4857 927 4942 ἀπαξιοῖ
950 4853 1017 4925 δια-

271 4985 405 5049 κύπτειν
423 4985 458 5047 ἐκ
474 4991 528 5047 τοῦ
547 4982 687 5068 οὐρανοῦ,
700 4982 740 5051 οἰς
757 4979 787 5040 ἐν
806 4984 870 5050 τοῖς
887 4968 1016 5059 ὑψηλοῖς

273 5098 428 5154 κατοικῶν
453 5087 507 5150 καί
531 5083 572 5150 τά
598 5081 729 5148 ταπεινά
749 5087 876 5170 ἐφορῶν·
901 5079 934 5143 ‘0
959 5076 1018 5168 γάρ

274 5196 410 5286 οὐρανὸς,
436 5188 522 5282 φησί,
548 5191 652 5282 θρόνος
669 5188 722 5254 καί
739 5195 757 5261 ί.
777 5198 817 5277 γῆ
839 5175 1019 5251 ὑποπόδιον.

277 5307 357 5370 otae
376 5295 409 5367 δὲ
425 5305 456 5366 ὲν
473 5309 518 5382 τῷ
536 5304 653 5388 οὐρανῷ
670 5286 838 5385 ηδράσται,
852 5296 923 5358 οὔτε
947 5289 1018 5366 τοὺς

416 5443 513 5500 Anao.
532 5456 560 5512 v,
579 5439 629 5494 fol.
649 5452 688 5494 vr.

1118 4859 1345 4925 Universorum
1359 4855 1444 4921 Deus
1456 4853 1485 4918 di
1489 4856 1605 4939 gnatus
1618 4856 1666 4916 est
1679 4852 1716 4917 de
1726 4850 1816 4916 coelo

1074 4968 1225 5052 aspicere,
1243 4964 1349 5048 utqui
1367 4963 1399 5027 in
1416 4961 1546 5028 excelsis
1561 4958 1688 5025 habitat
1703 4961 1736 5023 et
1759 4958 1819 5023 hu·

1075 5073 1162 5138 milia
1175 5071 1314 5156 respicit.
1331 5067 1488 5134 “Goelum
1504 5065 1598 5145 enim,
1614 5065 1671 5144 ait,
1684 5064 1820 5154 thronus

1076 5180 1137 5246 Dei
1162 5185 1221 5260 est,
1247 5182 1279 5243 et
1295 5181 1383 5241 terra
1398 5174 1573 5242 scabellum
1593 5172 1709 5257 pedum
1726 5171 1818 5254 ejus,

1076 5288 1130 5372 (ls.
1147 5307 1238 5368 urm,
1257 5287 1300 5367 l).
1322 5285 1383 5352 Sed
1406 5305 1508 5368 neque
1531 5283 1564 5346 in
1589 5281 1676 5346 coelo
1698 5278 1822 5344 stabili·
