3944 6074
315 505 371 568 241
869 503 949 575 Oea.
974 497 1102 575 Melie.
1123 505 1316 577 verrielales,

315 675 442 764 φέρετον
467 677 523 742 sic.
550 711 588 722 -
610 671 633 741 1.
658 673 677 741 9
703 674 780 764 ἔχοι,
805 676 842 740 τὸ
868 674 922 764 μέν
947 674 1065 764 ἄρχειν,
1120 668 1334 757 ἐξηπατῆσαι)
1359 667 1566 754 ἐξαπατῆσαι.
1587 715 1627 724 -
1643 677 1665 742 1.
1683 679 1723 744 52
1748 701 1853 742 κοιτασ-
1932 703 1933 724 ³

314 785 352 848 τό
377 774 424 870 δε)
449 781 516 870 ἔχοι
540 784 571 846 ἐν
596 790 640 864 τῷ
665 781 721 869 μὲν
746 781 864 872 ἄρχειν,
884 793 929 866 τῷ
954 776 997 851 δέ.
1024 824 1065 833 -
1121 787 1203 873 χεῖν)
1228 793 1407 872 μετασχεῖν.

314 894 337 961 l.
363 896 404 960 10
430 890 483 979 μὲν
509 883 560 954 οὖν
585 894 601 953 ὁ
627 897 810 980 Σωκρατῆς)
840 917 903 959 om.
936 886 998 956 0ον.
1026 931 1065 941 -
1165 893 1208 958 M.
1233 893 1290 958 101.
1319 896 1379 957 143
1404 916 1431 957 v.
1449 893 1507 958 El.
1530 917 1561 977 p.
1586 894 1758 959 412.-1.
1782 897 1852 959 5το

314 1001 337 1068 l.
356 1003 394 1066 11
413 998 526 1087 μόνως)
544 997 646 1085 μόνος.
665 1037 707 1047 -
724 1001 746 1066 1.
773 1004 813 1066 13
839 1001 933 1084 αὐτοι)
951 1011 1065 1068 ταῦτα.
1119 1009 1191 1087 γοῦν
1217 1001 1345 1088 ὅμοιον)
1370 1000 1407 1063 τὸ
1431 998 1491 1090 γὰρ
1516 993 1567 1063 οὖν
1593 1001 1709 1086 ὅμοιον.
1734 1039 1776 1051 -
1796 1002 1854 1068 1.ss

358 1107 1063 1192 111.101.142.-1.22ἐνο“ιυτηκολο’100ον)
1120 1109 1214 1196 φιλεῖ)
1238 1111 1349 1196 φιλεῖν.
1373 1147 1418 1158 -
1441 1111 1463 1174 1.
1489 1111 1508 1174 8
1533 1109 1657 1195 ὁμοίαν)
1681 1111 1797 1195 ὁμοίας,
1821 1149 1855 1157 -

316 1215 352 1281 ἃν
378 1219 532 1287 ἀντηκολ.
551 1255 591 1265 -·
609 1219 630 1284 l.
649 1221 689 1284 25
708 1209 851 1308 ἀνδρικαὶ
876 1218 1064 1308 σαυρομάτι-
1120 1219 1233 1304 ἀρετῆς
1257 1217 1295 1280 τ“ο
1320 1215 1412 1300 lino)
1439 1219 1553 1305 ἀρετῆς
1585 1215 1639 1280 καὶ
1662 1209 1789 1306 οὶνδροὶσι
1811 1220 1856 1280 nni

296 1318 379 1410 Ιδες)
404 1316 545 1414 ὰνδρικαὶ
568 1325 622 1389 καὶ
646 1349 776 1414 σοιυρομ.
800 1365 841 1375 -·
866 1328 888 1393 1.
913 1331 955 1392 26
979 1324 1064 1414 napi
1118 1318 1256 1414 γυναιξῐν
1275 1315 1354 1400 ὁδὸς,
1375 1316 1438 1388 δύο·
1456 1317 1489 1389 δὲ
1505 1325 1602 1388 ὄντων
1627 1325 1730 1389 ἄλλων
1748 1331 1777 1390 ἐν
1793 1325 1857 1388 τοὺ·

315 1427 349 1500 δὲ
365 1445 429 1510 τοῖς
446 1438 640 1518 Λυσιτανοῖς)
659 1459 721 1502 om.
739 1446 813 1510 τοῖς.
833 1474 870 1485 -
889 1438 911 1502 l.
933 1441 975 1503 20
992 1437 1063 1524 παρ’
1118 1455 1183 1508 τοις
1208 1433 1329 1520 ἀπόρων
1362 1436 1586 1515 πλατωνικῶν,
1612 1433 1677 1508 ένος
1709 1431 1777 1522 μέν,
1800 1444 1855 1506 πῶς

314 1545 442 1614 ἕλλησιν
467 1547 499 1604 01
522 1547 682 1632 γυναῖκες)
706 1542 778 1631 παρ’
804 1543 869 1608 ἑλλ.
894 1549 922 1608 οἱ
946 1536 1062 1633 ἄνδρες,

316 1659 522 1715 ἱστοποιοῦσιν
540 1652 594 1716 καὶ
610 1655 887 1742 ταλασιουργοῦσιν
912 1658 940 1718 οἱ
957 1645 1062 1743 ἄνδρες

313 1758 367 1821 καὶ
383 1757 489 1822 πάντα
507 1759 697 1848 πράττουσιν
715 1761 772 1822 ὅσα
788 1765 860 1849 παρ’
879 1761 1006 1832 έλλησιν
1032 1765 1063 1822 αἱ

313 1876 465 1956 γυναῖκες.
492 1904 534 1918 --
558 1870 579 1933 l.
605 1871 646 1934 27
673 1865 820 1957 οἰόμεθα)
847 1867 994 1956 οἰώμεοα.
1021 1907 1062 1918 -

313 1973 335 2038 l.
361 1975 402 2036 28
428 1969 547 2046 Θήλεως,
568 1974 613 2038 sie
636 1976 741 2058 saepe)
767 1970 876 2048 θήλεος
901 1977 955 2040 sic.

357 2080 402 2146 M.
426 2081 482 2146 101.
510 2083 571 2146 142
589 2103 618 2146 v.
635 2115 680 2126 -
695 2081 717 2144 l.
736 2083 776 2144 32
794 2079 847 2144 καὶ
871 2082 976 2162 ἐκείνῳ
1001 2079 1079 2151 τήνι

313 2185 412 2257 αὐτὴν
437 2184 552 2276 ἀρετὴν
578 2181 655 2251 εἶναι
680 2177 802 2274 δοτέον)
820 2187 920 2250 καὶέν
946 2190 1061 2271 ἐκείνῳ,

312 2293 372 2366 τὴν
398 2294 552 2362 alcinoi
577 2284 695 2358 δοτέον.
716 2331 755 2342 -
773 2295 795 2361 1.
820 2299 862 2361 42
888 2299 915 2358 εἰ
939 2296 1004 2376 nal)
1030 2301 1062 2359 ai

312 2403 376 2468 καί.
400 2404 489 2469 -1,
514 2406 557 2468 43
581 2395 742 2489 ὁξυακοΐα)
766 2395 926 2478 liviensis.

356 2511 400 2576 Μ.
418 2511 474 2576 101.
494 2513 568 2576 143.
586 2549 626 2557 -
645 2511 666 2576 1.
685 2513 727 2576 41
744 2508 950 2598 περιτίθησιν)
967 2532 1062 2598 προσ-

312 2617 446 2688 τίθησιν.
467 2655 509 2664 -—
533 2618 554 2683 1.
580 2621 621 2684 48
647 2625 709 2682 τῶν
733 2623 760 2682 εἰ
786 2615 974 2706 ἀνθρώπινον
1001 2622 1061 2682 1οῦ-

312 2728 382 2807 cun)
407 2733 470 2788 τῶν
502 2729 542 2798 εἰς
576 2722 734 2814 ἄνθρωπον
761 2729 880 2792 necas.
906 2764 947 2773 -
971 2726 993 2792 l.
1018 2728 1060 2792 48

1119 1543 1145 1600 εἰ
1167 1549 1224 1614 τῆς
1249 1541 1357 1626 ὁμοίοις
1387 1541 1501 1629 ἀρετῆς
1532 1541 1569 1603 τὸ
1594 1539 1685 1612 οῆλο.
1712 1578 1753 1589 -
1776 1540 1796 1604 1.
1823 1545 1855 1604 10

1117 1646 1340 1735 νομορ·ιλκκι“ι,ν
1373 1647 1432 1718 τὴν
1465 1646 1578 1736 ἀρχὴν)
1608 1646 1856 1735 νομορνλακικ10

1118 1754 1228 1842 ἀρχήν.
1257 1795 1294 1804 -
1320 1754 1476 1844 φυλακὴν)
1498 1757 1686 1844 φυλακικῆν.
1713 1793 1753 1803 -
1777 1757 1798 1821 l.
1823 1759 1855 1822 11
1932 1767 1933 1784 ’

1117 1861 1229 1927 ἑοέλων
1247 1873 1301 1927 τοῦ
1319 1863 1438 1954 γένους)
1456 1863 1569 1928 ἐθέλων
1587 1875 1728 1952 σημῆναι
1745 1871 1797 1926 τοῦ
1813 1863 1858 1950 «ρέ-

1117 1993 1196 2045 νοος.
1222 2009 1262 2020 -
1287 1973 1310 2038 l.
1338 1976 1377 2038 15
1401 1973 1456 2036 τὸν
1480 1976 1689 2062 πορρωτερον)
1715 1970 1756 2035 τὰ
1780 1995 1858 2060 πορρ.

1117 2120 1158 2130 -
1183 2083 1205 2148 l.
1233 2085 1272 2148 10
1296 2083 1370 2168 προς
1394 2081 1444 2160 τὀ)
1469 2083 1543 2172 πρὸς
1568 2072 1602 2146 δέ
1625 2082 1672 2144 τό.

1160 2193 1204 2258 M.
1230 2192 1286 2258 fol.
1313 2194 1387 2257 144.
1413 2229 1453 2239 ·-
1478 2192 1499 2258 1.
1527 2195 1567 2258 19
1591 2189 1766 2280 ἐπιπρέπει)
1792 2192 1856 2254 ἐτι-

1115 2299 1228 2389 τρέπει.
1254 2338 1297 2348 -
1320 2302 1343 2367 l.
1368 2304 1409 2366 20
1431 2299 1704 2389 ἐρρωμενέστερον,
1728 2299 1782 2362 καὶ
1803 2297 1855 2387 1¹1?

1115 2409 1141 2468 εἰ
1165 2404 1261 2479 ἄλλη)
1292 2407 1552 2495 ἐρρωμενέστερον
1576 2407 1631 2470 καὶ
1661 2403 1854 2494 ὑψηλότερον,
1932 2473 1933 2486 ,

1115 2510 1168 2574 καὶ
1191 2509 1250 2602 γὰρ
1275 2517 1293 2586 η
1321 2512 1416 2584 ἄλλη.
1445 2552 1482 2560 -
1507 2515 1528 2578 l.
1554 2517 1593 2579 21
1620 2512 1674 2575 καὶ
1700 2523 1765 2588 τοῖς
1790 2513 1854 2594 ὑπο)

1114 2619 1167 2682 nai
1184 2629 1240 2694 τῆς
1256 2619 1326 2687 ὑπό.
1343 2660 1384 2669 -
1403 2611 1595 2706 διακεκοσμη
1602 2619 1718 2707 μένοις)
1738 2612 1854 2684 διακοσ-

1116 2727 1281 2815 μουμένης·
1300 2765 1341 2776 -
1357 2731 1380 2794 1.
1406 2732 1447 2796 23
1465 2730 1614 2792 κακείνων
1630 2721 1759 2804 ζώντων
1783 2727 1853 2792 εἰκὸ-

311 2833 345 2896 οὐ
363 2833 436 2918 μίαν
453 2839 515 2896 τῶν
533 2821 689 2920 ἀδελφῶν)
707 2833 740 2895 οὐ
759 2841 846 2920 μεῖον
864 2841 926 2896 τῶν
945 2823 992 2896 ai.
1020 2871 1061 2880 -
1087 2903 1090 2910 ,
1114 2836 1188 2920 τως)
1211 2836 1337 2919 κακείνῃ
1362 2828 1488 2912 ζώντων
1511 2840 1550 2910 ὡς
1567 2835 1704 2910 εἰκότως.
1725 2873 1766 2884 -
1782 2837 1802 2901 1.
1817 2837 1851 2900 20

310 2947 333 3012 l.
363 2947 405 3010 50
437 2941 648 3031 μακραλὸγῳ)
680 2941 879 3033 μακρολόγῳ.
904 2978 946 2990 -
970 2943 992 3008 l.
1018 2946 1056 3008 51
1114 2935 1165 3007 οὖν
1191 2944 1352 3033 μερισμὸν)
1377 2937 1428 3007 οὖν
1455 2945 1624 3033 ἀσραλείας
1649 2943 1808 3034 μερισμόν.

1055 3264 1112 3332 IV.

354 3476 427 3570 Περὶ
450 3486 504 3543 τοῦ
529 3481 559 3544 ἐν
584 3487 629 3563 τῷ
654 3479 788 3568 πέμπτῳ
806 3487 863 3554 τῆς
880 3479 1045 3554 Πολιτείας
1062 3479 1159 3568 λόγον
1177 3469 1352 3554 δείκνυντος
1370 3481 1416 3556 τίς
1439 3485 1458 3555 i.
1485 3489 1546 3546 τῶν
1571 3481 1751 3571 concepus
1776 3482 1852 3570 ριλο-

310 3587 407 3676 μαθία
430 3588 484 3651 καὶ
507 3593 525 3662 ἡ
553 3598 613 3651 τῶν
639 3592 777 3655 πολλῶν.

356 3697 406 3761 De
429 3697 495 3762 loco
520 3697 601 3762 libri
630 3697 662 3763 V
680 3695 899 3783 Reipublicae,
925 3696 982 3760 011
1003 3694 1180 3761 ostenditur
1203 3695 1296 3782 quale
1315 3695 1506 3782 pleilosopleo
1522 3697 1572 3778 sit,
1598 3705 1625 3761 ct
1649 3695 1747 3783 quale
1769 3695 1852 3780 oeelpo

307 3802 453 3869 studium
476 3805 633 3870 scientiae.

350 4019 488 4087 Lubrica
511 4020 567 4086 sub
591 4021 646 4086 1100
670 4021 770 4104 titulo,
796 4021 914 4087 Noster
936 4020 1083 4086 subtilior
1106 4043 1200 4106 quam
1223 4019 1318 4084 ullibi
1326 4070 1333 4102 ,
1352 4043 1416 4107 per
1443 4021 1631 4085 innumerae
1661 4019 1805 4106 amlapes
1828 4024 1851 4079 01

301 4128 461 4216 perpleaea
493 4126 693 4212 diverticula,
711 4132 916 4217 persequitur
945 4129 1235 4220 0001011οι000,
1260 4129 1340 4216 quial
1363 4130 1400 4192 τὸ
1424 4129 1534 4210 καλὸν,
1559 4129 1595 4190 τὸ
1621 4129 1759 4216 αἰσχρὸν,
1784 4123 1852 4213 quil

304 4231 382 4311 εἴδη,
408 4237 448 4300 τοὶ
473 4235 582 4324 opteri.
607 4228 687 4321 εἴδη,
710 4236 752 4302 τοὶ
777 4237 926 4326 petauri,
949 4236 990 4301 τὰ
1015 4237 1183 4326 ἁμέθεκτα,
1208 4238 1287 4324 quial
1309 4239 1346 4302 το
1369 4236 1404 4303 ὃν
1421 4237 1469 4302 001
1491 4237 1533 4324 μὴ
1560 4235 1604 4317 ὃν,
1629 4235 1708 4322 quisi
1731 4245 1759 4300 et
1781 4255 1848 4321 quo·

305 4345 415 4432 tuplesc
440 4337 516 4421 δόξα
540 4355 569 4410 01
586 4337 747 4423 δοξαστὸν,
774 4347 854 4433 quid
872 4348 1031 4434 ἐπιστήμη
1052 4357 1193 4432 respectu
1210 4347 1254 4411 ael
1270 4356 1380 4436 γνῶσιν
1399 4355 1428 4411 01
1444 4337 1549 4428 δόξαν,
1566 4346 1670 4431 qualis
1691 4343 1848 4432 ιριλὸσορος

308 4462 336 4516 01
359 4443 537 4540 φιλόδοξος,
562 4453 643 4539 quid
673 4454 797 4519 domurn
827 4465 854 4520 et
885 4456 1058 4542 quotuplex
1082 4447 1219 4542 δύναμις.
1248 4455 1345 4540 Ossae,
1370 4455 1583 4540 amplissimis
1610 4455 1705 4518 etiam
1728 4451 1846 4516 scholiis

306 4570 409 4646 aucta,
426 4563 625 4648 pensiculate
648 4572 677 4628 et
698 4563 884 4628 minutatim
908 4564 1062 4649 cribrare,
1086 4563 1215 4658 lonpnrn
1239 4573 1292 4629 est.

350 4885 393 4952 M·
423 4885 479 4952 101.
511 4887 573 4952 144
604 4909 634 4952 ν.
658 4883 715 4952 Ed.
741 4911 772 4972 p.
797 4890 873 4953 422.
899 4925 939 4935 -
964 4889 986 4954 1.
1012 4891 1052 4954 31
1108 4885 1255 4976 ἑκάτερον
1280 4887 1320 4951 έν·
1346 4896 1402 4952 τοῦ
1419 4889 1495 4952 αὐτὸ
1513 4887 1579 4977 ἅμα
1596 4889 1705 4972 καλοῦ,
1723 4885 1775 4951 καὶ
1797 4888 1845 4945 τοῦ
1932 4885 1933 4950 j

303 4999 366 5055 τῶν
392 4990 549 5078 καθόλων)
572 4991 723 5057 τῶνκαθ’
745 4996 828 5057 ὅλον.
849 4996 927 5062 -1,
946 4999 987 5062 30
1012 4994 1054 5060 τὰ
1108 4997 1186 5060 αὐτὸ
1212 5000 1340 5085 αἰσχροῦ
1364 4995 1511 5087 ἑκάτερον
1536 4998 1577 5064 ἕν.

303 5099 363 5191 γὰρ
389 5089 443 5164 δύο
468 5104 541 5168 κτλ.
1150 5105 1173 5170 1.
1199 5106 1241 5170 40
1266 5105 1333 5168 ἐστι
1357 5103 1417 5194 γὰρ
1440 5104 1587 5192 ἑκάτερον
1612 5106 1683 5168 κτλ.

347 5207 516 5276 8011011010.
541 5207 585 5272 ’10
610 5207 787 5273 corduanos
812 5211 865 5275 καὶ
895 5213 932 5275 τὸ
958 5211 1052 5276 αὑτό·
1152 5213 1321 5281 8010011001.
1341 5213 1402 5276 Κοιὶ
1416 5215 1450 5276 oie
1464 5214 1557 5302 μόνον
1575 5209 1696 5304 σώμασι
1709 5203 1842 5295 stainfel-

300 5339 427 5408 αισχρον
452 5319 587 5383 ἐναντία·
606 5317 647 5383 τέ
668 5321 795 5384 ἐναντίοι
820 5309 884 5407 δύο,
909 5330 970 5384 τῶν
996 5311 1050 5385 δύο
1104 5312 1186 5398 ξεσιν
1211 5331 1366 5385 κοινωνεῖν
1399 5319 1481 5386 αὐτά
1512 5343 1605 5410 φησιν
1629 5324 1644 5385 ὁ
1669 5313 1840 5408 Σωκράτης,
