3944 6074
315 545 370 602 214
866 535 945 610 Cod.
964 533 1094 608 Medic.
1114 533 1308 606 varietates.

313 708 399 798 τοὺς)
416 707 571 800 ὑπεροχὴν
588 711 630 774 ἐπ’
653 706 775 784 αὐτούς.
795 747 835 756 —-
852 706 906 773 καί
922 698 981 791 θεῖ)
1007 705 1061 770 καί
1120 703 1173 778 τὴν
1199 713 1260 768 τῶν
1284 693 1413 768 τοιῶνθε
1438 698 1540 790 μόθων
1572 701 1729 792 ἀκρόασιν,
1755 703 1840 790 ὥσπερ

313 810 425 892 5⁷1.—
450 819 510 884 Ed.
535 842 568 904 p.
593 819 668 898 369,
693 818 716 884 l.
740 819 761 883 3
785 825 848 880 τῶν
868 807 1059 905 ὑπερθολίιν)
1114 811 1245 901 ὄργανόν
1262 835 1334 875 τινα
1350 809 1512 900 μυστικόν.
1531 799 1648 894 ἱδρῦσαι
1661 809 1717 873 τόν
1733 819 1785 882 τῆς
1800 805 1842 894 θι-

313 937 376 994 τῶν
402 926 478 992 θεῶν
499 917 686 1016 ὑπερθολιίν.
704 964 745 974 -
762 927 784 993 l.
803 928 823 991 4
839 924 987 1015 ἅρμοσον)
1012 927 1062 1012 ἀρ·
1114 929 1174 1008 χῆς
1199 926 1267 982 νοῦν
1285 919 1464 1008 ἐφιεμένοις,
1486 920 1590 981 ἀλλ’ὁ
1615 915 1681 1006 μέν.
1706 955 1746 964 -
1768 917 1788 982 l.
1809 919 1841 980 52

313 1036 410 1126 μόσει,
427 1075 472 1085 -
494 1037 516 1100 l.
535 1038 554 1101 6
579 1033 779 1124 ἑπιχειρήτω)
803 1035 1004 1123 ἐπιχειρείτω.
1022 1076 1061 1086 -
1115 1024 1298 1110 ἀπαύστοις)
1316 1024 1500 1101 ἀπλάστως.
1516 1069 1556 1080 -
1574 1025 1596 1092 l·
1614 1027 1656 1090 53
1673 1021 1843 1110 ἑπαῑοθημέ·

311 1147 334 1213 l.
352 1149 370 1213 9
390 1143 483 1219 αὐτός
499 1146 648 1232 πολλαχῇ
666 1133 717 1206 θιά
733 1143 824 1206 τίνων
842 1141 990 1226 είκώνων)
1007 1143 1062 1202 αθ·
1115 1134 1173 1215 νοῑ)
1198 1129 1418 1221 ἑπῃοθημένοι.
1911 1152 1912 1234 γ

312 1255 365 1331 τθς
389 1259 404 1318 ὁ
421 1251 556 1318 Πλάτων
574 1256 722 1342 πολλαχῆ
746 1242 798 1316 θεά
814 1275 906 1316 τινων
925 1251 1061 1316 εἰκόνων,
1160 1243 1205 1308 Μ.
1229 1242 1286 1308 fol.
1312 1244 1353 1308 47
1378 1266 1409 1308 ν.
1426 1284 1465 1294 -
1484 1243 1545 1308 Ed.
1570 1266 1601 1327 p.
1626 1244 1703 1322 371,
1726 1241 1748 1307 l.
1772 1243 1787 1306 1
1807 1249 1842 1320 πῇ

359 1365 404 1430 Μ.
418 1365 475 1432 fol.
493 1365 535 1430 43
549 1387 581 1429 ν.
594 1363 667 1428 -1.
688 1364 727 1428 12
744 1361 933 1450 ὁμοιότατα)
951 1357 1064 1448 ὁμοιώ-
1117 1351 1188 1434 τῆς)
1211 1372 1265 1414 ποι
1288 1359 1356 1425 τῆς.
1381 1393 1419 1406 -
1442 1352 1464 1416 l.
1490 1353 1509 1416 6
1534 1347 1744 1438 μεμιμῆσθαι)
1764 1371 1844 1436 μιμι·

316 1495 404 1561 ματα
421 1509 463 1520 -
479 1471 502 1538 l.
522 1473 563 1536 14
580 1469 901 1559 συμπεπληρωμένας)
920 1470 1065 1556 συμπλη-
1119 1454 1251 1546 μεῖσθαι.
1267 1495 1307 1505 -
1320 1457 1359 1521 τό
1375 1456 1449 1548 γὰρ)
1462 1461 1496 1520 οὺ
1509 1456 1581 1548 γάρ.
1593 1458 1670 1523 -1.
1687 1459 1704 1522 7
1723 1455 1844 1544 πρέποιεν

317 1579 475 1670 ρουμένας.
501 1617 542 1628 -
565 1579 587 1644 l.
615 1580 654 1644 15
680 1576 860 1661 αποκλόειν)
877 1575 1063 1640 ἀποκλείειν.
1118 1572 1189 1649 τῆς)
1204 1563 1347 1654 πρέποιεν
1364 1575 1430 1641 τοῖς
1447 1575 1516 1641 τῆς.
1528 1605 1573 1616 -
1588 1567 1611 1632 l.
1630 1568 1671 1633 14
1688 1564 1741 1630 καί
1756 1570 1845 1644 τοῦτο)

316 1726 359 1737 -
384 1678 483 1768 μηδὲν
517 1687 628 1768 αὐτῆς)
659 1675 758 1772 μηδὲν
786 1688 902 1758 αὐτοῖς.
926 1684 1065 1746 -ἐπι-
1118 1673 1172 1736 καί
1194 1672 1325 1740 τοότων.
1433 1697 1441 1708 ·
1914 1660 1915 1742 1

314 1793 484 1881 πλήττειν)
507 1794 708 1866 ἐπιπλήττει.
726 1831 766 1842 -
784 1794 807 1859 l.
834 1795 873 1858 l7
898 1792 972 1877 lege
997 1785 1065 1854 είώ-
1163 1780 1208 1845 Μ.
1226 1780 1283 1846 fol.
1301 1782 1355 1846 48.
1368 1821 1407 1832 -
1419 1781 1440 1846 1.
1461 1782 1500 1846 17
1519 1779 1659 1870 μετέχοι)
1677 1781 1806 1871 μετέχει.
1818 1821 1847 1832 -
1915 1833 1916 1866 γ

317 1900 404 1966 θαειν
420 1956 427 1970 ,
442 1955 472 1970 ,,
498 1903 675 1992 εὐχερείας,
691 1955 721 1969 ,,
1118 1884 1140 1949 l.
1169 1886 1209 1949 18
1231 1874 1376 1961 παιδείας
1401 1877 1434 1950 θέ
1457 1885 1506 1970 ἀν)
1530 1878 1673 1961 παιδείας
1699 1876 1733 1950 θέ
1755 1879 1800 1951 αθ.
1815 1921 1849 1934 -
1915 1869 1916 1876 ¹

359 2013 404 2079 M.
421 2013 478 2078 fol.
497 2013 539 2077 44
556 2011 633 2079 -1.
651 2015 693 2078 22
710 2021 773 2075 τῶν
798 2008 898 2092 θείων)
922 2016 985 2072 τῶν
1011 2004 1069 2095 μό·
1118 1991 1141 2057 l·
1162 1993 1199 2056 19
1217 1994 1426 2082 προοφαίρειν)
1441 1995 1628 2084 προσφέρειν.
1642 1997 1718 2062 -1,
1733 1999 1772 2061 21
1790 1992 1849 2056 θεω-

316 2117 388 2186 θων.
414 2157 453 2170 -
473 2121 495 2185 l.
513 2122 556 2186 28
573 2128 630 2195 τῆς
649 2119 725 2200 ἀπο)
745 2128 811 2193 τοῖς
829 2117 902 2184 ἀπό.
920 2153 961 2165 -
979 2116 1000 2181 l.
1022 2115 1063 2179 29
1120 2106 1219 2190 pum)
1244 2099 1445 2192 θεωρητικῆς.
1461 2148 1500 2159 -
1523 2104 1546 2172 l.
1571 2107 1613 2170 22
1630 2103 1712 2170 θεῖον
1737 2108 1848 2193 ἀγωγῆς

316 2226 590 2316 προσεστήσαντο)
619 2225 786 2316 προεστήσ.
813 2269 851 2278 -
874 2224 896 2290 1.
922 2227 963 2290 82
994 2219 1063 2288 ἀλλ’
1117 2209 1211 2298 χωρὶς
1236 2209 1290 2298 μὲν
1316 2211 1388 2294 τὴν)
1406 2211 1483 2278 θεῖον
1502 2217 1668 2305 ἀναγωγῆς
1693 2213 1784 2302 χωρίς
1805 2211 1848 2299 μὲν

316 2327 386 2400 οὐδὲ
410 2336 556 2420 ἐκείνους)
580 2333 650 2398 ἀλλ’
676 2338 731 2399 οὐκ
754 2335 844 2402 ἐκείν.
1118 2329 1186 2394 τῆς,
1204 2356 1245 2368 -
1261 2321 1283 2385 l·
1300 2323 1343 2386 24
1359 2321 1547 2410 ἀρχομένους
1571 2313 1616 2404 δὲ)
1643 2325 1717 2411 ἀρχ.
1739 2323 1801 2409 μέν.
1816 2359 1847 2367 -
1918 2393 1919 2410 γ

362 2443 407 2510 Μ,
431 2444 490 2510 fo]
514 2445 557 2508 44
581 2467 611 2510 ν,
628 2486 667 2496 ...
682 2434 705 2510 l,
727 2447 770 2508 34
795 2428 1064 2530 βλαπτομαίφως)
1118 2428 1140 2493 1.
1158 2431 1200 2494 26
1221 2429 1260 2493 741
1277 2419 1310 2494 δέ
1327 2429 1491 2518 μυστικὸν)
1507 2432 1545 2496 w*
1563 2421 1595 2495 δέ
1612 2431 1801 2497 remundi.
1817 2466 1849 2476 -

321 2549 556 2638 βλαπτομένους
580 2587 624 2598 -
652 2550 674 2616 l.
706 2553 747 2616 35
778 2555 833 2614 οὐκ
865 2550 900 2614 ἂν
932 2572 1065 2639 συνομο-
1118 2537 1140 2601 l·
1158 2537 1197 2600 27
1216 2535 1254 2600 τθ
1273 2525 1306 2599 δὲ
1322 2537 1408 2623 ποὺς)
1425 2536 1466 2601 το
1488 2528 1521 2602 δὲ
1544 2537 1707 2628 τένπρος·
1728 2539 1848 2603 -143

318 2659 501 2748 λογήσειεν)
534 2660 589 2722 οὐκ
622 2658 908 2748 ἀνανομολογήσειν
940 2661 994 2726 sic,
1026 2702 1065 2711 ..
1118 2643 1155 2707 τό
1180 2631 1213 2706 θέ
1236 2653 1301 2718 τοῖς
1324 2646 1513 2732 ἐλαχίστοις)
1532 2645 1571 2710 τό
1587 2639 1662 2712 θὲιί
1678 2649 1720 2734 (2)
1744 2645 1850 2733 ἐλάχισ-

317 2768 339 2833 l.
360 2769 401 2832 37
426 2764 582 2853 παροχὴν)
606 2765 761 2856 ταραχήν,
780 2768 858 2832 -1,
883 2769 925 2832 44
949 2755 1066 2832 &Mo-
1118 2774 1183 2826 τον,
1208 2775 1290 2817 corr.
1316 2753 1423 2818 dubia.
1439 2796 1478 2806 -
1501 2753 1655 2844 γνώριμον
1681 2753 1847 2844 ἀνθρώποις)

320 2872 434 2962 μένοις)
459 2862 674 2960 ἑνθιθομένοις.
698 2911 743 2922 -
766 2874 788 2940 l.
812 2877 854 2940 45
886 2878 957 2938 ἀλλ’
983 2865 1065 2960 οὐδὲ)
1118 2857 1208 2948 wip.
1240 2868 1305 2934 τοῖς
1336 2857 1400 2923 ὰνθ.
1426 2903 1463 2914 -
1488 2862 1509 2927 l.
1534 2865 1575 2927 29
1608 2852 1776 2952 ἐνιθρόσαι)
1797 2864 1850 2925 ἐνι-

317 2979 388 3045 ἀλλ’
413 2981 493 3048 οὔτε.
1119 2957 1257 3054 θρῦσθαι.

363 3087 407 3152 Μ.
424 3086 482 3152 fol.
499 3086 553 3151 45.
569 3128 608 3139 -
625 3088 647 3154 l.
665 3088 705 3152 47
725 3075 909 3173 θικιμοίζειν)
935 3077 1066 3177 θοκιμαί-
1163 3077 1207 3141 Μ·
1221 3076 1278 3142 fol·
1297 3079 1339 3142 48
1356 3100 1387 3142 V·
1401 3117 1439 3130 -
1450 3078 1473 3144 l·
1487 3079 1530 3143 38
1548 3079 1769 3168 ἄπορόοειμεν)
1787 3082 1849 3142 ἀπο·

317 3189 391 3274 ζειν.
405 3194 478 3260 -1.
495 3195 538 3260 48
554 3196 570 3256 ὁ
586 3189 751 3268 Ἀθηναῖος
769 3184 852 3276 οὐδὲ)
869 3197 885 3257 ό
902 3193 1065 3270 Ἀθηναῖος
1121 3184 1265 3273 φήσομεν.
1281 3222 1324 3232 -
1338 3185 1361 3250 l.
1379 3187 1419 3250 41
1438 3193 1500 3249 τῶν
1523 3185 1672 3250 τοιούτων
1699 3187 1848 3276 θεαμάτων

317 3302 410 3378 Ξένος
427 3291 508 3368 οὐθέ.
526 3339 567 3349 -
584 3301 606 3368 l.
624 3304 667 3368 52
684 3301 845 3390 φευκτέον)
861 3302 1005 3391 φευκτόν,
1021 3340 1066 3351 -
1119 3283 1287 3374 έπιόόλοις)
1302 3299 1365 3354 τῶν
1377 3283 1508 3357 τοιῶνθε
1524 3291 1614 3381 θεαμ.
1627 3287 1802 3370 ἑπηόόλοις.
1816 3331 1849 3342 -

317 3407 339 3472 l.
364 3409 407 3471 53
430 3393 701 3489 καταθιώκοντας)
732 3396 998 3493 μεταδιώκοντας.
1022 3443 1067 3454 -
1119 3401 1141 3468 l.
1159 3405 1201 3468 43
1219 3397 1309 3490 ρίψις)
1332 3402 1367 3466 in
1390 3391 1589 3490 ιιιυσζπημ.
1614 3403 1782 3495 ἀναγωγὴν
1803 3411 1849 3475 τῆς

317 3515 379 3580 Ed.
404 3536 436 3598 p.
460 3514 536 3592 370,
561 3512 582 3579 l.
607 3514 627 3578 3
653 3511 762 3598 αὐτῆς)
787 3517 901 3588 αὐτοῖς.
1120 3506 1183 3572 ἀπό
1199 3510 1325 3598 οὐρανοῦ
1347 3509 1513 3597 Ἡφαίστου
1539 3505 1658 3599 ῥίψεως.
1682 3511 1805 3578 Similia
1822 3511 1849 3574 in

364 3621 409 3686 M.
433 3620 491 3686 fol.
516 3622 557 3686 45
582 3645 613 3686 v.
639 3658 680 3669 —
703 3621 726 3688 l.
750 3624 769 3687 9
797 3624 905 3696 ἁπλοῖς
930 3643 1065 3711 στρεφο-
1119 3618 1177 3685 fol.
1202 3619 1256 3682 49.

321 3728 427 3816 μένας)
453 3732 563 3805 ἁπλοῖς
587 3731 787 3818 τρεφομένας.
812 3769 854 3778 -
878 3732 901 3797 Ι.
927 3733 966 3796 11
992 3733 1067 3794 ἀνα·
1165 3727 1209 3791 Μ.
1236 3726 1293 3792 fol.
1322 3727 1375 3792 49.
1399 3769 1438 3779 -
1460 3729 1482 3794 l.
1507 3731 1549 3794 52
1573 3727 1632 3798 τὴν
1657 3729 1782 3818 ἄφετον)
1802 3727 1849 3798 τίν

318 3835 492 3920 τείνασθαι)
507 3837 852 3906 ἑνανατείνεσθαι.-1.
868 3838 957 3904 13τό
972 3838 1066 3927 μήτε)
1121 3835 1289 3926 ἄφραστον.
1306 3873 1350 3884 -
1372 3838 1394 3902 1.
1420 3839 1462 3903 53
1486 3836 1534 3902 ἐπ’
1558 3839 1689 3928 ἐκείνης)
1714 3844 1766 3904 ἀπ’
1789 3839 1851 3904 ἐκεί·

317 3941 354 4011 τό
378 3944 433 4034 μέν
451 3945 545 4034 μήτε.
564 3985 605 3993 -
621 3944 691 4021 τοὺς
709 3945 821 4032 μύθους
839 3945 901 4030 οθς)
918 3946 990 4022 τοὺς
1008 3946 1067 4036 μό·
1120 3967 1184 4020 νης.
1203 3945 1282 4010 -1.
1307 3945 1348 4008 55
1374 3944 1624 4031 ἀνελαττόντων)
1644 3945 1849 4012 ἀνελατότων,
1922 3997 1923 4000 ,

318 4051 388 4128 θους
404 4049 534 4126 τοίιτους
552 4052 711 4127 οὕς-1.
730 4057 769 4119 15
794 4053 847 4120 τόν
865 4053 992 4138 σκοπόν)
1012 4055 1065 4120 τὸν
1164 4052 1208 4116 Μ.
1226 4051 1283 4118 fol.
1300 4053 1341 4118 49
1360 4053 1522 4120 v.-Ed.
1539 4078 1572 4140 p.
1590 4058 1666 4136 372,
1684 4057 1850 4142 1.5ααγε-
1921 4059 1923 4166 γ

317 4160 445 4248 κόσμον.
471 4197 512 4208 -
535 4161 558 4227 l.
592 4162 632 4227 19
665 4163 910 4250 ἀποτυποῦνται)
942 4166 1066 4228 ἀποτυ-
1120 4152 1279 4236 λέστατα)
1297 4159 1534 4249 καταγελαστά.
1553 4203 1591 4214 —-
1607 4163 1628 4228 l.
1646 4165 1665 4229 7
1683 4160 1730 4227 ἐπ’
1749 4160 1850 4240 αὐτῶν)

317 4277 443 4336 ποῦται.
1121 4255 1153 4338 ἐξ
1177 4267 1291 4329 αὐτῶν.
1309 4301 1351 4312 -
1373 4265 1396 4332 l.
1422 4268 1462 4332 13
1486 4268 1597 4338 ἕλλησι
1620 4269 1736 4358 λόγων)
1756 4268 1850 4335 ἐλλκσι

362 4377 407 4442 Μ.
420 4375 477 4442 fol.
492 4375 632 4442 46.-1.
647 4378 686 4442 21
702 4377 907 4464 φαινομένων)
921 4379 1068 4466 φαινομέ-
1122 4367 1289 4463 θεολόγων.
1314 4411 1357 4421 -
1380 4383 1438 4449 τῆς
1463 4377 1631 4463 ίερατικῆς)
1657 4387 1723 4452 τοῖς
1752 4381 1850 4465 ἱερατι-

319 4505 389 4557 νως.
406 4521 447 4529 -
465 4483 487 4547 l.
505 4485 548 4548 24
564 4481 680 4556 κάλλος
697 4483 977 4573 ὑπερηπλωμένου)
993 4485 1069 4548 κάλ·
1121 4491 1194 4556 κοῖς.
1220 4519 1262 4530 -
1287 4469 1479 4570 θεικνόομεν)
1503 4474 1699 4571 θεικνόωμεν.

318 4594 371 4666 λος
395 4589 669 4680 ὑπερηπλωμένον.
687 4635 725 4644 -
748 4593 771 4659 l.
796 4597 838 4660 30
862 4593 1065 4682 αἰσχότητος)
1168 4591 1357 4672 1140150,
1381 4591 1464 4656 -1,
1492 4592 1532 4657 19
1556 4599 1620 4666 τοῖς
1637 4589 1782 4680 πρώτοις)
1798 4597 1849 4662 τοῖς

321 4697 541 4786 αἰσχρότητος.
1121 4697 1318 4785 πρωτίστοις.
1344 4735 1384 4744 —-
1404 4697 1425 4763 1.
1450 4699 1492 4762 22
1517 4695 1575 4770 τὴν
1598 4697 1780 4782 ποιητικὴν)
1802 4691 1849 4762 τίν

350 4807 410 4871 M.
427 4806 484 4872 fol.
503 4808 545 4871 46
561 4830 592 4872 ν.
606 4848 644 4860 -
657 4808 679 4872 1.
695 4809 737 4873 39
755 4805 900 4896 ἀρρότου)
920 4807 1066 4896 ἀρρήτου,
1123 4805 1310 4893 μιμητικήν.
1335 4841 1378 4854 -
1401 4805 1423 4870 1.
1447 4805 1488 4869 27
1513 4803 1639 4893 τρόπον)
1663 4804 1792 4895 τρόπων.

320 4949 363 4962 -
379 4914 401 4979 1.
420 4915 463 4978 44
486 4910 705 5002 φιλοθεάμασι)
727 4912 955 5003 φιλοθεάμοσιν.
973 4956 1012 4967 -
1028 4915 1066 4980 τό
1166 4914 1211 4978 Μ.
1223 4913 1282 4979 fol.
1296 4916 1338 4980 50
1351 4937 1382 4978 v.
1394 4913 1461 4978 -L
1476 4915 1517 4979 35
1531 4918 1702 5002 πατρικῶν)
1715 4911 1848 5002 πατρίων.

320 5017 415 5100 οὕτω)
439 5018 493 5081 καὶ
516 5019 608 5086 οὕτω.
1166 5022 1210 5087 Μ.
1233 5021 1291 5087 fol.
1317 5022 1371 5086 51.
1388 5062 1426 5074 -
1441 5021 1463 5086 1.
1481 5023 1521 5087 47
1548 5025 1578 5084 ἐν
1602 5025 1736 5107 ἑαυτοῖς)
1759 5024 1787 5084 ἐν
1808 5019 1849 5078 αί·

364 5128 408 5192 Μ.
422 5129 479 5193 fol.
494 5131 547 5194 47.
561 5128 633 5195 -1,
648 5130 689 5195 49
703 5125 1009 5218 ἐνθυαστικωτέροις)
1024 5132 1068 5194 ἐν·
1120 5137 1193 5202 τοῖς.
1207 5169 1245 5180 -
1257 5127 1279 5192 1.
1294 5129 1337 5193 48
1352 5117 1527 5217 ἱδρυμένης)
1541 5118 1715 5216 ίθρυμένως.
1727 5164 1770 5176 -
1780 5127 1799 5190 l.
1815 5123 1847 5188 49

320 5231 1065 5325 θιαστ.-1.51ἄλληςὸρθῶςήγμένης,ἀλλ’ὁ
1120 5259 1184 5310 πως
1208 5241 1255 5320 οὺ)
1287 5245 1351 5310 πῶς
1382 5229 1444 5302 οὖν.
1468 5278 1509 5289 -
1529 5236 1725 5325 προσήκειεν)
1749 5229 1848 5322 προσό-

321 5341 391 5434 μὲν)
408 5342 507 5421 ἄλλης
519 5335 663 5420 παιθείας
680 5345 774 5436 ὀρθῶς
790 5344 937 5436 ἠγμένοις
954 5344 1008 5408 καί
1025 5349 1066 5419 είς
1120 5343 1659 5432 κοιεν.-1.51καταπλήττοντα)
1677 5343 1848 5410 καταπλητ·
