3944 6074
860 559 952 638 Pars
979 561 1013 638 1.
1657 573 1713 636 203

210 737 255 805 M.
269 739 325 805 fol.
344 740 363 803 8
381 761 410 806 v.
425 777 465 785 —
484 737 541 805 Ed.
559 763 590 824 p.
608 742 684 819 351,
697 741 718 806 l.
733 743 752 806 4
766 737 836 802 ἄλλ’
854 743 909 825 ὡς)
963 739 1016 804 καὶ
1034 737 1135 813 ἄλλως
1152 739 1219 828 μέν.
1236 779 1278 788 -
1295 743 1316 807 l.
1338 744 1376 806 18
1395 731 1502 824 δεῖδὲ)
1520 733 1566 806 δεῖ
1582 740 1653 833 γὰρ’,
1669 784 1706 798 -

165 847 281 921 ἄλλως.
306 884 348 893 —-
373 849 388 908 6
412 845 471 935 γὰρ
497 849 542 931 ἐν)
566 851 582 909 6
605 847 666 937 γοίρ
690 853 774 913 ἐστιν
800 852 841 916 έν,
869 887 908 896 —-
965 839 1148 911 ἀποδιδόναι
1165 849 1246 929 ταῖς)
1264 839 1448 911 ἀποδιδόναι
1460 849 1501 912 τό
1516 853 1614 914 ο”κεῖα
1632 863 1713 928 ταῖς.

163 956 186 1020 l.
213 957 232 1018 6
257 957 323 1017 ἐστι
348 949 462 1041 ψυχῆς)
488 954 555 1018 ἐστὶ
579 965 636 1029 τῆς
661 951 773 1043 ψυχῆς.
792 999 830 1009 -
850 958 909 1022 1.7
964 955 1052 1019 -1,
1079 957 1118 1020 19
1150 955 1204 1017 τόν
1236 955 1380 1040 ἕκαστον)
1404 955 1457 1018 τὀν
1490 956 1643 1026 ἑκάστων,
1670 996 1713 1010 -

163 1067 203 1136 ὡς
227 1063 396 1150 πολεμοῦν)
413 1066 452 1136 ὡς
468 1065 696 1150 προπολεμοῦν.
711 1101 751 1111 -
768 1065 790 1130 1.
809 1067 828 1130 8
845 1066 911 1128 ἐπι-
965 1061 986 1127 l.
1012 1065 1054 1126 20
1079 1066 1105 1123 εἰ
1129 1051 1162 1124 δὲ
1180 1051 1237 1142 δεῖ)
1256 1066 1282 1123 εἰ
1300 1053 1333 1124 δὲ
1351 1053 1401 1133 δή.
1419 1105 1457 1114 -
1474 1063 1496 1127 l.
1514 1067 1556 1130 23
1573 1069 1715 1155 ὑφηγου-

164 1166 330 1255 θυμιτικῷ)
348 1166 562 1256 ἐπιθυμητικῷ
581 1172 625 1236 sic
641 1172 730 1238 alias.
756 1211 797 1218 -
822 1176 837 1234 6
856 1171 911 1260 μέν
968 1170 1072 1256 μένον)
1086 1170 1315 1261 ὑφηγουμένου.
1330 1209 1369 1218 -
1388 1173 1410 1237 l.
1428 1173 1470 1237 24
1484 1163 1534 1236 διαὶ
1547 1181 1609 1236 τῶν
1623 1185 1712 1242 τοῦ...

163 1279 259 1364 ἔστιν)
275 1285 348 1363 post
364 1301 445 1344 corr.
469 1277 570 1345 ἔσται.
588 1281 669 1346 -1,
694 1280 734 1346 10
760 1283 912 1368 φυσικῶς)
968 1276 1118 1366 ῥημάτων
1144 1303 1214 1344 cum
1239 1269 1436 1362 1οουηη)διο“ι
1460 1291 1522 1346 τῶν
1547 1291 1602 1345 τοῦ
1628 1283 1713 1372 Ἡρθς

164 1394 308 1473 φυσικῶς,
326 1387 443 1452 similia
458 1410 551 1470 saepe
571 1389 667 1454 missa
683 1389 844 1456 iaciemus,
871 1429 911 1437 —
967 1383 1129 1473 ῥημάτων,
1154 1385 1333 1471 εειμιίῖυεῆ
1360 1411 1431 1454 σου]
1448 1391 1574 1473 punctis
1598 1392 1638 1456 ad
1661 1393 1713 1458 de·

163 1497 186 1561 l.
212 1497 252 1561 12
277 1495 570 1582 ὑποαεαοσμημένος
593 1497 649 1578 sic)
673 1497 731 1559 ὑπὸ
757 1487 912 1562 δικαιοσθ-
965 1492 1104 1558 lendum.

163 1625 217 1676 νης
242 1623 368 1690 κεκοσμ.
1011 1599 1055 1666 Μ.
1074 1601 1129 1666 fol.
1146 1602 1198 1666 11.
1213 1637 1255 1648 -
1271 1601 1292 1666 l.
1308 1604 1349 1667 25
1363 1600 1417 1666 καὶ
1428 1595 1530 1688 ζώων)
1545 1604 1598 1666 καὶ
1615 1597 1712 1682 ζωῶν,

209 1711 253 1775 M.
267 1710 323 1776 fol.
337 1713 368 1776 9.
384 1747 425 1757 -
439 1711 496 1775 Ed.
510 1711 531 1776 l.
548 1713 587 1776 19
602 1713 717 1778 omisso
734 1715 910 1800 φυλακοκοῦ
967 1751 1005 1760 -
1028 1709 1050 1775 l.
1075 1710 1117 1774 26
1142 1707 1191 1771 ὅτι
1208 1712 1301 1797 τρεῖς)
1326 1711 1375 1773 ὅτι
1399 1713 1475 1799 τρίς.
1501 1751 1542 1760 -
1566 1713 1588 1779 l.
1613 1716 1655 1779 30
1672 1717 1712 1788 ὡς

164 1823 314 1903 typorum
331 1818 455 1898 mendo,
471 1818 587 1884 ibidem
603 1809 696 1882 λάόοι
718 1819 786 1907 μὲν)
803 1811 912 1884 λέόοι-
965 1815 1066 1897 τέλος)
1093 1819 1119 1878 εἰ
1142 1815 1242 1890 τέλος.
1268 1855 1304 1862 -
1333 1819 1356 1883 l·
1379 1821 1421 1883 34
1438 1820 1643 1904 συνῠπτῑκῶς)
1662 1843 1714 1882 συ·

166 1947 233 2014 μεν.
250 1962 293 1974 -
310 1926 332 1991 1.
358 1929 400 1992 23
424 1927 523 1988 ἐκεῖνο
549 1925 654 2014 μόνον)
681 1929 748 1994 cod.
772 1930 912 2013 primum
966 1933 1131 1990 νοπτυιῶν.
1150 1962 1190 1971 -
1209 1925 1231 1992 l.
1257 1927 1298 1990 35
1324 1907 1392 2014 μεθ’
1418 1927 1526 2008 αὐτόν)
1553 1926 1620 2014 μεθ’
1645 1931 1714 1992 ἑαυ-

164 2033 286 2096 ἐκείνων
305 2031 405 2121 μόνων
423 2030 492 2119 ἄρα,
517 2039 587 2117 post
603 2056 683 2100 corr.
700 2034 808 2116 ἐκείνῳ
825 2033 910 2122 μόνῳ
966 2031 1031 2098 τόν.
1055 2069 1099 2079 -
1123 2031 1249 2122 Θεωρίαν
1275 2042 1337 2096 τῶν
1363 2033 1473 2116 ὄντων)
1498 2033 1624 2124 θεωρίαν
1649 2044 1711 2099 τῶν

164 2165 260 2229 παρα.
282 2179 323 2188 ·—-
348 2148 410 2204 τῶν
435 2140 553 2222 πόσων)
577 2149 622 2224 τῷ
646 2141 742 2224 πόσῳ.
763 2180 803 2190 —-
822 2144 844 2210 l.
868 2147 911 2209 24
964 2137 1079 2228 λόγων.
1102 2175 1147 2187 -
1169 2141 1191 2206 l.
1209 2143 1249 2206 37
1269 2139 1322 2202 καί
1338 2138 1398 2230 ii?
1414 2140 1447 2224 6)
1465 2141 1519 2205 καί
1536 2140 1595 2230 γὰρ
1614 2145 1650 2209 εἰ.
1668 2181 1712 2192 -

165 2238 252 2330 τόδε)
276 2245 324 2328 τό,
349 2269 397 2312 τε.
416 2285 456 2295 -
474 2249 496 2314 l.
518 2251 561 2313 26
585 2247 638 2312 καί
662 2247 719 2337 μθ.)
746 2248 829 2313 ἀλλὰ
854 2250 910 2338 μή,
965 2248 988 2312 l.
1005 2250 1048 2313 33
1064 2245 1203 2336 ἄριστον)
1221 2247 1355 2328 ἄριστος.
1373 2285 1415 2298 -
1432 2251 1453 2315 1.
1472 2251 1512 2316 39
1536 2249 1627 2337 μόνος
1651 2249 1710 2322 τὴν

168 2393 208 2402 -
225 2356 247 2421 l.
265 2357 306 2420 27
325 2357 417 2436 ἐντῷ
436 2353 593 2438 θεαιτητῳ
611 2357 801 2446 γέγραπται)
818 2361 848 2421 έν
865 2367 910 2439 τῷ
965 2358 996 2418 ἐν
1021 2359 1119 2437 αὐτῷ)
1144 2356 1235 2442 μόνος
1260 2359 1276 2419 ὁ
1300 2355 1359 2429 τῆν
1384 2361 1415 2420 ἐν
1439 2360 1552 2440 ἑαυτῷ.

165 2461 282 2545 έννοίτῳ
306 2466 385 2545 (eod.
407 2463 519 2546 ἐνάτῳ)
544 2464 731 2554 γέγραπται.
756 2503 794 2514 -
822 2468 844 2532 l.
869 2471 910 2533 29
1011 2465 1055 2530 Μ.
1072 2465 1128 2530 fol.
1149 2466 1187 2530 11
1207 2488 1236 2530 v.
1256 2503 1292 2512 -
1313 2467 1336 2532 l.
1353 2468 1393 2530 41
1412 2469 1428 2527 6
1447 2465 1554 2554 μέντοι
1570 2465 1678 2550 τόπος)
1696 2471 1711 2530 ό

166 2567 224 2640 τὴν
249 2568 455 2656 ιιαθαρτικὴν)
472 2573 609 2656 primum
626 2584 683 2648 τῆς
708 2571 910 2662 καθαρτιιιῆς,
967 2571 1021 2660 μὲν
1047 2561 1084 2643 δὴ
1103 2570 1208 2646 τόπος.
1227 2611 1268 2620 -
1288 2573 1310 2637 l.
1335 2575 1377 2638 43
1402 2565 1599 2661 9096566063)
1626 2572 1713 2663 θορυ-

166 2683 238 2760 post
262 2700 343 2743 corr.
367 2687 408 2761 τῆ
434 2676 621 2766 ααθαρτικῆ.
968 2668 1097 2756 θώδους,
1115 2679 1191 2744 fort.
1209 2679 1311 2744 satius
1327 2680 1387 2744 hos
1408 2684 1563 2766 typorum
1588 2705 1713 2747 errores

210 2783 254 2848 M.
269 2784 325 2849 fol.
339 2785 369 2849 9.
383 2808 412 2849 ν.
428 2823 468 2831 -
481 2785 502 2850 l.
518 2789 558 2850 32
573 2783 779 2874 θεωρητικὴν)
797 2785 913 2876 θεωρη-
967 2786 1118 2870 deinceps
1149 2785 1330 2871 negligere.
1354 2829 1392 2838 -
1416 2787 1438 2851 l.
1464 2789 1506 2852 44
1528 2786 1711 2875 πορρωτέρω

164 2898 253 2965 τιαῆς
269 2889 311 2957 ίδ.
333 2928 372 2938 -
389 2892 410 2958 l.
429 2895 471 2958 36
495 2896 652 2976 πολιτείᾳ)
672 2898 843 2968 πολιτείας.
869 2933 911 2944 -
964 2891 1083 2974 πόλεις)
1099 2913 1186 2978 πορρ.
1205 2888 1368 2967 θαλάττης
1384 2893 1499 2968 πόλεις.
1513 2932 1555 2941 -
1572 2893 1625 2957 καὶ
1641 2893 1713 2957 τοό-

168 2999 190 3063 l.
208 2999 249 3064 41
268 2999 305 3062 τό
329 2999 578 3088 προηγούμενον)
596 3002 633 3064 τό
658 3001 713 3090 μὲν
737 3027 853 3092 προηγ.
871 3041 912 3050 -
965 3003 1040 3080 των)
1054 2997 1108 3062 καὶ
1120 2997 1281 3064 τοιούτων.
1296 3041 1334 3052 .-
1347 3002 1493 3082 ἀνῆντοιι)
1512 3003 1659 3067 ἀνεῖνται.
1673 3045 1712 3056 -

167 3107 188 3172 l.
207 3111 248 3172 42
266 3108 303 3171 τό
320 3109 484 3195 ἐμπίπτειν
504 3109 554 3172 ἐπὶ
579 3101 676 3195 δυοῖν)
694 3113 731 3175 τό
757 3115 911 3199 ἐμπίπτον
965 3108 987 3174 1.
1005 3113 1046 3173 45
1070 3116 1132 3169 τῶν
1159 3105 1311 3190 Ἀθηνῶν)
1336 3111 1475 3193 primum
1498 3117 1555 3182 τῆς
1577 3107 1712 3184 Ἀθηνᾶς

169 3213 220 3276 ἐπὶ
244 3205 337 3280 δυεῖν.
356 3255 394 3263 -
413 3218 435 3283 l.
457 3220 499 3282 44
524 3216 574 3280 ἐπὶ
597 3216 690 3298 πολὺ)
716 3219 766 3282 ἐπὶ
781 3221 911 3294 πόλεως.
966 3224 1002 3282 ut
1014 3218 1100 3282 alibi.
1115 3253 1157 3264 —
1174 3219 1196 3283 l.
1214 3218 1256 3281 46
1273 3211 1315 3288 οἷς
1331 3215 1634 3306 προσφερεστοίτους)
1650 3219 1713 3300 pri·

210 3322 254 3388 M.
271 3323 327 3389 fol.
347 3326 398 3388 10.
418 3323 798 3414 -1,ιι1ιπεπερᾶιῖαι)
821 3349 912 3390 πεπε-
966 3349 1053 3390 mum
1070 3320 1132 3386 οἷον
1150 3347 1190 3387 τα
1208 3347 1274 3412 φερ.
1291 3337 1458 3408 postcom.
1481 3321 1542 3388 οἷον
1566 3346 1711 3412 προσφερ.

169 3426 286 3516 ράνθαι.
300 3468 341 3477 -
358 3431 415 3497 Εό.
434 3455 465 3515 p.
480 3433 591 3512 352,1.
606 3435 626 3497 4
643 3434 815 3520 μιμητικόν
835 3429 911 3517 οἷον)
965 3433 1008 3498 Η.
1023 3435 1150 3518 legebat
1166 3432 1257 3506 ὄντας
1271 3455 1382 3520 προσφ.
1398 3471 1436 3483 ·—
1450 3434 1473 3499 l.
1488 3437 1528 3500 47
1543 3438 1562 3506 6
1582 3435 1711 3522 εὔφρων)

166 3537 209 3603 Η.
226 3538 307 3624 legit
325 3560 395 3625 μιμ.
420 3536 531 3625 μόνως,
554 3541 639 3623 quod
662 3542 715 3605 vix
732 3542 855 3606 eruitur
873 3564 911 3607 ex
965 3547 984 3614 6
1008 3542 1141 3630 ἔμφρων.
1160 3577 1202 3589 -
1220 3544 1344 3626 οῖκεῖον)
1361 3547 1483 3618 οἰκεῖος.
1502 3545 1580 3610 -1,
1596 3545 1638 3610 48
1656 3541 1710 3632 μὲν

166 3647 285 3730 pallido
309 3648 377 3713 cod.
403 3683 445 3694 -
468 3645 615 3735 λέγομεν)
640 3647 753 3736 λέγων.
777 3686 820 3695 -
843 3651 865 3716 l.
893 3653 910 3716 7
966 3657 1088 3738 πειραιᾷ
1106 3652 1158 3732 τῇ)
1177 3672 1239 3715 om.
1258 3656 1393 3736 πειραιᾷ.
1410 3652 1485 3716 —l.
1499 3653 1541 3718 50
1558 3642 1713 3714 δικαιοσύ-

166 3755 291 3824 ποίησιν
306 3751 360 3836 τὰ)
374 3755 498 3827 ποίησιν
517 3748 593 3819 εἶναι
606 3754 657 3822 τοί.
670 3793 714 3804 -
727 3754 768 3820 τὰ
782 3747 816 3821 δέ
827 3761 910 3840 ταῖς)
965 3780 1019 3832 νης
1043 3757 1148 3846 λόγος)
1172 3758 1265 3846 λόγος
1288 3760 1379 3841 ponit
1401 3765 1473 3842 post
1496 3761 1667 3834 πολιτείας.

166 3857 207 3922 τὰ
233 3850 266 3924 δὲ
290 3863 321 3922 εν
345 3869 426 3936 ταις.
1010 3867 1054 3931 ιι.
1072 3867 1127 3931 fol.
1148 3869 1198 3932 12.
1214 3865 1325 3932 -υι,
1342 3889 1374 3950 p.
1393 3870 1468 3948 353,
1484 3869 1507 3933 1.
1524 3871 1539 3933 1
1555 3869 1610 3931 σοι
1627 3869 1710 3932 εστιν

212 3966 256 4032 M.
273 3967 328 4033 fol.
350 3968 390 4034 10
407 3991 435 4035 ν.
458 4005 500 4018 -
523 3970 545 4036 l.
572 3973 612 4035 10
638 3960 735 4056 δυοῖν)
760 3962 843 4036 δυεῖν
867 3975 911 4040 sie
965 3980 984 4048 6
1011 3968 1089 4056 ζωὴ)
1114 3975 1169 4037 οὐκ
1193 3973 1277 4036 ἔστιν
1303 3976 1411 4050 αὐταῖς
1435 3981 1453 4048 6
1480 3969 1557 4055 ζωή.
1587 4015 1624 4026 -
1647 3979 1708 4044 l.2

167 4094 272 4156 ssepe.
293 4075 371 4140 —l.
392 4079 427 4140 11
456 4067 611 4164 ἀκριῧείας
637 4070 726 4160 εἶναι)
745 4072 910 4148 οιη.εἷναι.
966 4093 1109 4173 ταραχῆς
1141 4083 1203 4166 ἔτι)
1234 4083 1277 4149 Η.
1302 4106 1338 4147 τε
1368 4083 1430 4149 καὶ.
1463 4085 1538 4152 cod.
1570 4087 1711 4171 primum

167 4215 207 4228 -
223 4175 285 4243 οἷον
300 4182 351 4267 τό)
364 4179 426 4246 οἷον
441 4183 500 4250 ότι.
516 4221 557 4232 -
574 4187 621 4259 τίς
638 4189 773 4273 πειραιῖι)
791 4191 830 4262 εἰς
847 4213 913 4253 πει·
966 4199 1109 4278 ταραχῆς
1134 4213 1176 4273 τι,
1200 4191 1304 4273 prima
1320 4213 1401 4256 corr.
1418 4199 1561 4279 ταραχῆς
1585 4191 1644 4252 καί
1662 4212 1709 4266 τε,

167 4295 248 4376 ραιᾶ.
266 4325 308 4337 -
324 4291 348 4355 l.
367 4293 408 4356 13
426 4287 633 4379 ἀπέστρεψεν)
658 4288 852 4381 ἀνέστρεψεν.
869 4329 911 4340 -
966 4297 1069 4363 altera
1084 4320 1181 4382 supra
1197 4297 1253 4362 lin.
1268 4305 1412 4384 ταραχῆς
1429 4297 1486 4362 ἔτι.
1505 4333 1548 4344 -
1571 4297 1593 4362 l.
1619 4300 1638 4362 3
1656 4319 1712 4358 συ-

165 4395 220 4457 τόν
244 4397 462 4485 Πολέμαρχον)
486 4399 625 4482 primum
650 4398 792 4486 Κέφαλον
816 4423 912 4484 supra
966 4403 1133 4495 νάχοντας)
1158 4397 1357 4488 συνᾴδοντας.
1384 4444 1424 4454 -
1448 4406 1470 4472 l.
1494 4409 1515 4472 4
1539 4400 1581 4479 οἷς
1599 4394 1710 4486 διεῖλε)

167 4503 222 4568 lin.
255 4503 472 4592 Πολέμαρχον.
503 4505 637 4572 Notavit
665 4507 708 4572 H.
741 4507 910 4594 “Κε’φαλον
966 4515 1106 4598 primum
1130 4516 1171 4586 είς
1190 4502 1243 4574 δύο
1261 4504 1367 4588 διεῖλε,
1384 4535 1466 4578 corr.
1480 4515 1523 4586 οἱς
1539 4535 1611 4578 cum
1632 4511 1710 4576 (1υο-

166 4614 273 4678 textus
297 4611 411 4693 Procli,
436 4613 567 4678 alterius
590 4614 669 4679 illud
693 4637 790 4698 supra
814 4617 910 4701 scrip·
966 4621 1025 4687 bus
1041 4622 1168 4705 punctis
1184 4643 1278 4704 super
1294 4642 1320 4686 ο.
1338 4656 1382 4666 --
1405 4620 1427 4684 1.
1452 4621 1471 4684 5
1496 4615 1635 4707 ἄρθεμιν)
1654 4617 1710 4706 ἄρ-

166 4722 234 4781 tum
253 4768 279 4796 „.
296 4751 335 4765 -·
355 4718 377 4782 1.
404 4721 443 4783 14
460 4728 592 4781 τοιαῦτα
611 4720 760 4808 ἱστορίαν)
778 4731 911 4784 τοιαῦτα
966 4749 1067 4814 τεμιν,
1091 4728 1154 4792 alie
1176 4728 1207 4792 id
1224 4747 1324 4812 genus
1340 4750 1403 4792 om.
1420 4727 1467 4790 uti
1488 4748 1561 4790 mox
1585 4722 1709 4812 θρκάιον

166 4819 225 4892 τὴν
253 4825 399 4911 ἱστορίαν.
417 4863 460 4874 -
475 4826 497 4892 l.
525 4829 563 4891 15
589 4834 651 4890 τῶν
677 4817 710 4891 δὲ
728 4819 909 4918 μυθοειδῶς)
966 4857 1025 4918 pro
1049 4831 1182 4922 θρᾴκιον.
1202 4871 1242 4880 -
1264 4833 1286 4898 l.
1306 4834 1323 4898 7
1340 4835 1394 4896 πλ.
1419 4830 1472 4894 καὶ
1495 4832 1631 4918 εὐφροσ.)
1653 4834 1708 4895 πλ.

165 4931 209 4997 Η.
230 4937 241 4964 ¹⁴
261 4924 428 5020 θυμοειδέος
448 4986 459 5014 ς
483 4933 533 5003 Sic
551 4937 690 5019 primum
706 4938 773 5004 cod.
791 4939 844 5002 sed
863 4962 913 5003 su·
966 4963 1002 5003 τε
1018 4939 1071 5002 καὶ
1087 4943 1153 5024 εόφ.
1169 4941 1310 5004 inversu
1328 4940 1478 5023 orpheieo
1493 4939 1652 5003 restituto.
1665 4973 1710 4984 -

166 5061 225 5122 prs
242 5038 297 5104 lin.
315 5042 351 5126 οἰρ
369 5043 458 5124 quasi
476 5031 667 5128 αρμοειδῶςθ
683 5080 727 5090 -
743 5044 764 5108 l.
792 5047 831 5109 17
856 5042 914 5105 ἄλ·
965 5048 988 5113 l.
1013 5051 1032 5113 9
1058 5037 1161 5109 δὲκαὶ
1184 5046 1246 5129 ὅτι)
1271 5070 1333 5111 om.
1358 5044 1420 5112 καὶ,
1439 5083 1479 5092 -
1498 5043 1662 5132 φωσφόροι,
1687 5047 1706 5116 6

166 5147 227 5219 λως
252 5145 306 5232 μὲν
331 5151 494 5236 γυναῖκας)
512 5149 636 5216 Omissa
660 5157 693 5216 eb
715 5152 910 5236 supplenda:
968 5152 1022 5242 μὲν
1046 5154 1189 5238 εὐμενῶς)
1215 5173 1313 5238 φωσφ.
1338 5155 1364 5214 εἰ
1387 5149 1441 5213 καὶ
1463 5155 1482 5222 6
1514 5150 1568 5238 μὲν
1592 5155 1643 5224 ὡς.
1668 5187 1710 5199 -

166 5253 269 5328 ἄλλως
294 5255 348 5344 μὲν
373 5255 413 5319 τὰ
439 5256 580 5322 οἰκετικὰ
598 5259 748 5348 πρόσωπα
772 5256 911 5349 φθεγγό-
966 5263 988 5327 l.
1008 5263 1047 5326 1θ
1065 5257 1246 5322 ἀνάπτουσαι
1263 5261 1344 5340 ταῖς)
1363 5255 1476 5322 ἀνάπτ.
1494 5266 1556 5343 φῶς
1573 5266 1653 5334 ταῖς.
1666 5249 1711 5304 -’-

167 5383 244 5452 μενα
257 5363 423 5451 μιμητέον·
439 5363 541 5439 ἄλλως
554 5354 588 5430 δὲ
600 5363 642 5430 τὰ
655 5375 716 5430 τῶν
734 5363 911 5456 ἐλευθέρων,
965 5369 988 5434 l.
1014 5369 1054 5432 13
1077 5363 1270 5456 προστάτης)
1294 5361 1476 5454 προστάτις.
