3940 6072
803 509 905 592 Vetus
921 511 1101 610 interpres.

179 685 396 756 obscurissime,
414 695 449 743 ut
475 686 526 744 vix
550 685 678 759 intelligi
703 692 801 760 queat,
820 693 922 761 partes

178 774 294 832 animae
314 775 500 844 distribuere,
515 783 545 832 et
557 775 687 832 statibus
700 773 839 832 diullibus
858 792 923 831 con-

177 861 303 935 iungere
321 862 425 930 voluit,
447 863 606 937 posuitque
627 863 816 936 prudentiam
840 862 924 919 habi-

179 959 244 1010 turn
263 971 329 1011 esse
348 955 548 1028 perficientem
569 955 683 1010 animae
702 955 763 1012 vim
780 955 818 1012 ad
835 955 925 1027 impe·

178 1045 305 1102 randum
321 1048 424 1120 primo,
437 1045 643 1102 fortitudinem
655 1047 867 1120 perfectionem
886 1046 924 1102 ad

180 1134 388 1208 imperandum
407 1136 546 1205 secundo,
566 1143 596 1192 et
615 1137 690 1194 duas
702 1139 758 1194 has
771 1154 837 1194 esse
850 1135 926 1210 prin-

180 1225 260 1298 cipes
285 1225 423 1296 virtutes,
448 1225 575 1282 duarum
598 1226 728 1300 partium
746 1226 925 1299 primarum

179 1314 310 1386 reliquas
335 1333 401 1373 esse
426 1315 502 1372 dixit
527 1317 763 1389 temperantiam,
787 1334 863 1388 quae
887 1316 925 1370 ad

180 1405 365 1462 concordiam
376 1406 513 1476 adducat,
526 1424 601 1478 quae
612 1405 758 1480 imperant
767 1413 799 1464 et
811 1413 924 1479 parent,

179 1499 215 1549 ut
233 1512 301 1568 pars
319 1495 421 1552 infima
440 1496 557 1552 duabus
574 1497 722 1569 supremis
733 1503 846 1570 pareat,
865 1513 925 1552 me·

181 1581 231 1638 dia
249 1601 320 1640 vero
333 1584 385 1639 uni
398 1585 557 1657 superiori;
570 1585 719 1642 iustitiam
732 1585 859 1658 denique
879 1587 924 1642 de·

180 1671 246 1727 finit
271 1671 408 1728 habitum
434 1689 509 1744 esee,
533 1691 609 1745 quae
636 1674 763 1746 singulis
789 1674 924 1748 partibus

180 1759 255 1817 fines
280 1761 464 1834 praescribat
486 1762 700 1835 imperantibus
727 1769 759 1820 st
785 1763 922 1830 subditis,

180 1849 336 1906 continens
356 1868 408 1906 aas
425 1850 457 1905 in
471 1849 574 1908 officio.
588 1853 713 1924 Oportet
732 1851 810 1908 enim
829 1861 865 1908 ut
882 1851 926 1908 fo·

180 1947 287 1997 veatur
302 1939 466 2012 concordia,
479 1941 537 1996 alia
550 1942 703 2004 dominari.
717 1940 776 1998 alia
789 1943 928 2009 subesse,

180 2046 256 2102 quae
269 2029 418 2102 imperant
430 2031 511 2087 iusta
523 2033 701 2104 praecipere,
716 2051 792 2105 quae
806 2033 926 2090 subdita

182 2126 252 2175 sunt
269 2119 359 2176 iustis
379 2121 506 2189 obedire,
527 2122 637 2178 etenim
661 2123 805 2180 dominari
824 2132 855 2179 ει
873 2141 926 2196 pa-

181 2228 246 2266 rere
264 2211 295 2265 in
315 2229 351 2266 ea
369 2211 449 2267 vitae
469 2211 565 2268 forma
578 2215 716 2284 cernitur,
730 2233 789 2286 qua
808 2213 926 2270 iustitia

182 2305 345 2371 exercetur,
366 2299 515 2358 tribuente
535 2301 662 2372 singulis
676 2321 731 2358 sua
750 2303 853 2374 officia,
873 2302 927 2358 iru-

181 2388 362 2460 perantibus,
376 2393 411 2444 ut
430 2388 558 2446 subditis
575 2392 739 2461 cousulant,
758 2409 855 2464 neque
874 2408 927 2462 per

181 2477 242 2534 vim
254 2477 286 2534 in
304 2478 446 2535 iuferiora
466 2481 652 2552 tyrannidem
672 2491 844 2549 exerceaut;
858 2484 927 2539 eub-

182 2569 253 2624 ditis
272 2587 351 2640 vero,
365 2576 401 2625 ιιι
419 2586 451 2626 se
471 2570 674 2643 superioribus
688 2573 876 2644 submittant,
897 2579 928 2630 et

180 2657 287 2714 horum
305 2665 430 2730 pareant
448 2657 557 2715 iudicio
576 2667 607 2714 ει
625 2662 783 2718 voluntati.

216 2747 287 2804 Cer.
311 2747 429 2802 XXXV
441 2747 473 2821 ¹).
500 2747 736 2818 Demonstratic,
763 2753 843 2823 quod
867 2769 927 2808 uon

176 2837 291 2907 plures,
311 2853 403 2910 quara
422 2839 482 2894 tres
500 2842 571 2894 auat
589 2841 683 2894 animi
693 2843 806 2910 partae.
825 2839 928 2896 -Sed

181 2940 347 2980 sermonem
358 2925 394 2981 de
407 2924 569 2983 virtutibus
583 2926 626 2983 ita
639 2928 765 3000 digessit
779 2931 926 2998 Socrates,

181 3016 217 3066 ut
234 3011 419 3068 declaratum
438 3020 492 3083 est,
506 3015 585 3088 quod
597 3033 720 3073 necesse
733 3025 780 3074 est
791 3018 848 3074 has
861 3034 928 3074 esse

181 3101 318 3172 virtutes,
338 3111 368 3158 ει
386 3111 434 3160 tot
451 3105 541 3178 probe
556 3106 672 3164 docens.
693 3108 793 3166 Unum
811 3109 871 3164 iam
885 3127 930 3164 re·

181 3191 296 3262 liquum
315 3199 369 3265 est,
383 3201 419 3249 ιιι
436 3201 608 3268 tractemus,
621 3197 700 3254 unda
714 3199 762 3268 sit,
776 3199 853 3271 quod
867 3209 930 3255 tres

182 3282 243 3338 sirit
254 3283 370 3340 animae
382 3292 493 3356 partes,
506 3305 583 3358 quas
596 3290 785 3360 receptacula
799 3289 860 3344 sint
872 3289 929 3345 vir·

182 3377 291 3427 tutum.
304 3371 431 3430 Differre
444 3373 523 3429 enim
536 3374 615 3432 inter
627 3394 659 3432 se
673 3377 737 3448 has,
751 3377 930 3434 monstravit

182 3461 301 3534 quidem
320 3462 466 3534 Socrates,
485 3465 564 3538 quod
579 3473 680 3522 autem
696 3484 754 3523 uon
768 3468 869 3540 plures
882 3467 930 3524 his

182 3551 251 3622 sint,
271 3551 407 3610 facienda
426 3561 474 3609 est
492 3553 574 3626 fides,
594 3564 628 3613 ut
646 3565 832 3631 compertum
844 3556 930 3613 nobis

182 3641 235 3696 fiat
253 3647 299 3696 tot
318 3659 384 3699 csse
403 3642 541 3716 virtutae,
561 3660 593 3702 et
611 3662 669 3703 non
682 3648 798 3720 plures;
812 3647 838 3703 si
851 3647 930 3703 enim

182 3729 283 3801 plures
303 3730 364 3786 sint
383 3736 483 3803 partes
501 3733 601 3804 animi,
621 3733 696 3790 aliae
715 3733 929 3790 desiderandas

183 3827 254 3876 sunt
273 3820 408 3877 virtutes.
422 3822 587 3894 Receptum
603 3823 698 3896 igitur
711 3831 758 3880 εει
770 3824 850 3896 quod
862 3841 929 3879 cum

183 3909 242 3965 duo
260 3917 340 3978 ειιιιι,
362 3912 533 3967 contrarias
560 3913 701 3970 habentia
723 3913 930 3988 proprietates,

184 4000 279 4056 tribus
298 4007 333 4056 ut
352 4001 531 4058 cohaereant
554 4003 681 4060 vinculis
700 4022 775 4078 opus
802 4021 876 4075 esse,
895 4011 931 4060 ut

183 4091 214 4147 in
232 4091 388 4148 elementis
406 4094 628 4166 comprobatum
646 4105 701 4152 εει.
721 4098 854 4164 Quorum
867 4096 931 4153 vin·

184 4182 320 4239 culorum
339 4183 396 4238 duo
410 4183 524 4242 suntin
537 4187 710 4260 propinquis
722 4187 827 4260 posita,
838 4206 931 4244 unum

183 4275 213 4330 in
232 4293 264 4332 re
283 4275 384 4332 vicina
402 4294 437 4332 ac
455 4275 603 4348 inferiore,
622 4295 715 4334 unum
730 4278 762 4334 in
774 4279 930 4336 remotiore

184 4383 219 4421 ac
232 4367 383 4440 superiore
395 4368 427 4440 Ξ).
437 4366 502 4424 Hoc
513 4385 580 4424 cum
593 4367 635 4424 ita
648 4369 765 4442 habeat,
775 4370 931 4427 videamus

183 4472 330 4527 quaenam
340 4457 455 4530 mentis,
463 4458 652 4532 corporisque
662 4459 798 4534 propriae
808 4459 869 4517 siut
880 4459 933 4516 dii·

183 4545 336 4604 terentiae.
356 4548 441 4604 Mens
461 4547 587 4621 simplex
605 4556 653 4607 est
672 4556 703 4606 et
722 4551 778 4607 sub
797 4549 931 4624 partitio-

182 4653 251 4692 nem
270 4655 328 4693 non
347 4637 435 4708 cadit,
453 4656 561 4712 corpus
574 4640 770 4714 compositum
782 4647 813 4697 et
826 4641 931 4698 sectio·

183 4742 251 4781 nem
270 4725 409 4783 admittit.
422 4727 508 4785 Mens
520 4727 706 4786 intellectum
718 4729 810 4785 babet
822 4747 931 4800 rerum,

183 4830 290 4888 corpus
308 4815 508 4888 intelligentia
520 4817 641 4891 penitus
654 4825 751 4887 caret,
766 4821 797 4874 ει
810 4818 865 4874 hoc
878 4836 931 4890 pro

220 5083 243 5158 ¹)
261 5084 330 5143 cod.
349 5085 399 5143 fol.
420 5087 473 5141 128
490 5098 533 5142 v0.
552 5086 633 5140 'alte
653 5091 692 5141 ria
708 5091 751 5158 μιν
766 5093 821 5158 περὶ
840 5089 932 5159 &parda

183 5180 319 5229 πολιτικῶν
337 5179 411 5250 λόγον
432 5181 520 5232 οὑτωσὶ
539 5178 647 5234 διέθηκεν
667 5180 679 5230 ὁ
699 5182 843 5249 Σωκράτης.

221 5267 244 5338 ²)
263 5271 334 5324 aurit
356 5271 542 5340 improprius
557 5271 658 5342 posita
676 5285 709 5326 rc
728 5286 765 5327 uc
783 5269 933 5342 inferiore,

186 5356 230 5414 sic
247 5357 404 5432 interpres,
426 5363 480 5416 aut
498 5357 587 5433 typis,
601 5363 653 5416 aut
665 5358 836 5433 apographo
854 5354 933 5414 male

1670 515 1722 582 327

977 687 1112 745 confesso
1132 685 1227 744 estin
1247 684 1355 742 mentis
1375 685 1545 742 substantia
1570 686 1628 742 tria
1650 688 1726 746 haec
1771 745 1774 757 ,

977 795 1052 848 esse,
1066 777 1218 845 rationem,
1233 776 1327 831 vitam
1340 780 1371 831 ει
1384 775 1592 847 cognitionem.
1605 775 1661 832 Hie
1674 775 1728 848 igi-

977 874 1028 924 tur
1038 867 1080 924 sic
1093 867 1243 940 expositis,
1260 871 1375 922 certum
1387 873 1541 938 praeterea
1555 873 1610 937 εει,
1623 865 1727 923 irasci-

975 954 1036 1010 bile
1054 953 1085 1010 in
1104 955 1294 1028 partitionem
1312 973 1372 1011 non
1385 955 1496 1012 venire.
1509 955 1566 1012 Est
1580 954 1657 1012 enim
1676 974 1728 1011 na·

977 1048 1064 1100 turae
1076 1042 1228 1116 simplicis,
1243 1043 1395 1100 etidcirco
1408 1061 1500 1101 unam
1514 1043 1641 1100 formam
1659 1043 1728 1100 civi-

978 1133 1038 1190 lem
1048 1133 1176 1205 exhibet,
1188 1141 1218 1189 et
1231 1135 1345 1207 appetit
1358 1133 1479 1207 quidem
1491 1134 1656 1208 imperium,
1669 1153 1728 1192 non

979 1227 1079 1278 tamen
1097 1220 1285 1295 intelligendi
1298 1228 1346 1279 est
1357 1241 1460 1298 capax.
1475 1224 1533 1280 Sed
1548 1223 1578 1280 in
1597 1223 1728 1296 corporis

979 1311 1156 1385 deprimitur
1169 1313 1282 1370 sordes.
1296 1313 1450 1385 Cupiditas
1461 1323 1562 1370 autem
1572 1313 1729 1387 multiplex

979 1413 1034 1478 est,
1048 1413 1079 1462 et
1091 1404 1191 1462 variae
1203 1405 1295 1460 habet
1307 1405 1427 1477 formas,
1441 1412 1472 1461 ει
1489 1405 1646 1478 multiceps
1664 1405 1727 1463 bel·

978 1497 1037 1566 lua,
1057 1501 1092 1552 ut
1110 1495 1247 1567 diximus
1268 1495 1443 1568 appellatur,
1465 1501 1495 1552 et
1513 1495 1544 1551 in
1566 1497 1667 1568 plures
1687 1497 1729 1552 di-

983 1585 1102 1642 ducitur
1128 1585 1239 1642 lormas
1269 1585 1379 1654 civiles,
1409 1603 1467 1642 non
1494 1585 1584 1640 unius
1610 1582 1653 1639 rei
1679 1601 1729 1657 ap·

978 1677 1106 1750 petitum
1125 1677 1248 1746 habens,
1269 1676 1437 1750 cognitione
1462 1675 1589 1748 dedique
1608 1694 1727 1733 vacans.

979 1766 1109 1825 Necesse
1123 1765 1218 1838 igitur
1228 1766 1379 1822 irascibile
1398 1765 1506 1822 rationi
1524 1765 1635 1834 favere,
1650 1765 1728 1839 cupi-

980 1854 1104 1912 ditatem
1116 1872 1187 1911 vero
1198 1855 1326 1928 corpori,
1340 1855 1505 1912 communis
1516 1861 1617 1911 autem
1626 1855 1688 1912 irae
1699 1862 1730 1911 ει

979 1943 1134 2018 cupiditati
1154 1943 1287 2017 corporis
1306 1944 1474 2002 strationis
1487 1943 1633 2016 quaedam
1652 1961 1730 1999 com-

979 2033 1141 2090 municatio
1154 2041 1185 2089 ει
1198 2036 1391 2091 consuetudo.
1410 2034 1480 2091 uria
1492 2035 1614 2106 insuper
1625 2033 1673 2090 his
1687 2033 1730 2088 in·

980 2129 1059 2196 sunt,
1079 2125 1138 2180 duo
1157 2124 1187 2180 in
1206 2125 1315 2196 quibus
1337 2127 1528 2194 conveniunt,
1543 2123 1686 2198 appetitio
1699 2131 1730 2179 et

979 2215 1089 2272 mentis
1108 2215 1245 2289 privatio,
1266 2233 1358 2271 unum
1376 2233 1435 2288 quo
1450 2215 1609 2282 differuntr
1629 2213 1730 2270 irasci-

979 2308 1039 2364 bile
1060 2307 1138 2363 enim
1158 2307 1285 2379 simplex
1303 2313 1358 2378 est,
1379 2306 1608 2379 concupiscibile
1631 2306 1730 2362 multi-

979 2398 1056 2470 plex.
1074 2397 1183 2470 Liquet
1199 2395 1294 2468 igitur
1305 2414 1364 2453 non
1376 2396 1477 2468 plures
1491 2413 1558 2453 εεεε
1570 2395 1620 2452 hie
1633 2396 1729 2453 tribue

979 2491 1081 2560 partes
1100 2484 1224 2554 animae,
1244 2484 1351 2557 quibus
1369 2485 1456 2557 quasi
1474 2485 1604 2542 vinculis
1622 2502 1728 2559 corpus

981 2582 1013 2634 et
1030 2594 1113 2634 mens
1133 2574 1348 2632 devinciuntur.
1773 2641 1783 2656 ·

1017 2669 1088 2724 Car.
1108 2666 1248 2724 XXXVI.
1259 2669 1306 2722 Aa
1321 2670 1380 2722 sint
1393 2669 1511 2722 animae
1523 2668 1683 2722 immixtae.
1694 2695 1731 2710 -

981 2759 1040 2814 Sed
1050 2759 1072 2830 ³)
1086 2775 1144 2814 non
1156 2757 1253 2813 solum
1263 2756 1339 2811 alias
1349 2765 1450 2829 partes
1460 2754 1576 2810 animae
1589 2754 1729 2826 rejecisse

981 2848 1101 2904 videtur
1126 2848 1271 2916 Socratae,
1292 2863 1359 2901 cum
1378 2845 1457 2913 dicit,
1476 2853 1555 2900 recte
1582 2861 1728 2916 quemque

981 2943 1118 2994 nostrum
1142 2935 1269 3006 habere,
1289 2954 1356 2991 cum
1382 2953 1485 2992 omues
1503 2935 1560 2991 hae
1586 2943 1648 2991 tres
1665 2951 1730 3006 par-

982 3035 1029 3085 tes
1048 3028 1112 3084 suis
1131 3026 1242 3084 muniis
1259 3026 1435 3098 funguntur,
1455 3033 1485 3082 et
1503 3043 1555 3098 per
1569 3032 1730 3098 temperan-

982 3118 1056 3174 tiam
1066 3115 1192 3170 inricem
1203 3115 1396 3185 concordant;
1411 3113 1465 3171 sed
1477 3114 1552 3170 illud
1566 3113 1657 3170 etiam
1669 3115 1731 3186 pla-

982 3223 1054 3260 num
1077 3205 1154 3275 facit,
1168 3221 1226 3259 non
1239 3220 1306 3259 essa
1325 3202 1440 3274 aliquas
1458 3201 1537 3258 inter
1555 3204 1611 3258 has
1630 3209 1731 3274 partes

983 3295 1103 3362 mediae,
1123 3301 1158 3348 ιιι
1177 3292 1202 3349 si
1221 3292 1293 3366 quid
1313 3293 1362 3364 sit,
1381 3291 1460 3364 quod
1478 3311 1537 3348 non
1557 3292 1597 3348 eit
1609 3292 1731 3348 honoris

983 3385 1132 3460 cupidum,
1152 3389 1205 3440 ant
1222 3383 1373 3458 pecuniae,
1398 3385 1451 3440 sed
1470 3384 1548 3440 inter
1571 3385 1647 3440 haec
1671 3401 1732 3439 me·

984 3471 1079 3536 diurn,
1094 3487 1152 3542 quo
1163 3470 1242 3525 dicto
1252 3487 1311 3526 non
1324 3468 1427 3538 sensit,
1437 3469 1516 3541 quod
1526 3469 1731 3525 enimaevitae

984 3579 1042 3618 nou
1062 3560 1123 3616 sint
1141 3559 1314 3632 permixtae,
1332 3565 1367 3614 ut
1379 3559 1459 3631 quod
1476 3559 1631 3615 rationalis
1645 3565 1676 3616 et
1689 3576 1732 3616 sa·

983 3650 1092 3724 plantis
1113 3649 1175 3704 rita
1193 3666 1253 3704 non
1279 3646 1505 3704 commisceatur
1530 3647 1729 3715 inferioribus,

983 3741 1199 3813 irascibilisque
1219 3738 1360 3794 distincta
1379 3737 1420 3794 eit
1438 3739 1476 3794 ab
1495 3738 1644 3808 extremis,
1665 3757 1732 3794 con·

984 3831 1166 3906 cupiscibilis
1195 3828 1330 3886 seiuncta
1350 3829 1390 3885 sit
1409 3847 1427 3884 a
1446 3829 1654 3901 superioribus.
1675 3829 1733 3886 Sed

984 3929 1055 3980 eunt
1075 3923 1154 3978 inter
1177 3921 1232 3976 has
1250 3918 1447 3987 intermediae
1471 3920 1617 3990 quaedam
1642 3920 1731 3976 vitae.

983 4014 1110 4082 Quidem
1129 4011 1207 4069 enim
1227 4010 1321 4066 vitam
1339 4015 1434 4081 agunt
1453 4009 1629 4065 rationalem
1642 4009 1732 4065 simul

985 4115 1016 4162 et
1033 4102 1221 4170 irascibilem,
1241 4100 1340 4172 cupidi
1360 4099 1503 4156 scientiae
1522 4106 1554 4155 ει
1577 4099 1731 4171 honorum,

984 4195 1036 4250 alii
1054 4191 1234 4249 irascibilem
1253 4197 1283 4246 et
1303 4189 1571 4262 concupiscibilem,
1591 4189 1672 4246 avidi
1684 4191 1733 4246 ho·

985 4303 1091 4342 uorum
1110 4289 1141 4339 ει
1159 4281 1308 4355 pecuniae,
1328 4283 1513 4353 honoresque
1537 4280 1679 4354 ambiunt,
1699 4287 1733 4337 ut

985 4375 1141 4444 ditescant,
1160 4379 1191 4428 et
1209 4390 1280 4444 opes
1299 4371 1490 4444 profundunt,
1509 4377 1544 4427 ut
1563 4371 1667 4427 sintin
1682 4372 1733 4428 ho

985 4480 1056 4519 nore
1076 4461 1155 4534 apud
1174 4460 1264 4526 alios,
1286 4459 1337 4516 alii
1356 4459 1528 4532 disciplinas
1542 4459 1608 4516 ideo
1622 4465 1734 4517 sectan-

985 4559 1043 4624 tur,
1056 4559 1091 4608 ut
1104 4551 1204 4607 callidi
1214 4550 1289 4606 fiant
1298 4549 1336 4606 ad
1348 4549 1502 4622 pecuniam
1514 4551 1731 4621 cumulandam,

984 4639 1036 4695 alii
1054 4639 1181 4694 honores
1196 4636 1344 4704 aflectant,
1363 4641 1398 4690 ut
1411 4653 1429 4690 a
1442 4636 1538 4692 doctis
1550 4633 1688 4692 honorati
1701 4643 1732 4692 et

984 4727 1166 4800 frequentati
1185 4726 1361 4799 sapientiam
1381 4727 1418 4781 ab
1437 4726 1484 4784 his
1503 4731 1731 4799 consequantur.

985 4817 1069 4886 Quae
1088 4833 1199 4889 genera
1218 4821 1288 4872 sunt
1300 4815 1379 4872 vitae
1393 4816 1472 4872 inter
1484 4815 1661 4872 rationalem
1676 4815 1732 4870 ira-

986 5085 1117 5144 habitus.
1137 5085 1199 5144 Nec
1217 5103 1327 5159 graeca
1344 5083 1440 5142 multo
1459 5083 1586 5140 clariora
1605 5087 1684 5138 sunt.

1022 5177 1046 5250 ³)
1066 5177 1136 5234 (lod.
1155 5175 1206 5232 fol.
1227 5176 1279 5230 129
1298 5182 1340 5234 νο.
1354 5176 1443 5227 Καίτοι
1456 5194 1484 5247 γι
1497 5174 1585 5235 δόξειεν
1599 5174 1628 5226 ἂι
1648 5175 1659 5224 ὁ
1681 5177 1732 5224 lic·

987 5273 1087 5340 ιιράτιιι.
