4022 6072
740 575 846 650 Io'ber
877 574 1162 649 Testimoniorum

175 745 287 804 tionem
304 743 359 802 filii
378 763 492 819 eumue,
513 747 597 804 Deus
615 763 682 805 esse
700 745 731 804 in
752 746 845 820 hujus
862 747 921 804 lec-

175 833 266 892 tionis
284 834 466 894 coutinentia
484 835 659 904 declaratur,
679 835 759 892 sicut
776 835 920 909 legimus:

176 944 193 976 c
205 923 391 997 Quicumque
416 923 494 980 euim
521 923 635 998 Spiritu
654 923 711 982 Dei
738 931 870 997 aguntur
889 925 920 998 ¹),

175 1013 207 1069 hi
229 1014 283 1071 tilii
304 1013 361 1071 Dei
384 1020 455 1072 sunt
466 1034 504 1070 ».
525 1015 565 1070 Et
586 1015 617 1072 in
639 1015 795 1088 evangelio
815 1015 851 1072 de
871 1013 921 1072 his

175 1105 272 1162 sancti
290 1104 418 1178 Spiritus
438 1104 595 1178 adoptivis,
615 1105 659 1162 ait
676 1123 775 1164 sermo
787 1105 919 1167 divinus:

174 1213 192 1248 ε
205 1193 295 1250 Dedit
308 1193 359 1264 eis,
372 1193 478 1267 inquit,
490 1199 669 1268 potestutem
687 1194 765 1252 filios
780 1195 837 1252 Dei
855 1195 921 1253 fieri

175 1284 223 1340 hie
236 1284 287 1356 qni
306 1302 367 1341 non
380 1301 417 1340 ex
435 1284 641 1356 sanguinibus,
654 1302 751 1359 neque
771 1303 808 1342 ex
821 1286 921 1342 velun·

175 1379 239 1430 tate
257 1372 364 1444 carnis,
384 1372 438 1429 sed
457 1391 494 1428 ex
513 1374 576 1431 Dec
594 1373 658 1430 nati
676 1374 814 1448 suntet).

210 1463 263 1519 VI.
281 1462 426 1520 Novimus
445 1462 516 1536 quia
536 1463 567 1520 in
582 1465 675 1520 Petro
697 1470 729 1521 et
745 1463 821 1521 Filio
843 1465 921 1522 salu·

174 1551 252 1608 teria
263 1551 405 1626 baptismi
424 1553 501 1610 dona
512 1553 689 1626 consistunt,
708 1553 753 1610 its
765 1561 796 1613 et
815 1554 846 1611 in
858 1553 922 1629 Spi-

174 1643 237 1700 ritu
254 1647 366 1712 sancto,
387 1641 465 1699 sicut
484 1643 523 1700 ad
541 1641 643 1700 litum
660 1643 807 1717 legimus:
835 1644 922 1701 «Sal-

174 1750 231 1791 voe
255 1749 311 1790 noe
335 1731 407 1789 iecit
431 1749 485 1805 per
508 1733 663 1790 lavacrum
687 1734 922 1808 regenerationis

176 1821 305 1894 Spiritus
323 1822 446 1879 sancti»
456 1824 488 1898 ³).

210 1913 276 1969 Vll.
295 1912 336 1968 Et
353 1912 424 1984 quia
442 1931 511 1969 cum
529 1915 620 1972 Patre
640 1919 671 1971 ει
683 1914 760 1972 Filio
779 1916 922 1988 probatur

174 2001 285 2060 donare
306 2017 439 2075 peccata,
460 2003 497 2060 cb
519 2003 688 2062 hostilius
710 2005 748 2062 ad
771 2006 922 2079 apostolos

174 2109 246 2149 suos
266 2091 358 2150 dixit:
377 2092 541 2166 «Accipite
560 2093 704 2166 Spiritum
724 2101 869 2152 sanctum.
883 2095 923 2152 Et

174 2176 300 2254 quorum
312 2182 488 2240 remiseritis
506 2191 637 2257 peccata,
650 2187 846 2242 remittuntur
864 2185 922 2256 eis;

174 2277 206 2329 et
214 2290 340 2346 qnorum
349 2273 542 2347 retinueritis,
555 2280 673 2332 retenta
689 2277 826 2350 eunt»⁴).
835 2276 923 2333 Hunc

176 2380 245 2420 cum
258 2364 349 2421 Patre
368 2364 486 2422 etFilic
504 2377 536 2422 et
553 2373 755 2439 reparatorem
774 2367 922 2425 credimus

175 2458 206 2508 et
218 2459 379 2511 auctorem.
393 2453 450 2510 Hie
463 2453 542 2510 enim
554 2453 605 2525 qui
618 2473 697 2512 nunc
708 2455 922 2529 pronunciatur

173 2547 296 2612 peccate
317 2541 436 2610 donare,
461 2541 525 2600 sine
547 2542 637 2601 dubio
657 2544 721 2618 ipse
743 2544 862 2618 estqui
884 2546 923 2602 ab

173 2627 260 2686 initio
281 2629 431 2688 hominem
456 2632 520 2690 eine
541 2639 664 2705 peccato
688 2633 802 2707 legitur
826 2634 923 2691 eondi-

176 2719 265 2778 disse.

209 2811 267 2869 Hic
277 2829 349 2886 ergo
362 2812 491 2886 Spiritus
502 2819 625 2872 sanctus
639 2814 683 2873 ita
694 2815 785 2874 unius
796 2822 844 2874 εει
856 2835 924 2875 cum

173 2903 264 2960 Patre
283 2903 441 2977 potentiae,
460 2911 496 2961 ut
510 2903 543 2961 in
556 2905 623 2978 ejirs
642 2905 863 2980 comperatione
881 2906 924 2964 nil

174 2995 303 3069 amplius
322 3001 466 3069 pateruae
484 2997 580 3070 possit
599 2999 716 3070 escubi,
733 3001 784 3058 vel
800 2999 922 3072 gloriae,

174 3085 224 3142 vel
243 3091 379 3146 naturae.

210 3174 293 3232 VIII.
314 3177 518 3249 luterropctr'o.
531 3177 659 3247 -Quid
677 3178 924 3252 respondebimus

175 3265 219 3322 eis
245 3265 296 3338 qui
322 3266 424 3324 dicunt
449 3285 508 3325 uon
526 3269 661 3327 eamdem
686 3269 755 3328 Filii
774 3275 806 3327 et
823 3269 924 3328 Petris

175 3371 243 3411 esse
263 3355 485 3414 substantiam?

211 3445 383 3516 Responsio.
403 3445 598 3518 -Primum,
624 3446 695 3521 quid
714 3448 755 3505 eit
780 3447 837 3505 Dei
856 3447 924 3506 sub·

175 3533 298 3604 stantia,
316 3540 463 3606 quantum
475 3535 540 3610 ipse
559 3536 608 3592 vel
627 3537 761 3609 cogitari,
780 3538 830 3594 vel
843 3536 925 3609 loqui

175 3625 212 3680 da
232 3641 264 3680 se
283 3624 396 3696 tribuit,
415 3624 609 3696 inquiramus.
629 3627 668 3683 Et
685 3626 758 3699 quid
777 3626 859 3685 aliud
877 3632 925 3684 est

175 3713 234 3770 nisi
247 3714 407 3772 invisibilis
421 3715 551 3787 claritas,
561 3716 868 3789 incomprehensibilis
878 3719 924 3776 bo·

176 3803 266 3874 nitas,
285 3803 480 3861 immutabitis
499 3803 620 3876 veritas,
638 3812 763 3878 atquae
782 3807 831 3865 vel
850 3809 923 3878 loca,

175 3894 225 3950 vel
254 3899 388 3968 tempore
414 3893 547 3965 excedat,
574 3895 769 3969 immensitas,
793 3897 923 3972 justitia,

146 4009 149 4016 ·
175 3981 246 4053 vita,
266 3983 451 4056 sapientiae?

211 4072 295 4140 Quae
313 4074 413 4131 omnia
431 4073 462 4132 in
481 4073 600 4133 Christo
619 4093 686 4134 esea
707 4076 844 4148 gentium
863 4094 923 4134 ma·

175 4163 274 4236 gister
299 4163 429 4238 exponit,
456 4164 489 4221 in
510 4165 606 4239 prime
631 4165 670 4224 ad
689 4165 857 4224 Corinthios
882 4165 924 4223 di-

175 4270 262 4312 cons:
282 4273 298 4306 c
317 4255 364 4309 Ex
381 4253 445 4327 ipsc
465 4258 566 4312 antem
584 4272 639 4312 voe
659 4254 733 4312 estis
754 4255 784 4310 in
804 4253 924 4314 Christo

175 4341 261 4414 Jeeu,
281 4342 333 4415 qui
350 4341 450 4400 iaetus
472 4348 520 4400 eet
537 4343 623 4400 nobis
649 4362 668 4399 e
686 4343 749 4401 Deo
769 4343 923 4418 sapientia,

176 4438 209 4490 et
223 4431 347 4505 justitia
364 4440 397 4490 et
415 4433 612 4491 sanctificatio
630 4440 662 4492 ει
682 4434 846 4508 redemptio
858 4457 876 4493 e
889 4439 923 4511 ⁵).

174 4523 269 4581 Nobis
288 4522 393 4596 utique
411 4524 512 4582 factus
530 4524 656 4597 eet,·qui
674 4524 733 4582 sibi
751 4531 823 4582 erat

211 4613 252 4669 ut
264 4611 387 4672 iterum:
407 4632 424 4667 ε
436 4614 498 4671 Νοε
511 4619 613 4671 autem
625 4614 830 4688 praedicamus
842 4616 923 4674 Chri·

175 4707 266 4773 mum,
286 4701 342 4760 Dei
361 4702 506 4760 virtutem
524 4710 556 4761 et
573 4703 629 4762 Dei
648 4703 826 4777 sapientiam
837 4724 855 4760 e
868 4707 899 4781 ὓ).

214 4935 392 5010 mmm

211 5026 403 5099 Qhust

213 5115 419 5192 Qffimb

210 5205 434 5278 thffi

213 5295 452 5369 ffifflmffl

212 5387 392 5460 ἪΜΆ

201 5573 202 5576 ,
318 5514 415 5570 Aura
433 5527 460 5585 v,
481 5511 531 5570 iol.
550 5519 594 5570 ν.

1671 582 1724 640 158

1010 745 1050 802 ut
1068 746 1132 820 ipse
1153 745 1191 804 de
1210 763 1242 806 se
1259 746 1406 804 Dominus
1428 745 1513 806 dicit:
1531 767 1550 802 e
1567 746 1633 820 Ego
1652 765 1721 806 sum

974 834 1032 907 via,
1051 835 1165 893 veritas
1183 841 1215 893 et
1233 836 1364 912 vita»⁷)‚

1011 925 1162 999 Quidquid
1189 943 1262 998 ergo
1290 927 1382 984 Peter
1409 926 1509 996 hebet,
1539 925 1604 984 siue
1635 925 1721 984 initio

975 1017 1181 1093 sempiternus,
1209 1017 1273 1075 sine
1298 1017 1469 1089 quantitate
1494 1037 1632 1092 magnus,
1657 1020 1723 1078 sine

975 1106 1250 1182 circumscriptione
1268 1106 1408 1180 diffusus,
1427 1108 1492 1166 eine
1514 1109 1721 1167 aestimatione

975 1197 1134 1268 perfectus,
1161 1197 1265 1270 quiin
1290 1197 1502 1271 principalibus
1527 1199 1613 1256 bonis
1641 1199 1722 1272 suis,

974 1286 1032 1341 hoc
1042 1291 1096 1355 εει,
1106 1286 1171 1358 ipse
1181 1285 1260 1358 quod
1272 1285 1420 1360 possidet:
1433 1292 1530 1343 totum
1542 1287 1599 1343 hoc
1610 1287 1721 1346 hebere

975 1381 1065 1446 atque
1084 1391 1150 1434 esee
1169 1374 1277 1431 Filium
1296 1375 1385 1433 unius
1404 1375 1567 1433 testimonii
1588 1393 1722 1450 compen·

976 1464 1025 1520 dio
1038 1465 1239 1536 perdocemur,
1257 1465 1322 1540 ipso
1342 1466 1472 1528 dicente:
1490 1467 1625 1525 «Omnia
1643 1484 1721 1542 quae

974 1554 1066 1612 Pater
1082 1555 1182 1626 habet,
1202 1572 1268 1613 mea
1286 1557 1426 1631 sunt»⁸).

1011 1643 1088 1711 Quia
1113 1661 1185 1716 ergo
1210 1644 1290 1702 sicut
1307 1645 1337 1701 in
1363 1647 1461 1718 Patre,
1480 1645 1525 1703 ita
1545 1650 1577 1703 et
1594 1645 1625 1702 in
1643 1646 1721 1703 Filio

975 1732 1051 1790 nihil
1070 1739 1118 1791 eet
1135 1736 1294 1808 corporale,
1312 1736 1478 1806 materiale,
1498 1753 1672 1808 corporeum
1682 1737 1723 1807 ⁹);

975 1822 1056 1894 qnod
1074 1822 1106 1879 in
1124 1823 1169 1880 eis
1187 1842 1248 1881 una
1265 1825 1408 1898 potentia,
1428 1827 1486 1883 hoc
1504 1825 1603 1898 ipsum
1628 1825 1661 1882 in
1679 1824 1723 1882 eie

976 1917 1023 1968 est
1040 1930 1108 1982 una,
1134 1912 1296 1985 eademque
1318 1914 1495 1985 substantia,
1520 1931 1598 1986 quae
1619 1913 1723 1986 utique

975 2001 1007 2058 in
1020 2000 1183 2059 virtutibus
1199 2009 1231 2059 et
1248 2002 1280 2058 in
1299 2002 1437 2075 operibus
1453 2003 1629 2074 continetur,
1645 2002 1724 2060 sicut

975 2089 1040 2162 ipse
1049 2089 1196 2148 Dominus
1209 2092 1318 2148 Noster
1328 2093 1349 2150 J
1350 2110 1421 2150 eene
1432 2092 1581 2164 Christus,
1593 2092 1624 2148 in
1638 2110 1724 2149 evau-

975 2177 1087 2252 gelieta
1105 2179 1244 2238 Johanne
1258 2181 1445 2239 divinitatem
1456 2200 1543 2239 suam
1559 2181 1668 2238 asserit
1682 2180 1723 2236 di-

977 2285 1063 2326 cens:
1085 2291 1103 2324 r
1122 2270 1152 2328 si
1174 2270 1248 2328 mihi
1273 2288 1332 2328 non
1355 2271 1484 2344 creditis,
1502 2271 1646 2345 ‘operibus
1666 2288 1725 2328 cre-

977 2359 1038 2418 dite
1050 2381 1067 2415 e
1080 2361 1123 2435 ¹⁰).
1142 2361 1182 2416 Et
1199 2360 1230 2418 in
1250 2362 1309 2418 alic
1327 2363 1486 2436 Evangelii
1498 2365 1581 2420 loco:
1601 2363 1725 2437 «Opera

976 2466 1053 2521 quae
1077 2468 1133 2524 ego
1151 2450 1227 2508 facio
1251 2452 1282 2508 in
1300 2451 1417 2510 nomine
1436 2453 1535 2510 Patris
1558 2453 1625 2525 mei,
1647 2453 1723 2510 haec

977 2539 1182 2596 testimonium
1200 2540 1359 2612 perhibent
1378 2541 1414 2598 de
1432 2559 1525 2599 me».

1012 2629 1091 2696 Quid
1109 2629 1190 2687 aliud
1214 2635 1277 2688 tam
1298 2631 1450 2705 proprium
1469 2631 1624 2704 singulari,
1649 2630 1724 2688 divi·

977 2735 1094 2792 naeque
1113 2721 1307 2793 substantiae,
1325 2740 1422 2794 quem,
1443 2722 1512 2795 jure
1534 2721 1722 2793 dominantis,

978 2817 1066 2868 vasta
1078 2811 1207 2870 solidare
1225 2819 1380 2885 terrarum,
1394 2812 1559 2872 diffundere
1577 2813 1724 2888 profunda

976 2902 1147 2975 t'mctuum,
1175 2903 1298 2961 tendere
1326 2905 1446 2962 excelsa
1473 2903 1650 2961 coelorum?
1678 2905 1722 2960 De

977 2990 1054 3048 Filio
1073 2991 1152 3049 euim
1170 2991 1226 3048 Dei
1245 2991 1389 3065 legimus:
1409 2992 1542 3050 «Omnia
1554 3010 1607 3064 per
1624 2992 1723 3065 ipsum

976 3082 1155 3155 factasunt,
1176 3088 1208 3140 et
1229 3082 1293 3140 sina
1313 3083 1380 3156 ipsc
1399 3082 1511 3140 factum
1533 3088 1580 3141 est
1602 3083 1676 3140 nihil
1688 3103 1722 3141 ».

977 3175 1017 3230 Et
1025 3173 1135 3230 iterum
1143 3173 1209 3247 ipse
1221 3173 1354 3246 loquitur
1366 3192 1419 3247 per
1431 3173 1619 3248 prophetam:
1632 3195 1650 3228 r
1659 3175 1724 3247 Ego

978 3260 1098 3318 extendi
1112 3262 1234 3334 coelum,
1255 3267 1286 3318 et
1304 3262 1407 3320 nullus
1424 3280 1549 3328 mecum,
1559 3263 1670 3334 nullus,
1682 3261 1724 3319 in·

976 3349 1050 3421 quit,
1075 3349 1152 3406 alius
1178 3355 1209 3407 et
1232 3367 1289 3422 ego
1314 3351 1397 3408 solus
1410 3370 1428 3406 e
1442 3351 1488 3426 ¹¹).
1507 3350 1667 3410 Paternum
1686 3351 1722 3407 ab

977 3440 1033 3497 hac
1058 3439 1229 3512 operatione
1253 3459 1314 3498 nou
1338 3440 1449 3513 excipit
1472 3440 1722 3507 communionem,

978 3530 1031 3588 sed
1041 3531 1112 3588 dum
1121 3530 1194 3588 dicit
1206 3551 1223 3586 ε
1235 3530 1323 3588 Solus
1335 3551 1361 3602 r,
1372 3531 1463 3589 nnius
1474 3531 1505 3588 in
1517 3539 1644 3604 utraque
1658 3532 1725 3588 sub·

978 3622 1107 3678 stantiae
1126 3621 1257 3694 loquitur
1275 3621 1473 3695 majestatem.
1490 3623 1536 3679 De
1554 3621 1632 3680 Filio
1644 3619 1724 3677 enim

976 3712 1157 3787 percipimus
1183 3713 1222 3770 ad
1244 3714 1416 3774 Hebraeos:
1441 3733 1459 3768 ε
1481 3714 1539 3782 Qui
1558 3721 1606 3770 est
1623 3711 1723 3784 imago

977 3801 1034 3860 Dei
1051 3801 1242 3860 indivisibilis
1255 3801 1345 3876 etqui
1355 3808 1403 3860 est
1416 3801 1555 3876 splendor
1565 3799 1679 3874 gloriae
1692 3805 1724 3855 et

978 3893 1078 3968 ligura
1090 3910 1234 3966 expressa
1244 3893 1431 3952 substantiae
1444 3892 1535 3966 ejus»
1543 3890 1587 3964 ¹¹).
1596 3889 1724 3948 Eviden-

977 3984 1094 4042 tissime
1114 3982 1255 4042 divinitus
1274 3982 1329 4040 filii
1347 3981 1517 4040 substantia
1534 3997 1603 4040 esee
1621 3977 1723 4038 Patris

977 4072 1159 4146 agnoscitur.

1012 4173 1066 4230 IX.
1090 4175 1297 4247 Interropute'c.
1316 4203 1352 4217 -
1376 4172 1455 4242 Quid
1477 4170 1724 4246 respondebimus

977 4263 1025 4320 his
1032 4263 1091 4336 qui,
1100 4263 1382 4338 praetermissaluoe
1390 4281 1541 4335 sensuum,
1549 4262 1723 4319 tenebrosae

977 4359 1147 4429 proponunt
1160 4353 1325 4430 calumnias
1344 4352 1546 4427 syllabarum?
1564 4352 1641 4409 Nam
1657 4369 1724 4408 cum

978 4445 1014 4502 de
1026 4443 1153 4501 Domino
1166 4443 1187 4500 J
1187 4461 1242 4501 esu
1252 4442 1371 4501 Obristo
1379 4443 1523 4515 legimus:
1534 4441 1663 4500 «Omnia
1670 4458 1724 4514 per

977 4536 1076 4609 ipsum
1093 4535 1175 4593 facta
1193 4540 1266 4592 sunt
1277 4555 1314 4607 e,
1338 4539 1491 4608 tamqnam
1510 4533 1537 4590 ei
1560 4549 1613 4607 per
1630 4530 1725 4603 majo·

976 4642 1040 4681 rem
1059 4625 1165 4682 domus
1185 4641 1257 4681 suae
1278 4623 1400 4697 proedia
1419 4640 1474 4680 sua
1492 4626 1576 4694 pater
1594 4618 1724 4676 familias

977 4716 1101 4787 excolat,
1128 4721 1160 4773 ει
1184 4715 1320 4775 diversae
1345 4712 1547 4772 aedificiorum
1571 4709 1724 4770 machinas

994 4943 1232 5023 mess

1012 5033 1249 5105 Qhwmb

1012 5120 1195 5194 Qde

1002 5207 1213 5282 Quum

999 5299 1215 5376 Qhuffi

1003 5389 1191 5465 thd
