<?xml version="1.0" encoding="UTF-8"?>
<!DOCTYPE html PUBLIC "-//W3C//DTD XHTML 1.0 Transitional//EN"
    "http://www.w3.org/TR/xhtml1/DTD/xhtml1-transitional.dtd">
<html xmlns="http://www.w3.org/1999/xhtml" xml:lang="en" lang="en">
 <head>
  <title>
</title>
<meta http-equiv="Content-Type" content="text/html;charset=utf-8" />
  <meta name='ocr-system' content='tesseract 3.04.00' />
  <meta name='ocr-capabilities' content='ocr_page ocr_carea ocr_par ocr_line ocrx_word'/>
</head>
<body>
  <div class='ocr_page' id='page_1' title='image "./analectasacrasp02pitrgoog_0351.png"; bbox 0 0 3978 6070; ppageno 0'>
   <div class='ocr_carea' id='block_1_1' title="bbox 268 508 1468 612">
    <p class='ocr_par' dir='ltr' id='par_1_1' title="bbox 268 508 1468 612">
     <span class='ocr_line' id='line_1_1' title="bbox 268 508 1468 612; baseline 0.022 -39"><span class='ocrx_word' id='word_1_1' title='bbox 268 517 305 573; x_wconf 80' lang='lat'>92</span> <span class='ocrx_word' id='word_1_2' title='bbox 611 508 744 585; x_wconf 80' lang='grc' dir='ltr'>Ααῖοιο</span> <span class='ocrx_word' id='word_1_3' title='bbox 761 513 851 586; x_wconf 77' lang='lat' dir='ltr'><strong>inter</strong></span> <span class='ocrx_word' id='word_1_4' title='bbox 866 513 972 607; x_wconf 77' lang='lat' dir='ltr'><em>ploro</em></span> <span class='ocrx_word' id='word_1_5' title='bbox 990 517 1092 591; x_wconf 82' lang='lat' dir='ltr'><strong>semei</strong></span> <span class='ocrx_word' id='word_1_6' title='bbox 1108 519 1201 612; x_wconf 70' lang='lat' dir='ltr'>olioit</span> <span class='ocrx_word' id='word_1_7' title='bbox 1219 543 1318 595; x_wconf 80' lang='lat' dir='ltr'><em>soom</em></span> <span class='ocrx_word' id='word_1_8' title='bbox 1336 529 1468 599; x_wconf 78' lang='lat' dir='ltr'>sortem.</span> 
     </span>
    </p>
   </div>
   <div class='ocr_carea' id='block_1_2' title="bbox 215 688 1907 1880">
    <p class='ocr_par' dir='ltr' id='par_1_2' title="bbox 215 688 1907 1880">
     <span class='ocr_line' id='line_1_2' title="bbox 266 688 1816 796; baseline 0.006 -42"><span class='ocrx_word' id='word_1_9' title='bbox 266 688 483 780; x_wconf 86' lang='grc' dir='ltr'>προτείνονται</span> <span class='ocrx_word' id='word_1_10' title='bbox 508 689 569 772; x_wconf 88' lang='grc' dir='ltr'>βίοι</span> <span class='ocrx_word' id='word_1_11' title='bbox 592 699 686 777; x_wconf 85' lang='grc' dir='ltr'><strong>τρεῖς,</strong></span> <span class='ocrx_word' id='word_1_12' title='bbox 704 689 874 772; x_wconf 81' lang='grc' dir='ltr'>βασιλικὸς,</span> <span class='ocrx_word' id='word_1_13' title='bbox 891 689 1046 779; x_wconf 78' lang='grc' dir='ltr'>ἐρωτικὸς,</span> <span class='ocrx_word' id='word_1_14' title='bbox 1063 694 1240 780; x_wconf 76' lang='grc' dir='ltr'>πολεμικός,</span> <span class='ocrx_word' id='word_1_15' title='bbox 1258 697 1359 788; x_wconf 86' lang='grc' dir='ltr'>ὥσπερ</span> <span class='ocrx_word' id='word_1_16' title='bbox 1378 707 1423 783; x_wconf 84' lang='grc' dir='ltr'>τῷ</span> <span class='ocrx_word' id='word_1_17' title='bbox 1449 693 1646 792; x_wconf 82' lang='grc' dir='ltr'>Ἀλεξάνδρῳ</span> <span class='ocrx_word' id='word_1_18' title='bbox 1670 706 1761 796; x_wconf 76' lang='grc' dir='ltr'>φασὶν</span> <span class='ocrx_word' id='word_1_19' title='bbox 1787 712 1816 771; x_wconf 77' lang='grc' dir='ltr'>οἱ</span> 
     </span>
     <span class='ocr_line' id='line_1_3' title="bbox 268 791 1814 902; baseline 0.006 -40"><span class='ocrx_word' id='word_1_20' title='bbox 268 798 368 886; x_wconf 78' lang='grc' dir='ltr'>μῦθοι,</span> <span class='ocrx_word' id='word_1_21' title='bbox 392 795 451 870; x_wconf 88' lang='grc' dir='ltr'>τὴν</span> <span class='ocrx_word' id='word_1_22' title='bbox 478 797 532 885; x_wconf 83' lang='grc' dir='ltr'>μὲν</span> <span class='ocrx_word' id='word_1_23' title='bbox 548 808 709 886; x_wconf 87' lang='grc' dir='ltr'>προτεῖναι</span> <span class='ocrx_word' id='word_1_24' title='bbox 725 797 778 862; x_wconf 76' lang='grc' dir='ltr'>τὴν</span> <span class='ocrx_word' id='word_1_25' title='bbox 799 800 959 882; x_wconf 77' lang='grc' dir='ltr'>βασιλικὴν</span> <span class='ocrx_word' id='word_1_26' title='bbox 976 798 1035 870; x_wconf 88' lang='grc' dir='ltr'>τὴν</span> <span class='ocrx_word' id='word_1_27' title='bbox 1052 791 1163 890; x_wconf 80' lang='grc' dir='ltr'>Ἥραν,</span> <span class='ocrx_word' id='word_1_28' title='bbox 1180 802 1239 874; x_wconf 83' lang='grc' dir='ltr'>τὴν</span> <span class='ocrx_word' id='word_1_29' title='bbox 1257 795 1291 870; x_wconf 86' lang='grc' dir='ltr'>δὲ</span> <span class='ocrx_word' id='word_1_30' title='bbox 1307 805 1360 869; x_wconf 83' lang='grc' dir='ltr'>τὸν</span> <span class='ocrx_word' id='word_1_31' title='bbox 1378 809 1524 897; x_wconf 78' lang='grc' dir='ltr'>ἐρωτικὴν</span> <span class='ocrx_word' id='word_1_32' title='bbox 1541 809 1600 883; x_wconf 88' lang='grc' dir='ltr'>τὴν</span> <span class='ocrx_word' id='word_1_33' title='bbox 1617 805 1814 902; x_wconf 75' lang='grc' dir='ltr'>Ἀφροδίτην,</span> 
     </span>
     <span class='ocr_line' id='line_1_4' title="bbox 265 897 1815 1006; baseline 0.001 -35"><span class='ocrx_word' id='word_1_34' title='bbox 265 906 326 978; x_wconf 90' lang='grc' dir='ltr'>τὴν</span> <span class='ocrx_word' id='word_1_35' title='bbox 352 898 385 972; x_wconf 87' lang='grc' dir='ltr'>δὲ</span> <span class='ocrx_word' id='word_1_36' title='bbox 407 908 463 971; x_wconf 75' lang='grc' dir='ltr'>τὀν</span> <span class='ocrx_word' id='word_1_37' title='bbox 488 897 625 998; x_wconf 87' lang='grc' dir='ltr'>ἀνδρεῖον</span> <span class='ocrx_word' id='word_1_38' title='bbox 649 906 702 970; x_wconf 85' lang='grc' dir='ltr'>καὶ</span> <span class='ocrx_word' id='word_1_39' title='bbox 718 908 888 996; x_wconf 82' lang='grc' dir='ltr'>πολεμικὸν</span> <span class='ocrx_word' id='word_1_40' title='bbox 906 906 965 978; x_wconf 90' lang='grc' dir='ltr'>τὴν</span> <span class='ocrx_word' id='word_1_41' title='bbox 984 906 1129 981; x_wconf 70' lang='grc' dir='ltr'>Ἀθηνᾶν·</span> <span class='ocrx_word' id='word_1_42' title='bbox 1145 911 1317 999; x_wconf 80' lang='grc' dir='ltr'>προκείσθω</span> <span class='ocrx_word' id='word_1_43' title='bbox 1335 905 1368 980; x_wconf 86' lang='grc' dir='ltr'>δὲ</span> <span class='ocrx_word' id='word_1_44' title='bbox 1383 915 1506 1002; x_wconf 78' lang='grc' dir='ltr'>ἑκάστῳ</span> <span class='ocrx_word' id='word_1_45' title='bbox 1523 919 1576 983; x_wconf 80' lang='grc' dir='ltr'>καί</span> <span class='ocrx_word' id='word_1_46' title='bbox 1593 916 1643 984; x_wconf 85' lang='grc' dir='ltr'>οἷα</span> <span class='ocrx_word' id='word_1_47' title='bbox 1661 913 1697 992; x_wconf 89' lang='grc' dir='ltr'>δὴ</span> <span class='ocrx_word' id='word_1_48' title='bbox 1725 925 1815 1006; x_wconf 59' lang='grc' dir='ltr'>βασι.</span> 
     </span>
     <span class='ocr_line' id='line_1_5' title="bbox 266 1012 1812 1118; baseline 0.009 -38"><span class='ocrx_word' id='word_1_49' title='bbox 266 1015 390 1081; x_wconf 88' lang='grc' dir='ltr'>λεύοντι</span> <span class='ocrx_word' id='word_1_50' title='bbox 423 1015 441 1088; x_wconf 90' lang='lat'>6</span> <span class='ocrx_word' id='word_1_51' title='bbox 474 1017 612 1105; x_wconf 77' lang='grc' dir='ltr'>ἐρωτικῷ</span> <span class='ocrx_word' id='word_1_52' title='bbox 637 1015 704 1080; x_wconf 88' lang='grc' dir='ltr'>όντι</span> <span class='ocrx_word' id='word_1_53' title='bbox 729 1012 748 1083; x_wconf 84' lang='lat'>6</span> <span class='ocrx_word' id='word_1_54' title='bbox 773 1019 933 1105; x_wconf 79' lang='grc' dir='ltr'>πολεμικῷ</span> <span class='ocrx_word' id='word_1_55' title='bbox 957 1017 1125 1108; x_wconf 77' lang='grc' dir='ltr'>γινομένῳ,</span> <span class='ocrx_word' id='word_1_56' title='bbox 1148 1020 1234 1110; x_wconf 88' lang='grc' dir='ltr'>παρά</span> <span class='ocrx_word' id='word_1_57' title='bbox 1257 1033 1311 1086; x_wconf 87' lang='grc' dir='ltr'>τοῦ</span> <span class='ocrx_word' id='word_1_58' title='bbox 1336 1026 1453 1101; x_wconf 78' lang='grc' dir='ltr'>παντὸς</span> <span class='ocrx_word' id='word_1_59' title='bbox 1477 1021 1611 1118; x_wconf 81' lang='grc' dir='ltr'>ὑπάρξαι</span> <span class='ocrx_word' id='word_1_60' title='bbox 1634 1034 1769 1095; x_wconf 77' lang='grc' dir='ltr'>πλοῦτον</span> <span class='ocrx_word' id='word_1_61' title='bbox 1792 1032 1812 1104; x_wconf 86' lang='lat'>6</span> 
     </span>
     <span class='ocr_line' id='line_1_6' title="bbox 227 1123 1816 1219; baseline 0 -28"><span class='ocrx_word' id='word_1_62' title='bbox 227 1140 240 1176; x_wconf 81' lang='lat'><strong>⁵</strong></span> <span class='ocrx_word' id='word_1_63' title='bbox 266 1127 387 1208; x_wconf 89' lang='grc' dir='ltr'>πενίαν,</span> <span class='ocrx_word' id='word_1_64' title='bbox 412 1126 500 1189; x_wconf 91' lang='grc' dir='ltr'>νόσον</span> <span class='ocrx_word' id='word_1_65' title='bbox 526 1123 544 1197; x_wconf 90' lang='grc' dir='ltr'>ὴ</span> <span class='ocrx_word' id='word_1_66' title='bbox 570 1126 689 1214; x_wconf 79' lang='grc' dir='ltr'>ὑγείαν,</span> <span class='ocrx_word' id='word_1_67' title='bbox 712 1124 907 1214; x_wconf 80' lang='grc' dir='ltr'>περιστάσεις</span> <span class='ocrx_word' id='word_1_68' title='bbox 931 1125 949 1198; x_wconf 88' lang='lat'>6</span> <span class='ocrx_word' id='word_1_69' title='bbox 976 1128 1184 1215; x_wconf 82' lang='grc' dir='ltr'>ἀπερίστατον</span> <span class='ocrx_word' id='word_1_70' title='bbox 1208 1129 1322 1219; x_wconf 81' lang='grc' dir='ltr'>τύχην,</span> <span class='ocrx_word' id='word_1_71' title='bbox 1346 1132 1400 1197; x_wconf 84' lang='grc' dir='ltr'>καὶ</span> <span class='ocrx_word' id='word_1_72' title='bbox 1424 1135 1541 1200; x_wconf 82' lang='grc' dir='ltr'>ἕκαστα</span> <span class='ocrx_word' id='word_1_73' title='bbox 1562 1147 1624 1200; x_wconf 79' lang='grc' dir='ltr'>τῶν</span> <span class='ocrx_word' id='word_1_74' title='bbox 1648 1142 1774 1203; x_wconf 71' lang='grc' dir='ltr'>λοιπῶν·</span> <span class='ocrx_word' id='word_1_75' title='bbox 1799 1145 1816 1204; x_wconf 72' lang='grc' dir='ltr'><strong>ὁ</strong></span> 
     </span>
     <span class='ocr_line' id='line_1_7' title="bbox 269 1231 1815 1338; baseline 0.01 -40"><span class='ocrx_word' id='word_1_76' title='bbox 269 1233 323 1322; x_wconf 85' lang='grc' dir='ltr'>μὲν</span> <span class='ocrx_word' id='word_1_77' title='bbox 346 1235 451 1298; x_wconf 86' lang='grc' dir='ltr'>τοίνυν</span> <span class='ocrx_word' id='word_1_78' title='bbox 469 1231 597 1324; x_wconf 79' lang='grc' dir='ltr'>ἀριθμὸς</span> <span class='ocrx_word' id='word_1_79' title='bbox 614 1242 678 1297; x_wconf 90' lang='grc' dir='ltr'>τῶν</span> <span class='ocrx_word' id='word_1_80' title='bbox 694 1242 787 1324; x_wconf 85' lang='grc' dir='ltr'>τριῶν</span> <span class='ocrx_word' id='word_1_81' title='bbox 807 1235 880 1318; x_wconf 86' lang='grc' dir='ltr'>βίων</span> <span class='ocrx_word' id='word_1_82' title='bbox 897 1233 1011 1323; x_wconf 82' lang='grc' dir='ltr'>κλῆρός</span> <span class='ocrx_word' id='word_1_83' title='bbox 1029 1239 1112 1300; x_wconf 86' lang='grc' dir='ltr'>ἐστιν</span> <span class='ocrx_word' id='word_1_84' title='bbox 1131 1240 1208 1326; x_wconf 83' lang='grc' dir='ltr'>ὁμοῦ</span> <span class='ocrx_word' id='word_1_85' title='bbox 1224 1238 1351 1304; x_wconf 88' lang='grc' dir='ltr'>πάντων</span> <span class='ocrx_word' id='word_1_86' title='bbox 1371 1237 1422 1318; x_wconf 86' lang='grc' dir='ltr'>εἷς,</span> <span class='ocrx_word' id='word_1_87' title='bbox 1441 1241 1494 1307; x_wconf 86' lang='grc' dir='ltr'>καί</span> <span class='ocrx_word' id='word_1_88' title='bbox 1509 1249 1536 1308; x_wconf 88' lang='grc' dir='ltr'>εἰ</span> <span class='ocrx_word' id='word_1_89' title='bbox 1552 1246 1700 1338; x_wconf 83' lang='grc' dir='ltr'>τέτταρες</span> <span class='ocrx_word' id='word_1_90' title='bbox 1724 1244 1815 1332; x_wconf 76' lang='grc' dir='ltr'>ἦσαν,</span> 
     </span>
     <span class='ocr_line' id='line_1_8' title="bbox 267 1333 1813 1446; baseline 0.005 -38"><span class='ocrx_word' id='word_1_91' title='bbox 267 1341 321 1408; x_wconf 85' lang='grc' dir='ltr'>καὶ</span> <span class='ocrx_word' id='word_1_92' title='bbox 344 1341 364 1414; x_wconf 88' lang='lat'>6</span> <span class='ocrx_word' id='word_1_93' title='bbox 390 1343 514 1417; x_wconf 88' lang='grc' dir='ltr'>πλείους</span> <span class='ocrx_word' id='word_1_94' title='bbox 538 1340 700 1418; x_wconf 86' lang='grc' dir='ltr'>ὡσαύτως·</span> <span class='ocrx_word' id='word_1_95' title='bbox 724 1343 856 1406; x_wconf 88' lang='grc' dir='ltr'>ἕκαστον</span> <span class='ocrx_word' id='word_1_96' title='bbox 882 1333 915 1408; x_wconf 89' lang='grc' dir='ltr'>δὲ</span> <span class='ocrx_word' id='word_1_97' title='bbox 939 1335 1018 1420; x_wconf 82' lang='grc' dir='ltr'>εἶδος</span> <span class='ocrx_word' id='word_1_98' title='bbox 1042 1339 1141 1425; x_wconf 79' lang='grc' dir='ltr'>ζωῆς,</span> <span class='ocrx_word' id='word_1_99' title='bbox 1169 1347 1233 1430; x_wconf 83' lang='grc' dir='ltr'>βίος</span> <span class='ocrx_word' id='word_1_100' title='bbox 1257 1345 1290 1412; x_wconf 79' lang='grc' dir='ltr'>ὃν</span> <span class='ocrx_word' id='word_1_101' title='bbox 1314 1351 1466 1440; x_wconf 84' lang='grc' dir='ltr'>ἑλομένην</span> <span class='ocrx_word' id='word_1_102' title='bbox 1490 1343 1554 1417; x_wconf 86' lang='grc' dir='ltr'>ἔδει</span> <span class='ocrx_word' id='word_1_103' title='bbox 1577 1354 1637 1426; x_wconf 91' lang='grc' dir='ltr'>τὴν</span> <span class='ocrx_word' id='word_1_104' title='bbox 1668 1354 1813 1446; x_wconf 77' lang='grc' dir='ltr'>ψυχὴνῆ</span> 
     </span>
     <span class='ocr_line' id='line_1_9' title="bbox 269 1449 1816 1556; baseline 0.006 -40"><span class='ocrx_word' id='word_1_105' title='bbox 269 1450 435 1536; x_wconf 83' lang='grc' dir='ltr'>βασιλικήν</span> <span class='ocrx_word' id='word_1_106' title='bbox 460 1449 479 1523; x_wconf 89' lang='lat'>6</span> <span class='ocrx_word' id='word_1_107' title='bbox 506 1449 657 1539; x_wconf 86' lang='grc' dir='ltr'>ἐρωτικὴν</span> <span class='ocrx_word' id='word_1_108' title='bbox 681 1450 700 1523; x_wconf 90' lang='lat'>6</span> <span class='ocrx_word' id='word_1_109' title='bbox 726 1451 901 1541; x_wconf 86' lang='grc' dir='ltr'>πολεμικὴν</span> <span class='ocrx_word' id='word_1_110' title='bbox 932 1451 1092 1544; x_wconf 78' lang='grc' dir='ltr'>γενέσθαι·</span> <span class='ocrx_word' id='word_1_111' title='bbox 1116 1453 1170 1516; x_wconf 85' lang='grc' dir='ltr'>καὶ</span> <span class='ocrx_word' id='word_1_112' title='bbox 1194 1455 1228 1517; x_wconf 87' lang='grc' dir='ltr'>ἐκ</span> <span class='ocrx_word' id='word_1_113' title='bbox 1252 1453 1372 1520; x_wconf 88' lang='grc' dir='ltr'>τούτων</span> <span class='ocrx_word' id='word_1_114' title='bbox 1396 1461 1415 1531; x_wconf 91' lang='lat'>6</span> <span class='ocrx_word' id='word_1_115' title='bbox 1442 1458 1572 1549; x_wconf 86' lang='grc' dir='ltr'>αίρέσις,</span> <span class='ocrx_word' id='word_1_116' title='bbox 1597 1455 1638 1525; x_wconf 84' lang='grc' dir='ltr'>ὧν</span> <span class='ocrx_word' id='word_1_117' title='bbox 1663 1467 1679 1526; x_wconf 93' lang='grc' dir='ltr'>ὁ</span> <span class='ocrx_word' id='word_1_118' title='bbox 1702 1467 1816 1556; x_wconf 80' lang='grc' dir='ltr'>κλῆρος</span> 
     </span>
     <span class='ocr_line' id='line_1_10' title="bbox 267 1559 1907 1664; baseline 0.009 -40"><span class='ocrx_word' id='word_1_119' title='bbox 267 1561 458 1650; x_wconf 89' lang='grc' dir='ltr'>περιείχειεν,</span> <span class='ocrx_word' id='word_1_120' title='bbox 483 1562 556 1623; x_wconf 83' lang='grc' dir='ltr'>ἀλλ’</span> <span class='ocrx_word' id='word_1_121' title='bbox 581 1561 636 1624; x_wconf 92' lang='grc' dir='ltr'>ούκ</span> <span class='ocrx_word' id='word_1_122' title='bbox 661 1559 765 1624; x_wconf 87' lang='grc' dir='ltr'>ἄλλων</span> <span class='ocrx_word' id='word_1_123' title='bbox 782 1559 841 1632; x_wconf 90' lang='grc' dir='ltr'>τὴν</span> <span class='ocrx_word' id='word_1_124' title='bbox 859 1559 998 1625; x_wconf 85' lang='grc' dir='ltr'>ἄστατον</span> <span class='ocrx_word' id='word_1_125' title='bbox 1017 1559 1111 1650; x_wconf 81' lang='grc' dir='ltr'>ροράν</span> <span class='ocrx_word' id='word_1_126' title='bbox 1128 1572 1183 1626; x_wconf 85' lang='grc' dir='ltr'>τοῦ</span> <span class='ocrx_word' id='word_1_127' title='bbox 1199 1563 1317 1639; x_wconf 80' lang='grc' dir='ltr'>παντὸς</span> <span class='ocrx_word' id='word_1_128' title='bbox 1338 1567 1581 1644; x_wconf 84' lang='grc' dir='ltr'>ἀποκλείσαντες</span> <span class='ocrx_word' id='word_1_129' title='bbox 1606 1570 1659 1635; x_wconf 85' lang='grc' dir='ltr'>καί</span> <span class='ocrx_word' id='word_1_130' title='bbox 1682 1577 1722 1649; x_wconf 87' lang='grc' dir='ltr'>εἰς</span> <span class='ocrx_word' id='word_1_131' title='bbox 1746 1574 1815 1664; x_wconf 85' lang='grc' dir='ltr'>ὅρον</span> <span class='ocrx_word' id='word_1_132' title='bbox 1902 1599 1907 1610; x_wconf 89' lang='grc'><em>·</em></span> 
     </span>
     <span class='ocr_line' id='line_1_11' title="bbox 215 1661 1812 1770; baseline 0.008 -36"><span class='ocrx_word' id='word_1_133' title='bbox 215 1676 241 1712; x_wconf 86' lang='lat'>¹⁰</span> <span class='ocrx_word' id='word_1_134' title='bbox 267 1677 330 1733; x_wconf 91' lang='grc' dir='ltr'>τῶν</span> <span class='ocrx_word' id='word_1_135' title='bbox 349 1670 423 1752; x_wconf 85' lang='grc' dir='ltr'>βίων</span> <span class='ocrx_word' id='word_1_136' title='bbox 441 1661 482 1732; x_wconf 84' lang='grc' dir='ltr'>ὧν</span> <span class='ocrx_word' id='word_1_137' title='bbox 500 1671 584 1733; x_wconf 79' lang='grc' dir='ltr'>ἑστιν</span> <span class='ocrx_word' id='word_1_138' title='bbox 602 1661 674 1746; x_wconf 76' lang='grc' dir='ltr'>ἀξία</span> <span class='ocrx_word' id='word_1_139' title='bbox 696 1668 941 1760; x_wconf 82' lang='grc' dir='ltr'>περιαγαγόντος</span> <span class='ocrx_word' id='word_1_140' title='bbox 957 1689 997 1745; x_wconf 87' lang='grc'>-;;-</span> <span class='ocrx_word' id='word_1_141' title='bbox 1013 1669 1132 1756; x_wconf 86' lang='grc' dir='ltr'>ἑκάστῃ</span> <span class='ocrx_word' id='word_1_142' title='bbox 1144 1667 1167 1754; x_wconf 91' lang='lat'>¹)</span> <span class='ocrx_word' id='word_1_143' title='bbox 1189 1669 1248 1742; x_wconf 92' lang='grc' dir='ltr'>τὴν</span> <span class='ocrx_word' id='word_1_144' title='bbox 1267 1675 1390 1762; x_wconf 84' lang='grc' dir='ltr'>αἵρεσιν·</span> <span class='ocrx_word' id='word_1_145' title='bbox 1408 1675 1465 1739; x_wconf 85' lang='grc' dir='ltr'>όσα</span> <span class='ocrx_word' id='word_1_146' title='bbox 1482 1666 1516 1742; x_wconf 82' lang='grc' dir='ltr'>δὲ</span> <span class='ocrx_word' id='word_1_147' title='bbox 1531 1677 1638 1763; x_wconf 87' lang='grc' dir='ltr'>πάλιν,</span> <span class='ocrx_word' id='word_1_148' title='bbox 1655 1683 1812 1770; x_wconf 86' lang='grc' dir='ltr'>ἑλομέναις</span> 
     </span>
     <span class='ocr_line' id='line_1_12' title="bbox 267 1769 1815 1880; baseline 0.009 -38"><span class='ocrx_word' id='word_1_149' title='bbox 267 1776 472 1869; x_wconf 77' lang='grc' dir='ltr'>προστίθησιν</span> <span class='ocrx_word' id='word_1_150' title='bbox 497 1777 534 1842; x_wconf 80' lang='grc' dir='ltr'>τ“ο</span> <span class='ocrx_word' id='word_1_151' title='bbox 557 1786 635 1860; x_wconf 80' lang='grc' dir='ltr'>πᾶν,</span> <span class='ocrx_word' id='word_1_152' title='bbox 659 1782 770 1867; x_wconf 82' lang='grc' dir='ltr'>κλῆροι</span> <span class='ocrx_word' id='word_1_153' title='bbox 795 1769 932 1869; x_wconf 78' lang='grc' dir='ltr'>δεύτεροι</span> <span class='ocrx_word' id='word_1_154' title='bbox 957 1776 1037 1868; x_wconf 77' lang='grc' dir='ltr'>μετά</span> <span class='ocrx_word' id='word_1_155' title='bbox 1060 1778 1119 1852; x_wconf 89' lang='grc' dir='ltr'>τὴν</span> <span class='ocrx_word' id='word_1_156' title='bbox 1144 1781 1268 1870; x_wconf 81' lang='grc' dir='ltr'>αἵρεσιν,</span> <span class='ocrx_word' id='word_1_157' title='bbox 1294 1779 1355 1846; x_wconf 80' lang='grc' dir='ltr'>οἷον</span> <span class='ocrx_word' id='word_1_158' title='bbox 1379 1785 1521 1874; x_wconf 86' lang='grc' dir='ltr'>πατέρων</span> <span class='ocrx_word' id='word_1_159' title='bbox 1550 1780 1645 1854; x_wconf 85' lang='grc' dir='ltr'>τωνδί</span> <span class='ocrx_word' id='word_1_160' title='bbox 1672 1790 1815 1880; x_wconf 86' lang='grc' dir='ltr'>γενέσθαι</span> 
     </span>
    </p>
   </div>
   <div class='ocr_carea' id='block_1_3' title="bbox 212 1988 1817 3828">
    <p class='ocr_par' dir='ltr' id='par_1_3' title="bbox 268 1988 1815 2310">
     <span class='ocr_line' id='line_1_13' title="bbox 268 1988 1815 2094; baseline 0.004 -28"><span class='ocrx_word' id='word_1_161' title='bbox 268 2001 289 2068; x_wconf 87' lang='lat' dir='ltr'>f.</span> <span class='ocrx_word' id='word_1_162' title='bbox 307 2000 350 2065; x_wconf 89' lang='grc'>86</span> <span class='ocrx_word' id='word_1_163' title='bbox 365 1997 416 2064; x_wconf 85' lang='lat' dir='ltr'>bis</span> <span class='ocrx_word' id='word_1_164' title='bbox 432 2021 474 2078; x_wconf 82' lang='grc' dir='ltr'>ν.,</span> <span class='ocrx_word' id='word_1_165' title='bbox 491 1996 754 2063; x_wconf 74' lang='grc' dir='ltr'>νυοίίίί3νετε.ε</span> <span class='ocrx_word' id='word_1_166' title='bbox 780 1995 894 2085; x_wconf 73' lang='grc' dir='ltr'>...γὀς</span> <span class='ocrx_word' id='word_1_167' title='bbox 918 1988 970 2058; x_wconf 79' lang='grc' dir='ltr'>οὖν</span> <span class='ocrx_word' id='word_1_168' title='bbox 995 1998 1010 2057; x_wconf 97' lang='lat'>6</span> <span class='ocrx_word' id='word_1_169' title='bbox 1035 1995 1343 2086; x_wconf 84' lang='grc' dir='ltr'>κλῆρος...ρέσεως·</span> <span class='ocrx_word' id='word_1_170' title='bbox 1368 1990 1436 2064; x_wconf 82' lang='grc' dir='ltr'>ὁδὲ</span> <span class='ocrx_word' id='word_1_171' title='bbox 1453 2001 1535 2087; x_wconf 72' lang='grc' dir='ltr'>μετὰ</span> <span class='ocrx_word' id='word_1_172' title='bbox 1551 2002 1610 2074; x_wconf 90' lang='grc' dir='ltr'>τὴν</span> <span class='ocrx_word' id='word_1_173' title='bbox 1636 2007 1815 2094; x_wconf 77' lang='grc' dir='ltr'>αἵρεσιν...</span> 
     </span>
     <span class='ocr_line' id='line_1_14' title="bbox 268 2096 1815 2203; baseline 0.005 -31"><span class='ocrx_word' id='word_1_174' title='bbox 268 2112 283 2172; x_wconf 85' lang='lat'>6</span> <span class='ocrx_word' id='word_1_175' title='bbox 308 2106 363 2196; x_wconf 85' lang='grc' dir='ltr'>μὲν</span> <span class='ocrx_word' id='word_1_176' title='bbox 388 2105 503 2180; x_wconf 85' lang='grc' dir='ltr'>ὁλότης</span> <span class='ocrx_word' id='word_1_177' title='bbox 528 2102 569 2169; x_wconf 81' lang='grc' dir='ltr'>ὢν</span> <span class='ocrx_word' id='word_1_178' title='bbox 593 2114 656 2168; x_wconf 89' lang='grc' dir='ltr'>τῶν</span> <span class='ocrx_word' id='word_1_179' title='bbox 682 2105 755 2188; x_wconf 89' lang='grc' dir='ltr'>βίων</span> <span class='ocrx_word' id='word_1_180' title='bbox 780 2098 814 2168; x_wconf 85' lang='grc' dir='ltr'>ού</span> <span class='ocrx_word' id='word_1_181' title='bbox 838 2104 927 2195; x_wconf 84' lang='grc' dir='ltr'>μέρος</span> <span class='ocrx_word' id='word_1_182' title='bbox 950 2104 1080 2180; x_wconf 83' lang='grc' dir='ltr'>ἕκαστος</span> <span class='ocrx_word' id='word_1_183' title='bbox 1099 2106 1174 2188; x_wconf 90' lang='grc' dir='ltr'>βίος,</span> <span class='ocrx_word' id='word_1_184' title='bbox 1191 2108 1207 2168; x_wconf 93' lang='lat'>6</span> <span class='ocrx_word' id='word_1_185' title='bbox 1225 2096 1258 2170; x_wconf 80' lang='grc' dir='ltr'>δὲ</span> <span class='ocrx_word' id='word_1_186' title='bbox 1275 2106 1390 2183; x_wconf 86' lang='grc' dir='ltr'>ὁλότης</span> <span class='ocrx_word' id='word_1_187' title='bbox 1407 2117 1469 2172; x_wconf 89' lang='grc' dir='ltr'>τῶν</span> <span class='ocrx_word' id='word_1_188' title='bbox 1487 2108 1611 2194; x_wconf 86' lang='grc' dir='ltr'>ἑκάστῳ</span> <span class='ocrx_word' id='word_1_189' title='bbox 1637 2114 1691 2196; x_wconf 84' lang='grc' dir='ltr'>βίῳ</span> <span class='ocrx_word' id='word_1_190' title='bbox 1715 2139 1815 2203; x_wconf 85' lang='grc' dir='ltr'>παρα-</span> 
     </span>
     <span class='ocr_line' id='line_1_15' title="bbox 268 2207 1813 2310; baseline 0.004 -30"><span class='ocrx_word' id='word_1_191' title='bbox 268 2213 510 2290; x_wconf 83' lang='grc' dir='ltr'>κολουθούντων,</span> <span class='ocrx_word' id='word_1_192' title='bbox 536 2207 576 2277; x_wconf 86' lang='grc' dir='ltr'>ὧν</span> <span class='ocrx_word' id='word_1_193' title='bbox 601 2217 616 2277; x_wconf 90' lang='lat'>6</span> <span class='ocrx_word' id='word_1_194' title='bbox 641 2213 757 2302; x_wconf 88' lang='grc' dir='ltr'>κόσμος</span> <span class='ocrx_word' id='word_1_195' title='bbox 775 2213 934 2300; x_wconf 85' lang='grc' dir='ltr'>ἀπονέμει·</span> <span class='ocrx_word' id='word_1_196' title='bbox 951 2213 1004 2277; x_wconf 84' lang='grc' dir='ltr'>καί</span> <span class='ocrx_word' id='word_1_197' title='bbox 1020 2212 1177 2304; x_wconf 85' lang='grc' dir='ltr'>ἑκάτερος,</span> <span class='ocrx_word' id='word_1_198' title='bbox 1197 2215 1257 2280; x_wconf 76' lang='grc' dir='ltr'>ἀπὸ</span> <span class='ocrx_word' id='word_1_199' title='bbox 1274 2226 1329 2280; x_wconf 85' lang='grc' dir='ltr'>τοῦ</span> <span class='ocrx_word' id='word_1_200' title='bbox 1345 2218 1474 2294; x_wconf 90' lang='grc' dir='ltr'>παντός·</span> <span class='ocrx_word' id='word_1_201' title='bbox 1491 2221 1521 2283; x_wconf 80' lang='grc' dir='ltr'>ἐν</span> <span class='ocrx_word' id='word_1_202' title='bbox 1547 2222 1630 2310; x_wconf 90' lang='grc' dir='ltr'>μέσῳ</span> <span class='ocrx_word' id='word_1_203' title='bbox 1655 2213 1688 2287; x_wconf 87' lang='grc' dir='ltr'>δὲ</span> <span class='ocrx_word' id='word_1_204' title='bbox 1712 2226 1813 2288; x_wconf 81' lang='grc' dir='ltr'>αὐτῶν</span> 
     </span>
    </p>

    <p class='ocr_par' dir='ltr' id='par_1_4' title="bbox 215 2312 1815 2850">
     <span class='ocr_line' id='line_1_16' title="bbox 215 2312 1813 2416; baseline 0.013 -40"><span class='ocrx_word' id='word_1_205' title='bbox 215 2339 241 2377; x_wconf 80' lang='grc' dir='ltr'>ιι</span> <span class='ocrx_word' id='word_1_206' title='bbox 267 2330 286 2394; x_wconf 71' lang='grc' dir='ltr'>η</span> <span class='ocrx_word' id='word_1_207' title='bbox 314 2327 427 2414; x_wconf 70' lang='grc' dir='ltr'>αἵρεσις</span> <span class='ocrx_word' id='word_1_208' title='bbox 451 2332 509 2399; x_wconf 81' lang='grc' dir='ltr'>τῆς</span> <span class='ocrx_word' id='word_1_209' title='bbox 533 2318 652 2411; x_wconf 81' lang='grc' dir='ltr'>ψυχῆς,</span> <span class='ocrx_word' id='word_1_210' title='bbox 677 2322 836 2387; x_wconf 83' lang='grc' dir='ltr'>καὶοῦτω</span> <span class='ocrx_word' id='word_1_211' title='bbox 865 2312 902 2393; x_wconf 90' lang='grc' dir='ltr'>δὴ</span> <span class='ocrx_word' id='word_1_212' title='bbox 938 2322 1022 2411; x_wconf 89' lang='grc' dir='ltr'>μένει</span> <span class='ocrx_word' id='word_1_213' title='bbox 1047 2321 1102 2411; x_wconf 90' lang='grc' dir='ltr'>μὲν</span> <span class='ocrx_word' id='word_1_214' title='bbox 1133 2329 1153 2396; x_wconf 98' lang='lat'>6</span> <span class='ocrx_word' id='word_1_215' title='bbox 1180 2317 1375 2402; x_wconf 80' lang='grc' dir='ltr'>αύτεξούσιος</span> <span class='ocrx_word' id='word_1_216' title='bbox 1399 2325 1495 2416; x_wconf 85' lang='grc' dir='ltr'>ρορά·</span> <span class='ocrx_word' id='word_1_217' title='bbox 1520 2322 1673 2406; x_wconf 78' lang='grc' dir='ltr'>σώζονται</span> <span class='ocrx_word' id='word_1_218' title='bbox 1701 2322 1734 2396; x_wconf 88' lang='grc' dir='ltr'>δὲ</span> <span class='ocrx_word' id='word_1_219' title='bbox 1757 2343 1813 2409; x_wconf 80' lang='grc' dir='ltr'>τῆς</span> 
     </span>
     <span class='ocr_line' id='line_1_17' title="bbox 268 2422 1815 2523; baseline 0.004 -26"><span class='ocrx_word' id='word_1_220' title='bbox 268 2425 357 2508; x_wconf 88' lang='grc' dir='ltr'>δίκης</span> <span class='ocrx_word' id='word_1_221' title='bbox 381 2433 455 2522; x_wconf 88' lang='grc' dir='ltr'>ὅροι,</span> <span class='ocrx_word' id='word_1_222' title='bbox 480 2430 539 2503; x_wconf 88' lang='grc' dir='ltr'>τὴν</span> <span class='ocrx_word' id='word_1_223' title='bbox 565 2424 653 2509; x_wconf 77' lang='grc' dir='ltr'>ἀξίαν</span> <span class='ocrx_word' id='word_1_224' title='bbox 683 2422 881 2522; x_wconf 82' lang='grc' dir='ltr'>διανέμοντες</span> <span class='ocrx_word' id='word_1_225' title='bbox 913 2443 982 2508; x_wconf 89' lang='grc' dir='ltr'>ταῖς</span> <span class='ocrx_word' id='word_1_226' title='bbox 1007 2429 1137 2521; x_wconf 89' lang='grc' dir='ltr'>ψυχαῖς,</span> <span class='ocrx_word' id='word_1_227' title='bbox 1162 2436 1220 2520; x_wconf 85' lang='grc' dir='ltr'>ούχ</span> <span class='ocrx_word' id='word_1_228' title='bbox 1245 2425 1286 2496; x_wconf 86' lang='grc' dir='ltr'>ὧν</span> <span class='ocrx_word' id='word_1_229' title='bbox 1311 2436 1436 2499; x_wconf 82' lang='grc' dir='ltr'>εἴλοντο</span> <span class='ocrx_word' id='word_1_230' title='bbox 1460 2434 1564 2523; x_wconf 85' lang='grc' dir='ltr'>μόνον,</span> <span class='ocrx_word' id='word_1_231' title='bbox 1590 2437 1673 2501; x_wconf 84' lang='grc' dir='ltr'>ἀλλά</span> <span class='ocrx_word' id='word_1_232' title='bbox 1696 2439 1750 2502; x_wconf 86' lang='grc' dir='ltr'>καὶ</span> <span class='ocrx_word' id='word_1_233' title='bbox 1773 2433 1815 2503; x_wconf 83' lang='grc' dir='ltr'>ὧν</span> 
     </span>
     <span class='ocr_line' id='line_1_18' title="bbox 268 2531 1812 2636; baseline 0.002 -29"><span class='ocrx_word' id='word_1_234' title='bbox 268 2543 459 2632; x_wconf 79' lang='grc' dir='ltr'>αἱρήσονται·</span> <span class='ocrx_word' id='word_1_235' title='bbox 483 2538 697 2630; x_wconf 87' lang='grc' dir='ltr'>προκατάρχει</span> <span class='ocrx_word' id='word_1_236' title='bbox 721 2531 754 2604; x_wconf 87' lang='grc' dir='ltr'>δὲ</span> <span class='ocrx_word' id='word_1_237' title='bbox 777 2540 815 2604; x_wconf 80' lang='grc' dir='ltr'>τὸ</span> <span class='ocrx_word' id='word_1_238' title='bbox 831 2549 904 2625; x_wconf 80' lang='grc' dir='ltr'>πᾶν,</span> <span class='ocrx_word' id='word_1_239' title='bbox 920 2539 974 2604; x_wconf 87' lang='grc' dir='ltr'>καί</span> <span class='ocrx_word' id='word_1_240' title='bbox 990 2539 1196 2605; x_wconf 77' lang='grc' dir='ltr'>ἐπακολουθεῖ</span> <span class='ocrx_word' id='word_1_241' title='bbox 1214 2551 1283 2617; x_wconf 86' lang='grc' dir='ltr'>ταῖς</span> <span class='ocrx_word' id='word_1_242' title='bbox 1302 2543 1460 2632; x_wconf 88' lang='grc' dir='ltr'>αἱρέσεσιν·</span> <span class='ocrx_word' id='word_1_243' title='bbox 1483 2543 1590 2610; x_wconf 86' lang='grc' dir='ltr'>πάντα</span> <span class='ocrx_word' id='word_1_244' title='bbox 1614 2536 1647 2611; x_wconf 82' lang='grc' dir='ltr'>δέ</span> <span class='ocrx_word' id='word_1_245' title='bbox 1670 2549 1812 2636; x_wconf 86' lang='grc' dir='ltr'>εύνομίας</span> 
     </span>
     <span class='ocr_line' id='line_1_19' title="bbox 268 2647 1813 2743; baseline 0.002 -27"><span class='ocrx_word' id='word_1_246' title='bbox 268 2650 349 2740; x_wconf 85' lang='grc' dir='ltr'>μετὰ</span> <span class='ocrx_word' id='word_1_247' title='bbox 361 2660 424 2715; x_wconf 90' lang='grc' dir='ltr'>τῶν</span> <span class='ocrx_word' id='word_1_248' title='bbox 437 2649 672 2739; x_wconf 80' lang='grc' dir='ltr'>προτεινόντων,</span> <span class='ocrx_word' id='word_1_249' title='bbox 685 2658 748 2713; x_wconf 92' lang='grc' dir='ltr'>τῶν</span> <span class='ocrx_word' id='word_1_250' title='bbox 763 2647 961 2738; x_wconf 86' lang='grc' dir='ltr'>αἱρουμένων,</span> <span class='ocrx_word' id='word_1_251' title='bbox 979 2657 1042 2713; x_wconf 92' lang='grc' dir='ltr'>τῶν</span> <span class='ocrx_word' id='word_1_252' title='bbox 1061 2647 1311 2737; x_wconf 88' lang='grc' dir='ltr'>ἀπονεμούντων,</span> <span class='ocrx_word' id='word_1_253' title='bbox 1326 2660 1388 2714; x_wconf 91' lang='grc' dir='ltr'>τῶν</span> <span class='ocrx_word' id='word_1_254' title='bbox 1404 2655 1670 2743; x_wconf 88' lang='grc' dir='ltr'>ἀπονεμουμένων.</span> <span class='ocrx_word' id='word_1_255' title='bbox 1686 2647 1813 2726; x_wconf 84' lang='grc' dir='ltr'>Ἐπειδὴ</span> 
     </span>
     <span class='ocr_line' id='line_1_20' title="bbox 267 2753 1814 2850; baseline 0.003 -26"><span class='ocrx_word' id='word_1_256' title='bbox 267 2754 319 2825; x_wconf 85' lang='grc' dir='ltr'>ούν</span> <span class='ocrx_word' id='word_1_257' title='bbox 344 2759 415 2824; x_wconf 85' lang='grc' dir='ltr'>ούτε</span> <span class='ocrx_word' id='word_1_258' title='bbox 439 2753 480 2833; x_wconf 84' lang='grc' dir='ltr'>εἷς</span> <span class='ocrx_word' id='word_1_259' title='bbox 497 2783 544 2833; x_wconf 88' lang='grc' dir='ltr'>τις</span> <span class='ocrx_word' id='word_1_260' title='bbox 562 2766 618 2847; x_wconf 76' lang='grc' dir='ltr'>μιᾷ</span> <span class='ocrx_word' id='word_1_261' title='bbox 636 2757 700 2842; x_wconf 90' lang='grc' dir='ltr'>βίος</span> <span class='ocrx_word' id='word_1_262' title='bbox 718 2757 908 2846; x_wconf 86' lang='grc' dir='ltr'>ἀπονέμεται</span> <span class='ocrx_word' id='word_1_263' title='bbox 925 2767 987 2822; x_wconf 90' lang='grc' dir='ltr'>τῶν</span> <span class='ocrx_word' id='word_1_264' title='bbox 1005 2754 1121 2846; x_wconf 81' lang='grc' dir='ltr'>ψυχῶν,</span> <span class='ocrx_word' id='word_1_265' title='bbox 1140 2758 1210 2823; x_wconf 83' lang='grc' dir='ltr'>ούτε</span> <span class='ocrx_word' id='word_1_266' title='bbox 1234 2757 1347 2836; x_wconf 85' lang='grc' dir='ltr'>πάντες</span> <span class='ocrx_word' id='word_1_267' title='bbox 1367 2761 1479 2850; x_wconf 86' lang='grc' dir='ltr'>ὁμοίως</span> <span class='ocrx_word' id='word_1_268' title='bbox 1495 2760 1619 2838; x_wconf 85' lang='grc' dir='ltr'>πάσαις,</span> <span class='ocrx_word' id='word_1_269' title='bbox 1638 2761 1720 2827; x_wconf 86' lang='grc' dir='ltr'>ἀλλά</span> <span class='ocrx_word' id='word_1_270' title='bbox 1736 2763 1814 2838; x_wconf 83' lang='grc' dir='ltr'>τινὲς</span> 
     </span>
    </p>

    <p class='ocr_par' dir='ltr' id='par_1_5' title="bbox 212 2857 1817 3828">
     <span class='ocr_line' id='line_1_21' title="bbox 212 2857 1815 2958; baseline 0.002 -25"><span class='ocrx_word' id='word_1_271' title='bbox 212 2879 240 2915; x_wconf 75' lang='lat'>²⁰</span> <span class='ocrx_word' id='word_1_272' title='bbox 266 2868 359 2947; x_wconf 85' lang='grc' dir='ltr'>τισίν,</span> <span class='ocrx_word' id='word_1_273' title='bbox 383 2865 505 2957; x_wconf 85' lang='grc' dir='ltr'>ἀνάγκη</span> <span class='ocrx_word' id='word_1_274' title='bbox 532 2857 685 2939; x_wconf 77' lang='grc' dir='ltr'>δήπουθεν</span> <span class='ocrx_word' id='word_1_275' title='bbox 702 2865 721 2938; x_wconf 87' lang='grc' dir='ltr'>ὴ</span> <span class='ocrx_word' id='word_1_276' title='bbox 740 2863 824 2930; x_wconf 87' lang='grc' dir='ltr'>κατά</span> <span class='ocrx_word' id='word_1_277' title='bbox 840 2865 877 2929; x_wconf 82' lang='grc' dir='ltr'>τύ</span> <span class='ocrx_word' id='word_1_278' title='bbox 893 2865 988 2930; x_wconf 88' lang='grc' dir='ltr'>πόσον</span> <span class='ocrx_word' id='word_1_279' title='bbox 1005 2866 1088 2942; x_wconf 82' lang='grc' dir='ltr'>ἴσους</span> <span class='ocrx_word' id='word_1_280' title='bbox 1106 2865 1315 2956; x_wconf 84' lang='grc' dir='ltr'>ἀπονέμεσθαι</span> <span class='ocrx_word' id='word_1_281' title='bbox 1333 2869 1415 2952; x_wconf 91' lang='grc' dir='ltr'>βίους</span> <span class='ocrx_word' id='word_1_282' title='bbox 1432 2879 1501 2946; x_wconf 85' lang='grc' dir='ltr'>ταῖς</span> <span class='ocrx_word' id='word_1_283' title='bbox 1527 2871 1694 2958; x_wconf 75' lang='grc' dir='ltr'>ἀνομοίοις,</span> <span class='ocrx_word' id='word_1_284' title='bbox 1712 2882 1756 2954; x_wconf 85' lang='grc' dir='ltr'>τῷ</span> <span class='ocrx_word' id='word_1_285' title='bbox 1781 2863 1815 2938; x_wconf 84' lang='grc' dir='ltr'>δὲ</span> 
     </span>
     <span class='ocr_line' id='line_1_22' title="bbox 267 2964 1814 3070; baseline 0.003 -28"><span class='ocrx_word' id='word_1_286' title='bbox 267 2985 345 3059; x_wconf 84' lang='grc' dir='ltr'>ποιῷ</span> <span class='ocrx_word' id='word_1_287' title='bbox 370 2974 463 3063; x_wconf 90' lang='grc' dir='ltr'>μόνον</span> <span class='ocrx_word' id='word_1_288' title='bbox 488 2964 698 3063; x_wconf 81' lang='grc' dir='ltr'>διαφέροντας,</span> <span class='ocrx_word' id='word_1_289' title='bbox 715 2971 734 3046; x_wconf 84' lang='grc' dir='ltr'>ὴ</span> <span class='ocrx_word' id='word_1_290' title='bbox 753 2973 836 3038; x_wconf 90' lang='grc' dir='ltr'>κατά</span> <span class='ocrx_word' id='word_1_291' title='bbox 859 2973 896 3038; x_wconf 81' lang='grc' dir='ltr'>τὸ</span> <span class='ocrx_word' id='word_1_292' title='bbox 913 2974 1000 3038; x_wconf 79' lang='grc' dir='ltr'>ποιὸν</span> <span class='ocrx_word' id='word_1_293' title='bbox 1017 2972 1088 3048; x_wconf 84' lang='grc' dir='ltr'>τούς</span> <span class='ocrx_word' id='word_1_294' title='bbox 1104 2975 1238 3064; x_wconf 84' lang='grc' dir='ltr'>ὁμοίους,</span> <span class='ocrx_word' id='word_1_295' title='bbox 1255 2978 1380 3054; x_wconf 87' lang='grc' dir='ltr'>πλείους</span> <span class='ocrx_word' id='word_1_296' title='bbox 1401 2971 1434 3042; x_wconf 85' lang='grc' dir='ltr'>δὲ</span> <span class='ocrx_word' id='word_1_297' title='bbox 1458 2977 1571 3055; x_wconf 85' lang='grc' dir='ltr'>ἄλλους</span> <span class='ocrx_word' id='word_1_298' title='bbox 1596 2980 1706 3056; x_wconf 88' lang='grc' dir='ltr'>ἄλλαις</span> <span class='ocrx_word' id='word_1_299' title='bbox 1732 2981 1814 3070; x_wconf 87' lang='grc' dir='ltr'>μετά</span> 
     </span>
     <span class='ocr_line' id='line_1_23' title="bbox 267 3073 1814 3176; baseline 0.003 -27"><span class='ocrx_word' id='word_1_300' title='bbox 267 3093 329 3148; x_wconf 86' lang='grc' dir='ltr'>τῶν</span> <span class='ocrx_word' id='word_1_301' title='bbox 347 3085 471 3173; x_wconf 85' lang='grc' dir='ltr'>ὁμοίων,</span> <span class='ocrx_word' id='word_1_302' title='bbox 495 3081 515 3155; x_wconf 88' lang='lat'>6</span> <span class='ocrx_word' id='word_1_303' title='bbox 541 3088 613 3146; x_wconf 87' lang='grc' dir='ltr'>κατ’</span> <span class='ocrx_word' id='word_1_304' title='bbox 639 3081 731 3173; x_wconf 84' lang='grc' dir='ltr'>ἀμρω</span> <span class='ocrx_word' id='word_1_305' title='bbox 749 3073 960 3172; x_wconf 81' lang='grc' dir='ltr'>διαφέροντας·</span> <span class='ocrx_word' id='word_1_306' title='bbox 980 3081 1049 3146; x_wconf 86' lang='grc' dir='ltr'>ἀλλ’</span> <span class='ocrx_word' id='word_1_307' title='bbox 1068 3088 1099 3146; x_wconf 79' lang='grc' dir='ltr'>αἱ</span> <span class='ocrx_word' id='word_1_308' title='bbox 1116 3083 1170 3172; x_wconf 81' lang='grc' dir='ltr'>μὲν</span> <span class='ocrx_word' id='word_1_309' title='bbox 1189 3082 1359 3176; x_wconf 89' lang='grc' dir='ltr'>ούγκληροι</span> <span class='ocrx_word' id='word_1_310' title='bbox 1384 3077 1532 3159; x_wconf 87' lang='grc' dir='ltr'>δηλονότι</span> <span class='ocrx_word' id='word_1_311' title='bbox 1556 3086 1638 3153; x_wconf 88' lang='grc' dir='ltr'>κατά</span> <span class='ocrx_word' id='word_1_312' title='bbox 1658 3089 1695 3153; x_wconf 80' lang='grc' dir='ltr'>τὴ</span> <span class='ocrx_word' id='word_1_313' title='bbox 1718 3090 1814 3153; x_wconf 79' lang='grc' dir='ltr'>ποσὸν</span> 
     </span>
     <span class='ocr_line' id='line_1_24' title="bbox 268 3183 1815 3284; baseline 0.002 -26"><span class='ocrx_word' id='word_1_314' title='bbox 268 3185 450 3270; x_wconf 86' lang='grc' dir='ltr'>διοίσουσιν,</span> <span class='ocrx_word' id='word_1_315' title='bbox 475 3195 540 3269; x_wconf 86' lang='grc' dir='ltr'>σίας</span> <span class='ocrx_word' id='word_1_316' title='bbox 565 3195 641 3282; x_wconf 91' lang='grc' dir='ltr'>ὁρῶν</span> <span class='ocrx_word' id='word_1_317' title='bbox 667 3191 859 3284; x_wconf 83' lang='grc' dir='ltr'>ἀπήγγειλεν</span> <span class='ocrx_word' id='word_1_318' title='bbox 884 3195 899 3256; x_wconf 92' lang='lat'>6</span> <span class='ocrx_word' id='word_1_319' title='bbox 923 3201 979 3256; x_wconf 81' lang='grc' dir='ltr'>τοῦ</span> <span class='ocrx_word' id='word_1_320' title='bbox 1005 3189 1101 3281; x_wconf 87' lang='grc' dir='ltr'>μύθου</span> <span class='ocrx_word' id='word_1_321' title='bbox 1133 3190 1247 3256; x_wconf 90' lang='grc' dir='ltr'>τούτου</span> <span class='ocrx_word' id='word_1_322' title='bbox 1280 3183 1437 3271; x_wconf 80' lang='grc' dir='ltr'>διαθέτης.</span> <span class='ocrx_word' id='word_1_323' title='bbox 1462 3195 1582 3261; x_wconf 86' lang='grc' dir='ltr'>Κωλύει</span> <span class='ocrx_word' id='word_1_324' title='bbox 1613 3188 1647 3262; x_wconf 86' lang='grc' dir='ltr'>δὲ</span> <span class='ocrx_word' id='word_1_325' title='bbox 1670 3188 1754 3263; x_wconf 80' lang='grc' dir='ltr'>οὐδὲν</span> <span class='ocrx_word' id='word_1_326' title='bbox 1784 3201 1815 3262; x_wconf 85' lang='grc' dir='ltr'>ἐν</span> 
     </span>
     <span class='ocr_line' id='line_1_25' title="bbox 269 3285 1817 3394; baseline 0.003 -28"><span class='ocrx_word' id='word_1_327' title='bbox 269 3303 409 3378; x_wconf 88' lang='grc' dir='ltr'>ἀλλοίαις</span> <span class='ocrx_word' id='word_1_328' title='bbox 431 3292 585 3391; x_wconf 88' lang='grc' dir='ltr'>περιόδοις</span> <span class='ocrx_word' id='word_1_329' title='bbox 609 3303 656 3366; x_wconf 89' lang='grc' dir='ltr'>ἀπ’</span> <span class='ocrx_word' id='word_1_330' title='bbox 685 3303 758 3366; x_wconf 82' lang='grc' dir='ltr'>ἴσων</span> <span class='ocrx_word' id='word_1_331' title='bbox 784 3299 837 3390; x_wconf 85' lang='grc' dir='ltr'>μὲν</span> <span class='ocrx_word' id='word_1_332' title='bbox 855 3309 900 3384; x_wconf 86' lang='grc' dir='ltr'>τῷ</span> <span class='ocrx_word' id='word_1_333' title='bbox 918 3299 1037 3390; x_wconf 85' lang='grc' dir='ltr'>ἀριθμῷ</span> <span class='ocrx_word' id='word_1_334' title='bbox 1054 3285 1128 3384; x_wconf 87' lang='grc' dir='ltr'>βίων</span> <span class='ocrx_word' id='word_1_335' title='bbox 1144 3299 1286 3390; x_wconf 82' lang='grc' dir='ltr'>γίνεσθαι</span> <span class='ocrx_word' id='word_1_336' title='bbox 1301 3301 1357 3378; x_wconf 84' lang='grc' dir='ltr'>τάς</span> <span class='ocrx_word' id='word_1_337' title='bbox 1378 3303 1518 3394; x_wconf 85' lang='grc' dir='ltr'>αἱρέσεις,</span> <span class='ocrx_word' id='word_1_338' title='bbox 1543 3315 1583 3390; x_wconf 78' lang='grc' dir='ltr'>τῇ</span> <span class='ocrx_word' id='word_1_339' title='bbox 1610 3295 1643 3369; x_wconf 84' lang='grc' dir='ltr'>δὲ</span> <span class='ocrx_word' id='word_1_340' title='bbox 1666 3305 1817 3379; x_wconf 87' lang='grc' dir='ltr'>ποιότητι</span> 
     </span>
     <span class='ocr_line' id='line_1_26' title="bbox 269 3400 1814 3502; baseline 0 -26"><span class='ocrx_word' id='word_1_341' title='bbox 269 3403 487 3502; x_wconf 81' lang='grc' dir='ltr'>διαφερόντων·</span> <span class='ocrx_word' id='word_1_342' title='bbox 513 3405 575 3474; x_wconf 81' lang='grc' dir='ltr'>οἷον</span> <span class='ocrx_word' id='word_1_343' title='bbox 599 3419 691 3500; x_wconf 85' lang='grc' dir='ltr'>τριῶν</span> <span class='ocrx_word' id='word_1_344' title='bbox 718 3409 771 3498; x_wconf 84' lang='grc' dir='ltr'>μὲν</span> <span class='ocrx_word' id='word_1_345' title='bbox 788 3412 1031 3499; x_wconf 86' lang='grc' dir='ltr'>προτεινομένων</span> <span class='ocrx_word' id='word_1_346' title='bbox 1049 3400 1128 3495; x_wconf 78' lang='grc' dir='ltr'>τῇδε</span> <span class='ocrx_word' id='word_1_347' title='bbox 1144 3420 1185 3495; x_wconf 82' lang='grc' dir='ltr'>τῇ</span> <span class='ocrx_word' id='word_1_348' title='bbox 1204 3407 1288 3498; x_wconf 76' lang='grc' dir='ltr'>ψυχῇ</span> <span class='ocrx_word' id='word_1_349' title='bbox 1309 3411 1394 3494; x_wconf 89' lang='grc' dir='ltr'>βίων,</span> <span class='ocrx_word' id='word_1_350' title='bbox 1412 3421 1504 3502; x_wconf 90' lang='grc' dir='ltr'>τριῶν</span> <span class='ocrx_word' id='word_1_351' title='bbox 1522 3403 1556 3478; x_wconf 88' lang='grc' dir='ltr'>δε</span> <span class='ocrx_word' id='word_1_352' title='bbox 1579 3404 1657 3498; x_wconf 79' lang='grc' dir='ltr'>τῇδε</span> <span class='ocrx_word' id='word_1_353' title='bbox 1682 3413 1724 3502; x_wconf 87' lang='grc' dir='ltr'>μὴ</span> <span class='ocrx_word' id='word_1_354' title='bbox 1749 3423 1814 3480; x_wconf 90' lang='grc' dir='ltr'>τῶν</span> 
     </span>
     <span class='ocr_line' id='line_1_27' title="bbox 269 3508 1816 3611; baseline 0.001 -27"><span class='ocrx_word' id='word_1_355' title='bbox 269 3521 382 3608; x_wconf 85' lang='grc' dir='ltr'>ὁμοίων</span> <span class='ocrx_word' id='word_1_356' title='bbox 407 3510 451 3602; x_wconf 82' lang='grc' dir='ltr'>δὲ,</span> <span class='ocrx_word' id='word_1_357' title='bbox 476 3517 495 3592; x_wconf 89' lang='lat'>6</span> <span class='ocrx_word' id='word_1_358' title='bbox 520 3519 646 3585; x_wconf 87' lang='grc' dir='ltr'>πάντων</span> <span class='ocrx_word' id='word_1_359' title='bbox 663 3518 682 3593; x_wconf 83' lang='grc' dir='ltr'>ὴ</span> <span class='ocrx_word' id='word_1_360' title='bbox 701 3527 804 3602; x_wconf 88' lang='grc' dir='ltr'>τινῶν,</span> <span class='ocrx_word' id='word_1_361' title='bbox 822 3518 875 3583; x_wconf 87' lang='grc' dir='ltr'>καί</span> <span class='ocrx_word' id='word_1_362' title='bbox 890 3529 985 3583; x_wconf 86' lang='grc' dir='ltr'>τοῦτο</span> <span class='ocrx_word' id='word_1_363' title='bbox 1003 3517 1057 3609; x_wconf 83' lang='grc' dir='ltr'>μὲν</span> <span class='ocrx_word' id='word_1_364' title='bbox 1075 3508 1183 3592; x_wconf 80' lang='grc' dir='ltr'>δῆλον.</span> <span class='ocrx_word' id='word_1_365' title='bbox 1201 3523 1241 3582; x_wconf 85' lang='grc' dir='ltr'>Αἱ</span> <span class='ocrx_word' id='word_1_366' title='bbox 1257 3518 1316 3609; x_wconf 87' lang='grc' dir='ltr'>γάρ</span> <span class='ocrx_word' id='word_1_367' title='bbox 1332 3529 1396 3584; x_wconf 86' lang='grc' dir='ltr'>τῶν</span> <span class='ocrx_word' id='word_1_368' title='bbox 1420 3516 1525 3611; x_wconf 86' lang='grc' dir='ltr'>ψυχῶν</span> <span class='ocrx_word' id='word_1_369' title='bbox 1550 3522 1737 3611; x_wconf 86' lang='grc' dir='ltr'>ὁμοιότητες</span> <span class='ocrx_word' id='word_1_370' title='bbox 1761 3523 1816 3587; x_wconf 88' lang='grc' dir='ltr'>καὶ</span> 
     </span>
     <span class='ocr_line' id='line_1_28' title="bbox 270 3609 1815 3719; baseline -0.001 -25"><span class='ocrx_word' id='word_1_371' title='bbox 270 3629 495 3718; x_wconf 85' lang='grc' dir='ltr'>ἀνομοιότητες</span> <span class='ocrx_word' id='word_1_372' title='bbox 511 3631 661 3705; x_wconf 87' lang='grc' dir='ltr'>παντοίας</span> <span class='ocrx_word' id='word_1_373' title='bbox 680 3627 855 3719; x_wconf 83' lang='grc' dir='ltr'>εἰσάγουσιν</span> <span class='ocrx_word' id='word_1_374' title='bbox 872 3627 926 3692; x_wconf 86' lang='grc' dir='ltr'>καί</span> <span class='ocrx_word' id='word_1_375' title='bbox 940 3637 1002 3692; x_wconf 92' lang='grc' dir='ltr'>τῶν</span> <span class='ocrx_word' id='word_1_376' title='bbox 1022 3627 1095 3713; x_wconf 89' lang='grc' dir='ltr'>βίων</span> <span class='ocrx_word' id='word_1_377' title='bbox 1112 3618 1299 3719; x_wconf 80' lang='grc' dir='ltr'>ἑξαλλαγάς·</span> <span class='ocrx_word' id='word_1_378' title='bbox 1317 3618 1496 3716; x_wconf 89' lang='grc' dir='ltr'>κατίδωμεν</span> <span class='ocrx_word' id='word_1_379' title='bbox 1509 3609 1548 3694; x_wconf 42' lang='grc' dir='ltr'>’δὲ</span> <span class='ocrx_word' id='word_1_380' title='bbox 1564 3629 1617 3694; x_wconf 85' lang='grc' dir='ltr'>καὶ</span> <span class='ocrx_word' id='word_1_381' title='bbox 1640 3634 1671 3695; x_wconf 83' lang='grc' dir='ltr'>έν</span> <span class='ocrx_word' id='word_1_382' title='bbox 1691 3628 1815 3707; x_wconf 89' lang='grc' dir='ltr'>τούτοις</span> 
     </span>
     <span class='ocr_line' id='line_1_29' title="bbox 268 3747 567 3828; baseline -0.003 -25"><span class='ocrx_word' id='word_1_383' title='bbox 268 3748 333 3814; x_wconf 86' lang='grc' dir='ltr'>τοῖς</span> <span class='ocrx_word' id='word_1_384' title='bbox 357 3747 523 3828; x_wconf 88' lang='grc' dir='ltr'>παροῦσιν.</span> <span class='ocrx_word' id='word_1_385' title='bbox 538 3788 545 3802; x_wconf 91' lang='grc'><strong>.</strong></span> <span class='ocrx_word' id='word_1_386' title='bbox 560 3789 567 3802; x_wconf 93' lang='grc'><strong>.</strong></span> 
     </span>
    </p>
   </div>
   <div class='ocr_carea' id='block_1_4' title="bbox 554 3951 1531 4042">
    <p class='ocr_par' dir='ltr' id='par_1_6' title="bbox 554 3951 1531 4042">
     <span class='ocr_line' id='line_1_30' title="bbox 554 3951 1531 4042; baseline -0.002 -18"><span class='ocrx_word' id='word_1_387' title='bbox 554 3958 714 4042; x_wconf 78' lang='lat' dir='ltr'><em>Quomodo</em></span> <span class='ocrx_word' id='word_1_388' title='bbox 739 3951 890 4040; x_wconf 69' lang='grc' dir='ltr'>σμίκρ’)</span> <span class='ocrx_word' id='word_1_389' title='bbox 916 3956 1121 4041; x_wconf 61' lang='lat' dir='ltr'>root-odiatur</span> <span class='ocrx_word' id='word_1_390' title='bbox 1144 3962 1173 4022; x_wconf 81' lang='lat' dir='ltr'>et</span> <span class='ocrx_word' id='word_1_391' title='bbox 1197 3956 1381 4041; x_wconf 75' lang='grc' dir='ltr'>ορνοιίίοῖιια</span> <span class='ocrx_word' id='word_1_392' title='bbox 1404 3976 1531 4039; x_wconf 75' lang='lat' dir='ltr'>corpus.</span> 
     </span>
    </p>
   </div>
   <div class='ocr_carea' id='block_1_5' title="bbox 268 4157 1816 4803">
    <p class='ocr_par' dir='ltr' id='par_1_7' title="bbox 268 4157 1816 4803">
     <span class='ocr_line' id='line_1_31' title="bbox 271 4157 1815 4261; baseline -0.004 -21"><span class='ocrx_word' id='word_1_393' title='bbox 271 4174 295 4239; x_wconf 89' lang='lat' dir='ltr'>f.</span> <span class='ocrx_word' id='word_1_394' title='bbox 315 4176 366 4254; x_wconf 88' lang='grc'>87,</span> <span class='ocrx_word' id='word_1_395' title='bbox 385 4173 539 4240; x_wconf 83' lang='lat' dir='ltr'><strong>deficiunt</strong></span> <span class='ocrx_word' id='word_1_396' title='bbox 556 4173 576 4238; x_wconf 89' lang='lat'><strong>3</strong></span> <span class='ocrx_word' id='word_1_397' title='bbox 593 4192 694 4238; x_wconf 72' lang='lat' dir='ltr'><strong>veru:</strong></span> <span class='ocrx_word' id='word_1_398' title='bbox 713 4171 785 4246; x_wconf 83' lang='grc' dir='ltr'>ὅσας</span> <span class='ocrx_word' id='word_1_399' title='bbox 799 4222 806 4238; x_wconf 94' lang='grc'><strong>.</strong></span> <span class='ocrx_word' id='word_1_400' title='bbox 822 4224 828 4238; x_wconf 92' lang='grc'><em>.</em></span> <span class='ocrx_word' id='word_1_401' title='bbox 845 4193 976 4260; x_wconf 89' lang='grc' dir='ltr'>,γονται</span> <span class='ocrx_word' id='word_1_402' title='bbox 993 4157 1027 4234; x_wconf 89' lang='grc' dir='ltr'>δὲ</span> <span class='ocrx_word' id='word_1_403' title='bbox 1043 4167 1192 4261; x_wconf 75' lang='grc' dir='ltr'>σύγψκλη]</span> <span class='ocrx_word' id='word_1_404' title='bbox 1210 4222 1216 4236; x_wconf 93' lang='grc'><strong><em>.</em></strong></span> <span class='ocrx_word' id='word_1_405' title='bbox 1231 4222 1259 4236; x_wconf 92' lang='grc'>..</span> <span class='ocrx_word' id='word_1_406' title='bbox 1284 4169 1378 4234; x_wconf 84' lang='grc' dir='ltr'>αύτύν</span> <span class='ocrx_word' id='word_1_407' title='bbox 1396 4179 1453 4246; x_wconf 83' lang='grc' dir='ltr'>τῆς</span> <span class='ocrx_word' id='word_1_408' title='bbox 1476 4158 1619 4258; x_wconf 85' lang='grc' dir='ltr'>περιόδου</span> <span class='ocrx_word' id='word_1_409' title='bbox 1636 4165 1746 4257; x_wconf 90' lang='grc' dir='ltr'>χρόνον</span> <span class='ocrx_word' id='word_1_410' title='bbox 1762 4220 1769 4235; x_wconf 93' lang='grc'><strong>.</strong></span> <span class='ocrx_word' id='word_1_411' title='bbox 1784 4219 1815 4234; x_wconf 92' lang='grc'>..</span> 
     </span>
     <span class='ocr_line' id='line_1_32' title="bbox 268 4271 1814 4372; baseline -0.007 -26"><span class='ocrx_word' id='word_1_412' title='bbox 268 4273 428 4358; x_wconf 84' lang='grc' dir='ltr'>καθόδους·</span> <span class='ocrx_word' id='word_1_413' title='bbox 445 4281 498 4346; x_wconf 83' lang='grc' dir='ltr'>καὶ</span> <span class='ocrx_word' id='word_1_414' title='bbox 514 4280 581 4372; x_wconf 84' lang='grc' dir='ltr'>ἅμα</span> <span class='ocrx_word' id='word_1_415' title='bbox 598 4271 753 4369; x_wconf 87' lang='grc' dir='ltr'>δεχόμενα</span> <span class='ocrx_word' id='word_1_416' title='bbox 770 4278 823 4344; x_wconf 80' lang='grc' dir='ltr'>καί</span> <span class='ocrx_word' id='word_1_417' title='bbox 834 4332 840 4346; x_wconf 94' lang='grc'><strong><em>.</em></strong></span> <span class='ocrx_word' id='word_1_418' title='bbox 852 4332 859 4346; x_wconf 94' lang='grc'><strong>.</strong></span> <span class='ocrx_word' id='word_1_419' title='bbox 871 4282 949 4346; x_wconf 89' lang='grc' dir='ltr'>,λων</span> <span class='ocrx_word' id='word_1_420' title='bbox 974 4275 1045 4354; x_wconf 85' lang='grc' dir='ltr'>τοὺς</span> <span class='ocrx_word' id='word_1_421' title='bbox 1061 4279 1205 4368; x_wconf 86' lang='grc' dir='ltr'>κλήρους,</span> <span class='ocrx_word' id='word_1_422' title='bbox 1222 4275 1293 4354; x_wconf 85' lang='grc' dir='ltr'>τούς</span> <span class='ocrx_word' id='word_1_423' title='bbox 1309 4286 1371 4342; x_wconf 89' lang='grc' dir='ltr'>τῶν</span> <span class='ocrx_word' id='word_1_424' title='bbox 1390 4277 1464 4360; x_wconf 92' lang='grc' dir='ltr'>βίων</span> <span class='ocrx_word' id='word_1_425' title='bbox 1487 4298 1573 4365; x_wconf 90' lang='grc' dir='ltr'>περι.</span> <span class='ocrx_word' id='word_1_426' title='bbox 1585 4272 1689 4348; x_wconf 82' lang='grc' dir='ltr'>..κούς</span> <span class='ocrx_word' id='word_1_427' title='bbox 1705 4289 1755 4345; x_wconf 74' lang='grc' dir='ltr'>-ζ-ζ-.</span> <span class='ocrx_word' id='word_1_428' title='bbox 1772 4311 1814 4325; x_wconf 84' lang='lat'>-</span> 
     </span>
     <span class='ocr_line' id='line_1_33' title="bbox 269 4376 1812 4480; baseline -0.008 -25"><span class='ocrx_word' id='word_1_429' title='bbox 269 4394 385 4455; x_wconf 78' lang='grc' dir='ltr'>Οὐκοῦν</span> <span class='ocrx_word' id='word_1_430' title='bbox 406 4389 436 4455; x_wconf 83' lang='grc' dir='ltr'>έν</span> <span class='ocrx_word' id='word_1_431' title='bbox 455 4389 509 4480; x_wconf 87' lang='grc' dir='ltr'>μὲν</span> <span class='ocrx_word' id='word_1_432' title='bbox 526 4389 654 4479; x_wconf 90' lang='grc' dir='ltr'>λέγεται</span> <span class='ocrx_word' id='word_1_433' title='bbox 669 4387 739 4478; x_wconf 88' lang='grc' dir='ltr'>περί</span> <span class='ocrx_word' id='word_1_434' title='bbox 756 4389 868 4464; x_wconf 87' lang='grc' dir='ltr'>αὐτῶν,</span> <span class='ocrx_word' id='word_1_435' title='bbox 886 4389 936 4451; x_wconf 87' lang='grc' dir='ltr'>ὅτι</span> <span class='ocrx_word' id='word_1_436' title='bbox 954 4388 1025 4477; x_wconf 92' lang='grc' dir='ltr'>μίας</span> <span class='ocrx_word' id='word_1_437' title='bbox 1042 4384 1144 4476; x_wconf 78' lang='grc' dir='ltr'>ψυχῆς</span> <span class='ocrx_word' id='word_1_438' title='bbox 1161 4381 1201 4461; x_wconf 83' lang='grc' dir='ltr'>εἷς</span> <span class='ocrx_word' id='word_1_439' title='bbox 1218 4389 1301 4450; x_wconf 85' lang='grc' dir='ltr'>ἐστιν</span> <span class='ocrx_word' id='word_1_440' title='bbox 1314 4376 1443 4473; x_wconf 76' lang='grc' dir='ltr'>κλῆρος·</span> <span class='ocrx_word' id='word_1_441' title='bbox 1459 4387 1494 4448; x_wconf 83' lang='grc' dir='ltr'>ού</span> <span class='ocrx_word' id='word_1_442' title='bbox 1510 4382 1570 4476; x_wconf 87' lang='grc' dir='ltr'>γάρ</span> <span class='ocrx_word' id='word_1_443' title='bbox 1587 4385 1671 4448; x_wconf 89' lang='grc' dir='ltr'>ἐστιν</span> <span class='ocrx_word' id='word_1_444' title='bbox 1689 4381 1812 4470; x_wconf 82' lang='grc' dir='ltr'>κλήρων</span> 
     </span>
     <span class='ocr_line' id='line_1_34' title="bbox 269 4483 1815 4590; baseline -0.008 -26"><span class='ocrx_word' id='word_1_445' title='bbox 269 4501 381 4590; x_wconf 89' lang='grc' dir='ltr'>αίρεσις</span> <span class='ocrx_word' id='word_1_446' title='bbox 395 4496 433 4585; x_wconf 82' lang='lat'>³),</span> <span class='ocrx_word' id='word_1_447' title='bbox 451 4496 534 4562; x_wconf 91' lang='grc' dir='ltr'>ἀλλά</span> <span class='ocrx_word' id='word_1_448' title='bbox 552 4490 684 4587; x_wconf 81' lang='grc' dir='ltr'>διανομὴ</span> <span class='ocrx_word' id='word_1_449' title='bbox 710 4495 795 4561; x_wconf 88' lang='grc' dir='ltr'>κατά</span> <span class='ocrx_word' id='word_1_450' title='bbox 819 4495 879 4568; x_wconf 90' lang='grc' dir='ltr'>τὴν</span> <span class='ocrx_word' id='word_1_451' title='bbox 903 4490 992 4574; x_wconf 82' lang='grc' dir='ltr'>ἀξίαν</span> <span class='ocrx_word' id='word_1_452' title='bbox 1008 4495 1155 4578; x_wconf 87' lang='grc' dir='ltr'>ἑκάστης,</span> <span class='ocrx_word' id='word_1_453' title='bbox 1173 4494 1227 4560; x_wconf 72' lang='grc' dir='ltr'>τὀν</span> <span class='ocrx_word' id='word_1_454' title='bbox 1245 4497 1325 4579; x_wconf 84' lang='grc' dir='ltr'>αύτῇ</span> <span class='ocrx_word' id='word_1_455' title='bbox 1351 4493 1552 4583; x_wconf 89' lang='grc' dir='ltr'>προσήκοντα</span> <span class='ocrx_word' id='word_1_456' title='bbox 1574 4483 1755 4579; x_wconf 87' lang='grc' dir='ltr'>δεχομένης.</span> <span class='ocrx_word' id='word_1_457' title='bbox 1774 4529 1815 4538; x_wconf 92' lang='grc'>-</span> 
     </span>
     <span class='ocr_line' id='line_1_35' title="bbox 269 4595 1815 4698; baseline -0.008 -28"><span class='ocrx_word' id='word_1_458' title='bbox 269 4606 415 4698; x_wconf 83' lang='grc' dir='ltr'>Δεύτερον</span> <span class='ocrx_word' id='word_1_459' title='bbox 442 4596 475 4671; x_wconf 83' lang='grc' dir='ltr'>δὲ</span> <span class='ocrx_word' id='word_1_460' title='bbox 498 4606 612 4696; x_wconf 84' lang='grc' dir='ltr'>ἕτερον,</span> <span class='ocrx_word' id='word_1_461' title='bbox 636 4607 673 4670; x_wconf 81' lang='grc' dir='ltr'>τὸ</span> <span class='ocrx_word' id='word_1_462' title='bbox 690 4603 796 4669; x_wconf 88' lang='grc' dir='ltr'>πάντα</span> <span class='ocrx_word' id='word_1_463' title='bbox 812 4607 928 4693; x_wconf 81' lang='grc' dir='ltr'>κλῆρον</span> <span class='ocrx_word' id='word_1_464' title='bbox 945 4603 1095 4668; x_wconf 89' lang='grc' dir='ltr'>πλειόνων</span> <span class='ocrx_word' id='word_1_465' title='bbox 1112 4603 1176 4678; x_wconf 83' lang='grc' dir='ltr'>ἑνὸς</span> <span class='ocrx_word' id='word_1_466' title='bbox 1192 4595 1268 4666; x_wconf 87' lang='grc' dir='ltr'>εἶναι</span> <span class='ocrx_word' id='word_1_467' title='bbox 1284 4602 1357 4686; x_wconf 88' lang='grc' dir='ltr'>βίων</span> <span class='ocrx_word' id='word_1_468' title='bbox 1375 4597 1534 4688; x_wconf 78' lang='grc' dir='ltr'>περιοχὴν,</span> <span class='ocrx_word' id='word_1_469' title='bbox 1559 4596 1577 4670; x_wconf 88' lang='lat'>6</span> <span class='ocrx_word' id='word_1_470' title='bbox 1603 4606 1668 4673; x_wconf 88' lang='grc' dir='ltr'>πῶς</span> <span class='ocrx_word' id='word_1_471' title='bbox 1694 4601 1735 4671; x_wconf 85' lang='grc' dir='ltr'>εἰς</span> <span class='ocrx_word' id='word_1_472' title='bbox 1759 4597 1815 4662; x_wconf 81' lang='grc' dir='ltr'>τὸν</span> 
     </span>
     <span class='ocr_line' id='line_1_36' title="bbox 268 4704 1816 4803; baseline -0.006 -25"><span class='ocrx_word' id='word_1_473' title='bbox 268 4717 377 4779; x_wconf 84' lang='grc' dir='ltr'>οἰκεῖον</span> <span class='ocrx_word' id='word_1_474' title='bbox 396 4705 617 4779; x_wconf 65' lang='grc' dir='ltr'>ἀποβλέπουσα</span> <span class='ocrx_word' id='word_1_475' title='bbox 634 4715 760 4803; x_wconf 81' lang='grc' dir='ltr'>κλῆρον,</span> <span class='ocrx_word' id='word_1_476' title='bbox 773 4716 907 4801; x_wconf 83' lang='grc' dir='ltr'>αἱρεῖται</span> <span class='ocrx_word' id='word_1_477' title='bbox 925 4713 990 4795; x_wconf 92' lang='grc' dir='ltr'>βίον</span> <span class='ocrx_word' id='word_1_478' title='bbox 1008 4710 1040 4776; x_wconf 86' lang='grc' dir='ltr'>όν</span> <span class='ocrx_word' id='word_1_479' title='bbox 1057 4709 1146 4798; x_wconf 83' lang='grc' dir='ltr'>ἐθέλη</span> <span class='ocrx_word' id='word_1_480' title='bbox 1165 4709 1282 4782; x_wconf 83' lang='grc' dir='ltr'>ἑκάστη</span> <span class='ocrx_word' id='word_1_481' title='bbox 1302 4717 1365 4772; x_wconf 88' lang='grc' dir='ltr'>τῶν</span> <span class='ocrx_word' id='word_1_482' title='bbox 1382 4704 1506 4798; x_wconf 86' lang='grc' dir='ltr'>ψυχῶν;</span> <span class='ocrx_word' id='word_1_483' title='bbox 1525 4747 1565 4756; x_wconf 95' lang='grc'>-</span> <span class='ocrx_word' id='word_1_484' title='bbox 1583 4708 1708 4796; x_wconf 90' lang='grc' dir='ltr'>Τρίτον,</span> <span class='ocrx_word' id='word_1_485' title='bbox 1721 4707 1771 4772; x_wconf 86' lang='grc' dir='ltr'>ὅτι</span> <span class='ocrx_word' id='word_1_486' title='bbox 1787 4710 1816 4769; x_wconf 86' lang='grc' dir='ltr'>οἱ</span> 
     </span>
    </p>
   </div>
   <div class='ocr_carea' id='block_1_6' title="bbox 268 4919 1814 5458">
    <p class='ocr_par' dir='ltr' id='par_1_8' title="bbox 268 4919 1813 5092">
     <span class='ocr_line' id='line_1_37' title="bbox 305 4919 1813 5005; baseline -0.007 -20"><span class='ocrx_word' id='word_1_487' title='bbox 305 4929 327 5005; x_wconf 87' lang='lat'>¹)</span> <span class='ocrx_word' id='word_1_488' title='bbox 345 4929 402 4985; x_wconf 89' lang='grc' dir='ltr'>Ηίο</span> <span class='ocrx_word' id='word_1_489' title='bbox 419 4928 478 4985; x_wconf 80' lang='lat' dir='ltr'>loci</span> <span class='ocrx_word' id='word_1_490' title='bbox 491 4927 655 4986; x_wconf 74' lang='lat' dir='ltr'><strong>asteriscus</strong></span> <span class='ocrx_word' id='word_1_491' title='bbox 668 4928 803 5002; x_wconf 76' lang='lat' dir='ltr'><strong>rejicitur</strong></span> <span class='ocrx_word' id='word_1_492' title='bbox 821 4928 852 4986; x_wconf 91' lang='lat' dir='ltr'>in</span> <span class='ocrx_word' id='word_1_493' title='bbox 870 4927 1012 5002; x_wconf 70' lang='lat' dir='ltr'><strong>margine,</strong></span> <span class='ocrx_word' id='word_1_494' title='bbox 1067 4929 1170 4985; x_wconf 80' lang='lat' dir='ltr'><em>animo</em></span> <span class='ocrx_word' id='word_1_495' title='bbox 1182 4929 1236 4982; x_wconf 84' lang='lat' dir='ltr'>eto.</span> <span class='ocrx_word' id='word_1_496' title='bbox 1249 4924 1296 4980; x_wconf 83' lang='lat' dir='ltr'>Ex</span> <span class='ocrx_word' id='word_1_497' title='bbox 1308 4921 1432 4979; x_wconf 74' lang='lat' dir='ltr'><strong>arbitrio</strong></span> <span class='ocrx_word' id='word_1_498' title='bbox 1450 4921 1567 4996; x_wconf 83' lang='lat' dir='ltr'><strong>positus</strong></span> <span class='ocrx_word' id='word_1_499' title='bbox 1585 4921 1612 4977; x_wconf 86' lang='lat' dir='ltr'>is</span> <span class='ocrx_word' id='word_1_500' title='bbox 1626 4919 1735 4976; x_wconf 85' lang='lat' dir='ltr'><strong>titulus</strong></span> <span class='ocrx_word' id='word_1_501' title='bbox 1753 4936 1813 4975; x_wconf 89' lang='lat' dir='ltr'>nou</span> 
     </span>
     <span class='ocr_line' id='line_1_38' title="bbox 268 5009 1812 5092; baseline -0.005 -18"><span class='ocrx_word' id='word_1_502' title='bbox 268 5018 348 5092; x_wconf 88' lang='lat' dir='ltr'>quod</span> <span class='ocrx_word' id='word_1_503' title='bbox 365 5016 471 5074; x_wconf 83' lang='lat' dir='ltr'>nullibi</span> <span class='ocrx_word' id='word_1_504' title='bbox 490 5017 627 5074; x_wconf 76' lang='lat' dir='ltr'>occurrit</span> <span class='ocrx_word' id='word_1_505' title='bbox 1066 5018 1125 5076; x_wconf 89' lang='lat' dir='ltr'><strong>nisi</strong></span> <span class='ocrx_word' id='word_1_506' title='bbox 1144 5015 1246 5091; x_wconf 77' lang='lat' dir='ltr'><strong>paucis</strong></span> <span class='ocrx_word' id='word_1_507' title='bbox 1266 5013 1461 5088; x_wconf 81' lang='lat' dir='ltr'><strong>sequentibus</strong></span> <span class='ocrx_word' id='word_1_508' title='bbox 1480 5012 1615 5086; x_wconf 76' lang='lat' dir='ltr'><strong>quadret.</strong></span> <span class='ocrx_word' id='word_1_509' title='bbox 1633 5009 1747 5068; x_wconf 81' lang='lat' dir='ltr'><strong>Alletio</strong></span> <span class='ocrx_word' id='word_1_510' title='bbox 1766 5028 1812 5067; x_wconf 91' lang='grc' dir='ltr'>οο-</span> 
     </span>
    </p>

    <p class='ocr_par' dir='ltr' id='par_1_9' title="bbox 268 5100 1814 5458">
     <span class='ocr_line' id='line_1_39' title="bbox 305 5100 1814 5182; baseline -0.009 -15"><span class='ocrx_word' id='word_1_511' title='bbox 305 5110 328 5182; x_wconf 83' lang='lat'>²)</span> <span class='ocrx_word' id='word_1_512' title='bbox 341 5109 403 5166; x_wconf 83' lang='lat' dir='ltr'>Leo</span> <span class='ocrx_word' id='word_1_513' title='bbox 415 5107 555 5180; x_wconf 64' lang='lat' dir='ltr'><strong>Metius,</strong></span> <span class='ocrx_word' id='word_1_514' title='bbox 568 5109 721 5166; x_wconf 86' lang='lat' dir='ltr'><strong>Holetenii</strong></span> <span class='ocrx_word' id='word_1_515' title='bbox 734 5109 840 5181; x_wconf 82' lang='lat' dir='ltr'>socius,</span> <span class='ocrx_word' id='word_1_516' title='bbox 858 5107 1016 5182; x_wconf 74' lang='lat' dir='ltr'><strong>sequentia</strong></span> <span class='ocrx_word' id='word_1_517' title='bbox 1067 5110 1226 5166; x_wconf 73' lang='lat' dir='ltr'><strong>currerunt</strong></span> <span class='ocrx_word' id='word_1_518' title='bbox 1245 5103 1350 5163; x_wconf 77' lang='lat' dir='ltr'><strong>eedem</strong></span> <span class='ocrx_word' id='word_1_519' title='bbox 1362 5120 1439 5177; x_wconf 82' lang='lat' dir='ltr'><strong>quue</strong></span> <span class='ocrx_word' id='word_1_520' title='bbox 1451 5121 1530 5160; x_wconf 85' lang='lat' dir='ltr'>nuno</span> <span class='ocrx_word' id='word_1_521' title='bbox 1541 5119 1596 5159; x_wconf 87' lang='lat' dir='ltr'>nos</span> <span class='ocrx_word' id='word_1_522' title='bbox 1609 5100 1736 5158; x_wconf 77' lang='lat' dir='ltr'><strong>vulnera</strong></span> <span class='ocrx_word' id='word_1_523' title='bbox 1751 5115 1814 5156; x_wconf 83' lang='lat' dir='ltr'><strong>ver-</strong></span> 
     </span>
     <span class='ocr_line' id='line_1_40' title="bbox 268 5187 1814 5272; baseline -0.008 -16"><span class='ocrx_word' id='word_1_524' title='bbox 268 5198 427 5272; x_wconf 84' lang='lat' dir='ltr'><strong>desoripsit</strong></span> <span class='ocrx_word' id='word_1_525' title='bbox 443 5199 475 5255; x_wconf 90' lang='lat' dir='ltr'>in</span> <span class='ocrx_word' id='word_1_526' title='bbox 498 5197 559 5255; x_wconf 84' lang='lat' dir='ltr'>eod.</span> <span class='ocrx_word' id='word_1_527' title='bbox 579 5198 742 5256; x_wconf 76' lang='lat' dir='ltr'><strong>Barberiuo</strong></span> <span class='ocrx_word' id='word_1_528' title='bbox 761 5217 780 5254; x_wconf 84' lang='grc' dir='ltr'>ο,</span> <span class='ocrx_word' id='word_1_529' title='bbox 797 5197 847 5254; x_wconf 90' lang='lat' dir='ltr'>fol.</span> <span class='ocrx_word' id='word_1_530' title='bbox 868 5199 911 5266; x_wconf 83' lang='grc'>76,</span> <span class='ocrx_word' id='word_1_531' title='bbox 932 5215 1016 5272; x_wconf 81' lang='lat' dir='ltr'><strong>pree·</strong></span> <span class='ocrx_word' id='word_1_532' title='bbox 1067 5217 1155 5256; x_wconf 84' lang='lat' dir='ltr'><strong>suum</strong></span> <span class='ocrx_word' id='word_1_533' title='bbox 1169 5195 1332 5255; x_wconf 83' lang='lat' dir='ltr'><strong>offendunt.</strong></span> <span class='ocrx_word' id='word_1_534' title='bbox 1343 5194 1401 5253; x_wconf 83' lang='lat' dir='ltr'>Sed</span> <span class='ocrx_word' id='word_1_535' title='bbox 1410 5193 1489 5251; x_wconf 83' lang='lat' dir='ltr'><strong>inire</strong></span> <span class='ocrx_word' id='word_1_536' title='bbox 1497 5189 1641 5266; x_wconf 82' lang='lat' dir='ltr'><strong>integrior</strong></span> <span class='ocrx_word' id='word_1_537' title='bbox 1652 5189 1715 5246; x_wconf 83' lang='lat' dir='ltr'>eod.</span> <span class='ocrx_word' id='word_1_538' title='bbox 1725 5187 1814 5244; x_wconf 86' lang='lat' dir='ltr'><strong>inter·</strong></span> 
     </span>
     <span class='ocr_line' id='line_1_41' title="bbox 269 5279 1813 5364; baseline -0.008 -18"><span class='ocrx_word' id='word_1_539' title='bbox 269 5289 362 5346; x_wconf 79' lang='lat' dir='ltr'><strong>misso</strong></span> <span class='ocrx_word' id='word_1_540' title='bbox 375 5290 425 5347; x_wconf 81' lang='lat' dir='ltr'>fol.</span> <span class='ocrx_word' id='word_1_541' title='bbox 436 5290 472 5345; x_wconf 75' lang='lat'>75</span> <span class='ocrx_word' id='word_1_542' title='bbox 483 5307 587 5363; x_wconf 82' lang='lat' dir='ltr'>vuouo,</span> <span class='ocrx_word' id='word_1_543' title='bbox 601 5295 720 5364; x_wconf 81' lang='lat' dir='ltr'><strong>praeter</strong></span> <span class='ocrx_word' id='word_1_544' title='bbox 732 5290 855 5347; x_wconf 88' lang='lat' dir='ltr'><strong>titulum</strong></span> <span class='ocrx_word' id='word_1_545' title='bbox 867 5289 952 5346; x_wconf 89' lang='lat' dir='ltr'><strong>illum</strong></span> <span class='ocrx_word' id='word_1_546' title='bbox 965 5289 1017 5363; x_wconf 91' lang='lat' dir='ltr'>qui</span> <span class='ocrx_word' id='word_1_547' title='bbox 1069 5290 1139 5346; x_wconf 86' lang='lat' dir='ltr'>dum</span> <span class='ocrx_word' id='word_1_548' title='bbox 1157 5285 1270 5344; x_wconf 82' lang='lat' dir='ltr'><strong>Alletio</strong></span> <span class='ocrx_word' id='word_1_549' title='bbox 1288 5285 1374 5359; x_wconf 70' lang='lat' dir='ltr'><strong>ferit,</strong></span> <span class='ocrx_word' id='word_1_550' title='bbox 1387 5285 1435 5344; x_wconf 89' lang='lat' dir='ltr'>oui</span> <span class='ocrx_word' id='word_1_551' title='bbox 1448 5286 1543 5344; x_wconf 86' lang='lat' dir='ltr'><strong>obiter</strong></span> <span class='ocrx_word' id='word_1_552' title='bbox 1555 5281 1672 5340; x_wconf 79' lang='lat' dir='ltr'><strong>incluse</strong></span> <span class='ocrx_word' id='word_1_553' title='bbox 1689 5279 1813 5337; x_wconf 79' lang='lat' dir='ltr'><strong>tribues.</strong></span> 
     </span>
     <span class='ocr_line' id='line_1_42' title="bbox 269 5377 1556 5458; baseline -0.002 -20"><span class='ocrx_word' id='word_1_554' title='bbox 269 5379 302 5438; x_wconf 91' lang='lat' dir='ltr'>iu</span> <span class='ocrx_word' id='word_1_555' title='bbox 321 5379 671 5456; x_wconf 81' lang='lat' dir='ltr'>eodioenoueomperet:</span> <span class='ocrx_word' id='word_1_556' title='bbox 689 5379 851 5456; x_wconf 77' lang='lat' dir='ltr'>Exceptio</span> <span class='ocrx_word' id='word_1_557' title='bbox 870 5383 1016 5458; x_wconf 76' lang='lat' dir='ltr'><em>quomodo</em></span> <span class='ocrx_word' id='word_1_558' title='bbox 1073 5392 1075 5397; x_wconf 84' lang='grc'><strong>’</strong></span> <span class='ocrx_word' id='word_1_559' title='bbox 1104 5382 1127 5456; x_wconf 87' lang='lat'>³)</span> <span class='ocrx_word' id='word_1_560' title='bbox 1147 5377 1216 5437; x_wconf 81' lang='lat' dir='ltr'>cod.</span> <span class='ocrx_word' id='word_1_561' title='bbox 1236 5395 1271 5436; x_wconf 81' lang='lat' dir='ltr'>ae</span> <span class='ocrx_word' id='word_1_562' title='bbox 1291 5378 1381 5436; x_wconf 84' lang='lat' dir='ltr'><strong>simul</strong></span> <span class='ocrx_word' id='word_1_563' title='bbox 1400 5379 1427 5434; x_wconf 85' lang='grc' dir='ltr'>Α</span> <span class='ocrx_word' id='word_1_564' title='bbox 1446 5378 1556 5448; x_wconf 76' lang='grc' dir='ltr'>αἱρέσεις-</span> 
     </span>
    </p>
   </div>
   <div class='ocr_carea' id='block_1_7' title="bbox 0 0 1995 6068">
    <p class='ocr_par' dir='ltr' id='par_1_10' title="bbox 0 0 1995 6068">
     <span class='ocr_line' id='line_1_43' title="bbox 0 0 1995 6068; baseline 0 0"><span class='ocrx_word' id='word_1_565' title='bbox 0 0 1995 6068; x_wconf 95' lang='lat' dir='ltr'> </span> 
     </span>
    </p>
   </div>
  </div>
 </body>
</html>
