4006 6074
740 525 779 600 0.
816 521 855 600 V.
884 523 1073 618 Aquiliana
1100 523 1271 600 Juveneus

444 695 486 732 ¹¹⁵
509 697 556 765 Ul
579 697 716 766 decimos
740 697 837 764 eliam
860 702 951 764 texet
974 699 1132 765 senlenlia
1155 698 1291 780 fruetus,

509 805 543 873 Si
566 805 695 872 libitum
718 805 856 871 relinere
879 827 987 890 pecus,
1010 825 1164 891 agrumve
1187 805 1368 885 (lammae,

509 914 666 982 Donenlis
689 916 748 982 sub
772 915 842 981 iure
864 913 938 996 fuit,
962 935 1033 980 mor
1056 913 1175 1000 pendet
1197 914 1237 980 sd
1259 913 1344 979 aliar

513 1022 685 1092 Commode
707 1045 790 1109 quae
812 1023 927 1109 pretiis
949 1023 1104 1091 indueunb
1124 1021 1293 1090 eoncordia
1315 1020 1438 1087 nummi
1456 1016 1490 1108 ¹).

1026 1237 1086 1305 VI.

551 1454 716 1541 Inierea')
740 1456 884 1523 tribuum
907 1477 1065 1541 proceres,
1090 1455 1144 1541 pia
1167 1456 1250 1522 done
1272 1455 1420 1539 ferentes,

447 1558 488 1600 ¹⁸⁰
512 1566 673 1633 Discretos
686 1561 712 1647 ³)
737 1565 879 1631 habuere
902 1564 986 1644 dies;
1010 1587 1147 1650 namque
1170 1563 1299 1652 agmina
1322 1565 1424 1650 plebis

510 1673 593 1741 Suni
615 1674 848 1759 qninquaginta
870 1672 966 1738 simul
989 1673 1105 1758 viginti
1129 1677 1161 1740 el
1183 1673 1285 1739 millia
1308 1674 1384 1740 bina

509 1781 566 1848 Bis
589 1781 677 1848 denis
699 1782 835 1849 ducenta
857 1781 949 1846 viris:
973 1802 1110 1866 quorum
1134 1781 1235 1848 ordini
1260 1781 1364 1865 primo

509 1890 608 1957 Vovit
630 1890 710 1957 lude
733 1890 838 1956 tribus
862 1888 991 1970 donum,
1015 1889 1159 1956 Nassone
1181 1890 1322 1972 tribuno,

511 1999 550 2065 In
573 2021 637 2083 quo
660 2021 735 2065 vase
758 1999 844 2065 dedit
867 2001 1003 2084 argeubo
1026 1998 1164 2085 insignia
1187 1997 1287 2080 fulvo,

446 2103 488 2146 ¹³⁵
512 2106 601 2184 Quae
625 2105 721 2173 simul
744 2107 880 2192 expletis
902 2105 1025 2173 funiunl
1047 2106 1097 2172 bis
1120 2107 1260 2192 pondera
1283 2111 1412 2173 eentum

511 2215 620 2302 Atque
643 2216 760 2299 decem,
784 2217 876 2282 nives
898 2237 1047 2301 prorsum
1070 2214 1198 2301 siligine
1221 2216 1327 2301 plena,

510 2325 681 2394 Sacrorum
704 2346 743 2391 ex
766 2347 854 2390 more
878 2325 946 2392 rivo
970 2323 1136 2390 viridantis
1159 2323 1234 2390 olivi
1248 2322 1273 2406 ⁴)

511 2431 731 2513 Praemsdida,
754 2431 954 2517 vitulumque
977 2431 1092 2499 dehine
1114 2451 1296 2516 agnumque
1320 2432 1487 2513 nitentem,

513 2541 719 2626 Arietemque
742 2540 848 2624 simul,
872 2541 991 2606 haedus
1014 2541 1065 2606 eui
1084 2540 1235 2625 jungitur
1257 2539 1378 2621 albens,

447 2646 488 2683 ¹⁴⁰
512 2648 573 2726 Qui
596 2652 729 2734 peecata
751 2647 847 2730 lessi,
871 2647 967 2714 simili
991 2670 1064 2715 eum
1086 2648 1192 2713 fronbe
1212 2648 1378 2733 juvencus,

512 2757 585 2824 Una
606 2756 672 2822 dies
695 2777 777 2842 quae
799 2778 889 2822 saera
911 2755 1035 2838 vivunt,
1058 2756 1226 2824 coniuncte
1248 2755 1365 2836 seluti3

512 2865 640 2932 Arieiee
663 2865 803 2950 quinque
826 2863 1006 2949 hircosque,
1030 2884 1193 2950 agnasque
1216 2869 1384 2950 sequentes

413 2998 418 3010 ·
514 2972 678 3040 Consimili
702 2995 846 3056 numero,
869 2973 983 3058 primis
1007 2977 1081 3039 sunl
1104 2973 1245 3038 muneris
1266 2973 1338 3041 isla.

558 3083 635 3150 Post
657 3083 736 3150 haee
758 3103 902 3168 quaeque
924 3081 1029 3148 tribus
1053 3081 1197 3148 discretis
1219 3081 1306 3148 laete
1329 3083 1440 3148 diebus

449 3187 491 3231 ¹⁴⁵
514 3191 608 3258 Dona
631 3191 729 3272 dedii,
753 3212 908 3276 nusquam
933 3190 1077 3257 fraterno
1100 3191 1134 3256 iu
1157 3212 1287 3257 munere
1311 3191 1441 3272 discors,

514 3298 670 3366 Omnibus
693 3298 727 3365 in
750 3298 833 3365 vasis
856 3299 977 3384 pariber
1000 3299 1027 3365 si
1049 3321 1174 3366 summa
1195 3299 1330 3367 loeebur.

513 3406 560 3474 Ar
582 3429 658 3474 vero
681 3407 714 3473 in
737 3407 865 3493 gabatis
879 3404 904 3489 ⁶)
928 3406 1054 3474 caelabo
1077 3407 1261 3474 ardentibus
1284 3431 1374 3490 auro,

514 3515 640 3602 Viginti
662 3518 853 3600 eenbumque
876 3516 955 3581 liant
978 3537 1035 3600 per
1057 3515 1198 3601 pondera
1219 3516 1332 3584 librae.

513 3623 603 3691 Haeo
625 3623 681 3689 ubi
704 3623 831 3689 devovit
854 3645 1017 3690 sacrorum
1040 3624 1179 3710 insignis
1202 3628 1289 3691 veles
1304 3620 1330 3706 ⁶)

450 3727 492 3772 ¹⁶⁰
515 3731 677 3799 Effenlem
699 3730 872 3797 Dominum
895 3735 1021 3798 sacrate
1044 3731 1165 3797 audivit
1189 3732 1222 3798 in
1246 3733 1341 3812 eede3

514 3839 600 3905 Dum
622 3859 718 3923 super
740 3837 855 3904 eximia
877 3837 1013 3904 rulilens
1037 3837 1168 3924 fastigia
1190 3840 1316 3922 caudet,

515 3947 622 4032 Atque
645 3944 805 4012 Cherubin
829 3945 977 4012 ostendat
988 3941 1016 4030 ⁷)
1040 3945 1192 4031 dogmata
1213 3947 1307 4033 legis.

514 4053 584 4122 Nee
606 4054 711 4120 minus
735 4059 767 4121 el
791 4055 913 4139 positae
936 4054 1061 4120 diversa
1081 4055 1115 4120 in
1139 4059 1231 4139 parle
1254 4055 1401 4122 lucernae

515 4161 570 4229 Bis
593 4183 684 4228 senas
705 4182 857 4227 vomuere
880 4162 975 4244 faces,
998 4183 1079 4246 quas
1101 4161 1252 4229 candidus
1276 4162 1353 4229 ordo

452 4267 493 4311 ¹⁵⁵
517 4269 701 4336 Distinebim
725 4268 859 4336 rutilare
882 4270 978 4351 dedit,
1002 4270 1078 4336 dum
1101 4269 1233 4336 brachis
1257 4271 1401 4355 pandunt

517 4377 626 4445 Aures
648 4375 838 4459 cereforum,
862 4377 998 4444 discrele
1021 4381 1056 4443 el
1076 4377 1199 4444 lumina
1221 4377 1327 4445 fuleil.

562 4486 690 4554 Interes
712 4485 819 4566 levite,
842 4507 955 4552 manus
968 4480 993 4568 ⁸)
1017 4485 1149 4551 donaria
1172 4489 1323 4566 brecbam,

518 4593 548 4661 A
573 4593 620 4661 bis
642 4593 760 4662 vicenis
784 4598 816 4659 et
839 4593 978 4679 quinque
1001 4593 1182 4659 adsumitur
1204 4592 1305 4674 annis,

519 4703 562 4770 lli
584 4703 639 4789 qui
663 4701 830 4770 servilium
849 4701 918 4787 jem
941 4701 1029 4767 denis
1051 4700 1219 4786 quinquies
1243 4701 1344 4768 annis.

454 4805 496 4844 ¹⁶⁰
518 4809 679 4898 Explerit‚
702 4809 833 4877 Domini
855 4831 973 4878 vaenue
996 4810 1039 4876 sil
1061 4831 1139 4876 eura
1160 4808 1303 4895 parendi,

274 5000 297 5075 ι)
316 4999 353 5058 In
372 5001 471 5060 codiee
490 5003 530 5060 A:
549 5003 632 5062 mnu
650 5004 725 5062 liber
743 5007 885 5062 leviticus.
1079 5005 1103 5074 ⁴)
1124 5001 1215 5061 codd.
1234 5002 1319 5060 olivo.
1429 5011 1433 5018 ·

274 5089 297 5162 ¹)
315 5087 426 5163 Incipit
444 5091 521 5148 liber
537 5109 735 5164 numerorum,
755 5097 787 5149 et
798 5093 855 5150 hos
865 5109 898 5151 vr
911 5091 989 5150 udde
1078 5093 1101 5166 ⁵)
1122 5093 1239 5149 Gabali.

238 5179 340 5250 specu.
359 5180 471 5254 pagina
488 5181 543 5238 288
560 5189 630 5241 ante
647 5201 676 5243 r.
694 5182 756 5256 ³10,
776 5187 808 5241 et
826 5183 864 5241 ef.
875 5183 989 5242 Nume·
1077 5182 1100 5254 6)
1119 5181 1210 5239 Oodd.
1228 5197 1386 5239 sauronam
1404 5181 1503 5255 eiqnla
1522 5179 1619 5238 valle:

239 5285 297 5325 ror.
316 5285 379 5342 esp.
398 5283 443 5326 vn
461 5285 490 5327 v.
510 5272 543 5326 11
563 5287 626 5344 sqq.
646 5289 708 5345 esp.
727 5287 792 5331 vm.
1077 5271 1101 5345 ⁷)
1118 5269 1174 5328 Iid.
1193 5273 1337 5329 ostendat.

274 5357 298 5434 ³)
317 5357 407 5416 code
428 5359 583 5416 discretus.
1076 5361 1100 5435 ⁸)
1117 5359 1171 5418 Iid.
1190 5377 1309 5418 manue.
