3944 6074
526 489 703 562 Numerus
720 487 894 562 hominum
907 487 1083 580 perfectus
1100 495 1147 562 est
1166 488 1304 582 duplex.
1639 500 1692 556 νον

148 686 223 740 σεως
248 662 350 728 αἰτίαν
375 663 541 735 ἀκίνητον·
566 661 634 728 έπεί
657 654 709 726 οὖν
733 660 786 726 καί
816 662 853 726 τό
885 657 1085 748 ἀνθρώπειον]
1112 660 1247 752 γενητόν
1278 662 1343 751 ἔχει
1372 652 1551 752 περιόδους,
1580 665 1619 748 [εἰ
1641 663 1696 727 καί

148 771 291 860 ἀμείνους
315 769 334 844 ῆ
359 771 490 860 χείρους,
506 771 591 835 Ιεστίν
608 792 656 846 τις
671 774 699 856 ό]
719 770 773 834 καί
788 769 909 836 τούτων
929 770 1130 860 [μετρητικός
1146 769 1204 860 πρὸ
1221 779 1283 835 τῶν
1300 768 1371 834 καθ’
1396 769 1537 860 ἀριθμόν]
1563 794 1696 862 μετρου-

148 879 248 969 μένων
276 881 303 964 [ό
328 888 450 969 μετρῶν
474 876 584 956 αότάς.
608 880 646 943 Εί
665 878 702 946 τέ
724 880 784 967 τις]
808 877 987 970 Προμηθεὺς
1004 876 1057 960 ὢν,
1075 879 1138 942 είτε
1155 877 1219 964 [καί
1236 877 1331 954 ἀλλος
1348 903 1395 956 τις
1418 889 1482 945 τῶν
1505 880 1695 968 τελούντων]

148 985 209 1053 όπό
232 987 287 1052 τόν
312 987 366 1052 ἕνα
388 996 447 1064 τῆς
473 985 587 1074 [πάσης
611 989 722 1074 αίτιον]
746 988 985 1079 παλιγγενεσίας
1002 984 1082 1069 θεὸν,
1099 987 1130 1051 έν
1147 1009 1184 1051 τε
1200 997 1265 1063 τοῖς
1293 985 1396 1074 [θείοις
1419 989 1579 1077 γενη]τοῖς
1602 989 1695 1066 οόσης

107 1123 120 1164 ε
149 1095 280 1171 καὶτοῖς
295 1093 338 1185 μὴ
354 1091 452 1171 θείοις.
469 1097 573 1180 Εᾶσψα
586 1095 658 1186 γάρ]
672 1102 692 1166 ῆ
707 1095 835 1184 χρονικίη
849 1095 873 1182 ¹)
887 1093 972 1186 σειρά
984 1105 1040 1160 τοῦ
1053 1095 1117 1170 ένθς
1133 1097 1249 1161 ἐκείνου
1267 1093 1336 1161 θεοῦ
1355 1090 1526 1184 [ἑξῆπται],
1540 1108 1695 1190 μετροῦσα

149 1213 195 1288 τῷ
218 1202 314 1269 πάλιν
338 1201 393 1268 καί
415 1201 510 1268 πάλιν
534 1201 594 1275 τὴν
618 1202 944 1290 ἀπ[οκατά]στασιν’)
967 1203 1109 1270 ἑκάστων
1127 1201 1197 1268 καθ’
1214 1205 1267 1270 ἕνα
1283 1205 1339 1270 καί
1362 1207 1416 1271 τόν
1440 1207 1536 1271 αὐτόν
1563 1206 1695 1293 [τόπονψ

151 1304 212 1378 δεῖν
237 1305 289 1377 οὖν
312 1311 414 1402 λέγω,
440 1311 493 1375 καί
516 1312 572 1376 τόν
604 1311 706 1403 κόριον
735 1321 797 1376 τῶν
826 1311 996 1399 ἀμεινόνων
1019 1312 1074 1378 καί
1096 1313 1244 1405 χειρόνων
1269 1324 1324 1379 τοῦ
1349 1311 1539 1402 ἀνθρωπείου
1563 1325 1696 1407 γενητοῦ

151 1411 327 1511 [περιψόδων
351 1417 481 1509 ἀριθμόν
505 1423 589 1510 όράν,
614 1420 657 1510 μὴ
677 1419 770 1509 μόνον
788 1423 819 1484 έν
837 1422 945 1496 αὑταῖς
964 1421 1038 1507 [καί]
1058 1427 1130 1486 κατ’
1156 1421 1250 1486 αὐτόν
1275 1423 1560 1511 ἀνακυκλουμέναις
1584 1420 1697 1512 ψυχαῖς

151 1529 228 1616 [καί]
253 1526 472 1603 συντελοόσαις
490 1533 531 1602 εἰς
548 1528 586 1593 τό
603 1526 791 1618 ἀνθρώπειον
808 1529 954 1619 γενητόν,
975 1521 1081 1619 [μηψδέ
1096 1533 1127 1595 ἐν
1143 1540 1185 1615 τῇ
1207 1531 1386 1621 Εἱμαρμένῃ
1408 1531 1514 1620 μόνον,
1532 1529 1616 1596 ἀλλά
1638 1531 1698 1622 πρό

94 1659 121 1698 ιν
150 1637 294 1725 τοόψτων]
315 1636 410 1702 αὐτόν
428 1635 496 1702 καθ’
514 1636 653 1723 αὐτόν’),
671 1631 742 1702 εἶτα
757 1637 810 1702 καί
824 1639 855 1704 ἐν
872 1649 913 1725 τῆ
935 1637 1110 1728 Εἱμαρμένῃ
1130 1638 1184 1703 καί
1200 1649 1270 1716 ταῖς
1286 1635 1411 1729 ψυχαῖς.
1427 1640 1471 1704 Τό
1487 1638 1548 1731 γάρ
1572 1639 1697 1729 ἄμεινον

149 1746 203 1811 καί
224 1744 262 1810 τό
286 1755 391 1835 χεῖρον
414 1754 478 1812 τῶν
502 1743 650 1836 γενέσεων
675 1745 736 1811 ἀπθ
751 1757 811 1822 τῆς
826 1755 915 1822 ποιάς
931 1740 1012 1826 ζωῆς
1036 1755 1099 1811 τῶν
1123 1744 1230 1836 ψυχῶν
1254 1747 1308 1812 καί
1331 1747 1393 1814 ἀπὸ
1417 1756 1480 1813 τῶν
1504 1750 1696 1839 εἰμαρμένων

150 1853 364 1943 συμπλέκεται
379 1843 541 1944 περιόδων·
558 1858 584 1918 εἰ
599 1847 653 1919 οὖν
670 1853 854 1945 ἀμφοτέρων
871 1855 1049 1946 Εἱμαρμένη
1068 1855 1205 1947 περιέχει
1219 1855 1281 1928 τῆν
1298 1858 1402 1920 αἰτίαν
1418 1866 1483 1922 τῶν
1499 1880 1536 1922 τε
1552 1859 1698 1948 εὐγονιῶν

150 1961 203 2028 καί
226 1971 289 2026 τῶν
314 1953 494 2052 δυσγονιῶν,
519 1965 535 2025 ό
560 1951 594 2028 δέ
618 1951 745 2040 διπλοῦς
769 1958 857 2042 οὗτος
881 1961 1008 2054 ἀριθμός
1030 1952 1232 2053 παράδειγμά
1255 1965 1339 2027 ἐστιν
1365 1965 1491 2053 ἀμφοῖν,
1511 1965 1557 2036 είη
1583 1961 1620 2029 ἀν
1644 1963 1698 2029 καί

149 2074 180 2136 έν
205 2080 246 2157 τῆ
272 2068 452 2160 Εἱμαρμένῃ
478 2068 603 2146 πάντως
628 2070 681 2134 καί
706 2069 850 2148 εἰκότως·
875 2060 981 2142 ἑπειδῆ
1007 2069 1061 2133 καί
1088 2069 1204 2156 πάψοης
1229 2071 1307 2156 (ίοί.
1332 2074 1373 2139 39
1399 2075 1452 2156 v.)
1475 2082 1534 2148 τῆς
1558 2095 1696 2137 ...στον

94 2197 121 2236 ιε
149 2177 279 2269 ἀριθμόν
302 2179 562 2267 περιείληφεν...
586 2177 644 2253 τάς
668 2176 751 2255 θείας
775 2179 794 2254 ῆ
819 2189 884 2256 πῶς
901 2177 1133 2250 ἀποκαθίστησι
1148 2177 1204 2244 τὸν
1221 2179 1339 2268 κοσμθν
1362 2178 1447 2245 κατά
1470 2179 1543 2258 τοὺς
1566 2181 1696 2258 οἰκείους

149 2289 246 2378 ὅρους,
269 2285 397 2352 πάντων
420 2279 498 2351 οὖσα
521 2286 668 2360 κινητικῆ
693 2297 757 2352 τῶν
781 2289 967 2378 έγκοσμίων,
986 2296 1049 2351 τῶν
1075 2286 1279 2378 βραχυπόρων
1304 2287 1357 2351 καί
1381 2287 1597 2379 μακροπόρων,
1621 2291 1694 2353 ἀλλ’

150 2395 249 2467 αὐτὴν
273 2393 396 2485 ἀνάγκη
424 2394 477 2458 καί
499 2397 530 2459 ἐν
556 2399 664 2471 αὑταῖς
687 2390 765 2461 εἶναι
780 2396 893 2462 τοῦτόν
910 2420 947 2488 γε
962 2405 1031 2472 ταῖς
1048 2392 1170 2485 ψυχαῖς,
1186 2405 1256 2471 ταῖς
1273 2401 1314 2474 εἰς
1338 2395 1375 2460 τό
1400 2395 1588 2488 ἀνθρώπειον
1606 2397 1694 2488 γένος

150 2502 265 2579 ἰοόσαις
288 2496 446 2581 ζωτικαῖς·
472 2504 685 2580 αότοκῖνήπως
701 2503 762 2595 γάρ
778 2496 870 2582 ζῶσιν
887 2503 940 2568 καί
956 2507 990 2568 οό
1006 2503 1212 2594 περιάγονται
1229 2504 1322 2594 μόνον
1339 2503 1398 2569 ὑπό
1414 2515 1472 2580 τῆς
1488 2505 1696 2596 Εἰμαρμένης,

149 2613 251 2704 ὥσπερ
274 2611 328 2697 τά]
346 2615 457 2701 πληγῇ
483 2611 640 2702 νεμόμενά
664 2635 765 2702 φασιν,
792 2609 887 2698 [ἀλλά
911 2612 975 2698 καί]
1000 2610 1114 2688 ἑαυτάς
1137 2611 1346 2702 περιάγουσιν·
1364 2613 1448 2677 ἔστιν
1465 2607 1517 2678 οὖν
1541 2613 1694 2704 ἀ[ριθμθς]

92 2742 121 2781 ²⁰
148 2716 279 2801 ζωτικθς
303 2719 481 2809 κινούμενος
502 2709 683 2809 περιοδικῶς
708 2719 879 2807 ἀμεινόνων
903 2723 922 2792 ῆ
947 2717 1112 2807 χειρόνων·
1135 2718 1253 2790 ἑκάστη
1288 2709 1321 2782 δέ
1349 2708 1488 2795 δυοειδῆς
1514 2713 1614 2805 [οὖσα]
1641 2720 1695 2784 καί

148 2831 262 2906 κόκλος
286 2839 405 2894 εαυτοῦ
438 2829 492 2894 καί
516 2825 646 2918 θατέρου
672 2826 756 2892 κατά
783 2826 850 2915 [μὲν
875 2827 942 2912 τόν]
968 2836 1086 2891 σαυτοῦ
1118 2825 1250 2904 κόκλον,
1274 2828 1342 2917 ἔχει
1371 2826 1430 2898 τὴν
1461 2829 1610 2918 ἀρμονίαν
1635 2827 1695 2902 τῆν

150 2939 348 3028 [κρειψττονα
373 2933 459 3000 κατά
483 2927 516 3002 δέ
539 2937 594 3000 τόν
612 2934 754 3025 θατέρου,
770 2935 830 3006 τῆν
846 2934 1007 3024 χείρο[να],
1032 2924 1194 3023 μηδέποτε
1218 2933 1274 3024 μέν
1298 2928 1357 3013 ἔξω
1381 2935 1570 3026 γιγνομένην
1593 2935 1697 3013 πάσης

149 3048 316 3137 ἁρμονίας·
340 3048 519 3110 ἐκπεσεῖται
542 3042 602 3134 γάρ
626 3043 662 3108 ἀν
686 3044 740 3108 καί
763 3053 822 3120 τῆς
846 3043 950 3118 οὐσίας
975 3047 1090 3128 αὐτῆς,
1114 3045 1146 3107 έν
1175 3047 1349 3132 ἁρμονικοῖς
1372 3043 1554 3134 ὑφεστώσης
1578 3043 1694 3136 λόγοις,

150 3155 343 3244 [κρψείττονα
367 3144 401 3218 δέ
425 3153 573 3241 ἁρμονίαν
598 3153 681 3240 ὅμως
705 3143 860 3241 δεχομένη
873 3152 899 3235 ⁴)
916 3150 970 3215 καί
984 3152 1121 3241 χείρονα,
1137 3150 1191 3215 καί
1213 3149 1343 3240 ἀριθμόν
1368 3150 1465 3216 ἄλλον
1486 3151 1542 3242 μέν
1566 3154 1698 3228 έκείνηςι
1729 3229 1736 3240 .

90 3295 119 3334 ιι
148 3263 244 3327 ἀλλον
262 3251 297 3328 δέ
312 3260 433 3336 ταότης
449 3253 683 3351 προόάλλουσα·
697 3257 838 3348 καθάπερ
855 3253 979 3323 οὖντὸν
996 3267 1059 3322 τῶν
1076 3257 1163 3324 θείων
1177 3251 1329 3349 περιόδων
1347 3258 1476 3351 ἀριθμόν
1493 3260 1563 3350 οὐχί
1574 3257 1695 3339 πλῆθος

147 3373 309 3458 ἐννοοῦμεν
334 3369 562 3459 (ἀπεριήγητον
586 3363 647 3457 γάρ
669 3361 732 3442 ἧν),
750 3363 820 3430 ἀλλ’
839 3365 900 3430 ἀπό
924 3376 982 3442 τῆς
1006 3365 1175 3442 ποιότητος
1192 3367 1312 3432 τέλειον
1328 3369 1424 3433 αὐτόν
1444 3368 1592 3460 έλέγομεν
1603 3367 1630 3454 ⁵)
1654 3373 1694 3444 ὡς

146 3476 372 3569 τελεσιουργόν·
396 3477 477 3542 οὕτω
502 3466 539 3548 δὴ
558 3474 613 3540 καί
628 3473 683 3539 τόν
700 3483 758 3549 τῆς
774 3471 965 3562 ἀνθρωπείας
981 3473 1039 3538 κάν
1057 3464 1164 3538 διττόν
1187 3483 1336 3564 ποιῶμεν,
1361 3473 1403 3564 μῆ
1429 3473 1513 3539 κατά
1537 3476 1575 3540 τό
1597 3473 1694 3540 πόσον

148 3585 243 3650 αὐτόν
267 3584 447 3674 νοήσωμεν,
471 3580 555 3648 αλλά
579 3580 663 3648 κατά
686 3582 725 3648 τό
749 3573 828 3657 εἶδος
851 3591 910 3657 τῆς
938 3574 1038 3660 ζωῆς,
1062 3581 1183 3647 τέλειον
1206 3582 1260 3646 καί
1283 3586 1401 3666 ἀτελῆ,
1424 3583 1614 3648 ταυτοποιθν
1641 3582 1695 3648 καί

146 3693 333 3784 ἑτεροποιδν,
350 3691 589 3782 ἑπιστρεπτικδν
606 3691 660 3755 καί
672 3689 894 3782 γενεσιουργόν.
907 3689 942 3753 ‘H
956 3689 1012 3779 μέν
1025 3713 1063 3780 γε
1076 3687 1195 3779 μυριάς,
1209 3691 1279 3766 ἥτις
1291 3690 1375 3756 ἐστίν
1389 3691 1520 3781 ἁρμονία
1532 3693 1694 3781 κρείττων,

88 3831 119 3870 ει
147 3805 182 3866 ἐκ
204 3811 263 3877 τῆς
279 3791 508 3891 τριωδουμένης
524 3799 676 3890 γενομένη
696 3791 841 3888 μονάδος,
858 3801 1099 3889 έπιστραφείσης
1115 3803 1157 3874 είς
1173 3799 1302 3886 ἑαυτὴν,
1323 3801 1621 3887 ἀποκαταστατι[κὴ
1646 3803 1694 3878 τίς

147 3913 231 3974 ἐστιν
256 3911 327 3994 (ίοί.
351 3911 408 3993 40)
431 3909 485 3972 καί
508 3909 722 4002 τελεσιουργός
741 3918 799 3986 τῆς
816 3905 929 3996 ψυχῆς,
945 3907 1158 3998 ὲπψανάγουσα
1181 3917 1336 3972 πεσοῦσαν
1359 3913 1403 3983 είς
1426 3907 1547 3980 τὴν...
1572 3909 1692 3996 πάλιν,]

147 4016 215 4083 όθεν
232 4017 303 4083 ίίκει
324 4005 444 4107 [δεῦρο],
462 4014 603 4108 καθάπερ
621 4016 725 4106 [φησίν
742 4020 758 4080 ό
774 4018 805 4080 ἐν
823 4007 961 4106 Φαίδρῳ]
981 4013 1160 4105 Σωκράτης.
1180 4015 1225 4101 [Ἡ
1242 4015 1297 4105 μέν
1313 4013 1373 4106 γάρ
1398 4014 1493 4106 μονάς
1516 4006 1591 4092 δίϊός
1615 4021 1693 4100 ἐστι,

147 4115 315 4215 μονοειδῶς
338 4127 412 4212 πᾶν]
436 4125 623 4216 περιέχουσα
649 4125 696 4212 [τό
719 4129 829 4198 πᾶνῆ
856 4115 890 4190 δέ
913 4115 1017 4210 δεκάς]
1042 4115 1234 4198 διονυσιακή.
1258 4124 1369 4188 Τίκτει
1391 4134 1466 4214 γοῦν
1490 4123 1584 4188 αὐτόν
1608 4121 1695 4188 ἑνεά-

148 4257 246 4322 μηνον
263 4237 279 4297 ό
296 4232 402 4322 πατῆρ
418 4233 522 4310 πάσης
540 4231 830 4309 ἀποκαταστάσεως
847 4234 955 4297 αἴτιον.
973 4233 1007 4296 Ἡ
1023 4223 1057 4296 δέ
1072 4229 1245 4308 έκατοντάς
1256 4229 1283 4317 ⁶)
1300 4234 1410 4305 αὑταῖς
1430 4229 1592 4319 [προσήκει
1607 4231 1689 4315 ταῖς]

90 4367 118 4404 νε
147 4339 259 4432 ψυχαῖς
273 4339 299 4426 ⁷)
323 4340 534 4433 γεννηθείσαις
553 4345 599 4428 [ἐκ
616 4351 673 4418 τῆς
691 4331 821 4416 δεκάδος
839 4343 892 4426 εἰς]
916 4339 1033 4412 ἑαυτὴν
1058 4339 1230 4416 εἰσιοόσαις.
1256 4343 1291 4402 Εἰ
1315 4330 1349 4405 δέ
1373 4339 1500 4423 βουλείη
1517 4337 1554 4422 ⁸),
1581 4334 1646 4421 [καί
1670 4325 1706 4410 ῆ

146 4449 202 4536 μέν
216 4449 322 4540 μονάς]
337 4441 473 4528 ένοειδῆς
487 4445 599 4537 οὖσαί)
612 4460 669 4526 τῆς
686 4447 812 4514 πάντων
829 4450 941 4538 ἀρΙχῆς
958 4450 1042 4512 ίστιν
1060 4449 1171 4534 αἰτία]·
1189 4453 1209 4521 ῆ
1228 4438 1262 4512 δὲ
1279 4437 1379 4524 δεκάς,
1392 4455 1450 4521 τῆς
1467 4455 1572 4535 νοερᾶς
1588 4445 1691 4519 αἰτίας

149 4557 229 4642 [ἥτις
253 4562 294 4633 είς
317 4557 445 4645 έαυτῆν]
472 4569 645 4650 στραφεῖσα
669 4553 752 4645 μετά
775 4555 834 4630 τὴν
858 4549 989 4646 πρόοδόν
1013 4559 1080 4621 έστι
1107 4548 1226 4640 [δεκάς
1251 4561 1270 4630 ῆ
1297 4546 1341 4640 δέ]
1368 4552 1540 4628 ἑκατοντάς
1563 4547 1692 4641 ψυχικὴ,

146 4666 254 4730 λοιπόν
279 4670 318 4742 ὼς
341 4656 581 4756 τριωδουψμένη]
609 4664 713 4758 μονάς,
737 4665 791 4730 καί
814 4657 847 4742 ἐξ
872 4669 985 4754 ἀμφοῖν
1010 4658 1096 4730 οὖσα·
1120 4674 1292 4752 στραφεῖσα
1311 4656 1386 4748 [οὖν]
1409 4666 1451 4738 είς
1474 4661 1601 4738 ἑαυτήν,
1626 4661 1693 4748 ἀφί·

146 4797 258 4848 στησιν
282 4775 362 4848 αὕτη
388 4767 471 4852 ζωὴν
495 4773 771 4865 αθτψενεργίι]τως,
789 4771 1093 4843 ἀποκαταστατικῆν
1111 4776 1154 4847 εἰς
1170 4769 1230 4844 τὴν
1247 4768 1359 4860 ἀρχὴν,
1380 4768 1445 4853 [καί
1465 4760 1527 4854 διά]
1553 4777 1648 4834 τοῦτο
1671 4772 1691 4842 ῆ

184 4967 207 5042 ¹)
225 4967 264 5024 H.
277 4985 333 5024 om.
346 4970 361 5024 ἢ
376 4973 445 5025 ante
457 4969 567 5040 χρονικνί,
581 4971 614 5024 εἰ
626 4969 670 5026 τάν
683 4969 754 5023 ante
767 4969 893 5021 ἀποκατ...
982 4965 1007 5038 ⁸)
1025 4963 1063 5020 Η.
1082 4965 1195 5036 λέγομεν.

145 5056 217 5116 (lein
234 5061 276 5112 τόν
295 5059 365 5114 κεῦθε
384 5057 466 5110 ιιίιτόν.
982 5055 1005 5128 ⁶)
1023 5053 1060 5108 H„
1081 5055 1188 5114 ἰκσντάς.
1207 5049 1256 5109 Sic
1274 5058 1306 5108 εἰ
1323 5049 1403 5108 infra
1420 5049 1502 5108 item.

181 5148 205 5220 ¹)
223 5147 262 5203 Η.
281 5150 446 5216 ἀποκατάσιν,
465 5144 510 5203 sio
527 5161 619 5219 supra
638 5145 846 5206 άπειιατασευείς.
981 5143 1005 5216 7)
1023 5141 1061 5198 Η.
1079 5145 1101 5196 f.
1122 5142 1166 5198 17.

180 5237 205 5308 ⁸>
223 5234 262 5293 Η.
280 5233 302 5291 f.
321 5235 365 5291 16.
980 5235 1004 5307 ι)
1023 5233 1061 5288 Η.
1083 5233 1173 5298 μοι...

179 5325 203 5400 ⁴)
219 5323 258 5382 Η.
277 5324 422 5396 δεχομένην.
978 5320 1058 5422 ί).Η.
1078 5322 1148 5375 οὕτω.
