4022 6072
287 516 323 572 ee
899 503 1048 576 Seuerus
1066 501 1221 576 Basilius

286 678 379 743 ἄκουε
395 687 450 742 τοῦ
465 667 561 740 Δαυὶδ
574 673 734 766 λέγοντος·
752 680 803 738 Ἐν
820 682 865 756 τῷ
883 683 1034 747 συστῆναι

285 787 339 853 τὸν
364 784 549 876 ἁμαρτωλὸν
574 787 712 850 ἐναντίον
738 808 808 871 μου,
831 783 901 872 οὐχί
924 807 1036 873 παρω-

286 889 410 977 ξύνθην,
430 883 500 959 οὐδὲ
516 894 715 983 ἡμηναίμην,
733 893 799 956 ἀλλ’
828 891 970 981 ἐσιγήσα.
996 895 1035 955 Αἱ

287 1015 434 1071 τοιαῦται
449 1001 645 1093 παρασκευαὶ
661 1001 715 1065 καί
732 992 880 1076 διαθέσεις
896 997 958 1065 οἷον
974 1023 1035 1072 πη-

287 1105 418 1204 δήματα
442 1124 499 1189 τῆς
524 1103 653 1202 καρδίας
677 1110 730 1175 καὶ
754 1108 911 1200 σφυγμοὺς
936 1113 1034 1196 ἀφαι-

288 1233 403 1313 ροῦσαι,
420 1227 461 1298 εἰς
478 1219 660 1285 εὐστάθειαν
679 1218 732 1283 καί
747 1217 870 1289 πολλὴν
889 1218 1032 1311 γαλήνην

286 1331 357 1407 τοὺς
370 1329 539 1420 λογισμοὺς
552 1327 754 1418 ἐπανάγουσι,
772 1327 825 1390 καί
837 1325 932 1390 τοῦτό
948 1329 1032 1391 ἐστιν

287 1440 346 1534 ἄρα
361 1439 410 1507 τό·
427 1436 626 1530 ἡτοιμάσθην
643 1436 697 1503 καί
713 1439 771 1528 οὐχ
788 1432 980 1527 ἐταράχθην.

1089 678 1225 744 trerium
1256 679 1407 763 opponit,
1436 679 1593 763 quomodo
1621 679 1832 746 defendetur?

1088 785 1172 852 Audi
1185 786 1287 852 David
1300 787 1452 853 aientem:
1467 785 1547 853 Cum
1561 789 1747 854 consisteret
1760 811 1833 874 pec·

1087 903 1177 965 oator
1192 897 1360 962 adversum
1372 919 1432 978 me,
1449 919 1513 963 non
1527 899 1640 980 exarsi,
1654 921 1755 984 neque
1770 898 1832 964 mi·

1087 1008 1182 1070 uatus
1193 1025 1274 1085 eum,
1285 1004 1339 1069 sed
1351 1004 1435 1070 silui.
1446 1004 1539 1070 Tales
1549 1005 1646 1071 enimi
1655 1011 1831 1090 apparatus

1087 1117 1120 1177 et
1132 1112 1355 1197 dispositiones
1372 1114 1447 1176 sunt
1462 1113 1632 1198 compedes
1648 1113 1761 1194 cordis,
1777 1114 1832 1197 qui

1087 1221 1155 1305 ejus
1169 1220 1290 1286 tollunt
1302 1219 1424 1305 pulsus,
1438 1224 1472 1285 et
1487 1221 1520 1286 iu
1537 1221 1725 1287 fortitudine
1737 1225 1770 1286 et
1783 1243 1832 1286 ee-

1086 1330 1226 1395 renitete
1249 1329 1353 1395 multe
1375 1329 1473 1395 animi
1497 1351 1607 1395 seusus
1623 1336 1832 1414 componunt.

1086 1435 1158 1503 Hoc
1180 1436 1320 1521 idipsum
1343 1441 1412 1504 est:
1440 1435 1605 1503 “Paratus
1622 1459 1693 1503 eum
1714 1441 1747 1504 et
1769 1460 1833 1504 nou

1089 1543 1238 1610 turbatus
1256 1594 1284 1624 ς.

435 1893 464 1935 v.
490 1871 522 1935 4.
547 1866 710 1940 Ἐλάλησα
734 1869 765 1932 ἐν
789 1864 918 1958 γλώσσῃ
945 1887 1015 1954 μου·
1041 1865 1084 1930 Tb
1108 1866 1201 1956 πέρας
1226 1888 1296 1954 μου,
1322 1863 1470 1955 γνώρισὸν
1496 1889 1559 1954 μοι,
1583 1864 1684 1954 Κύριε.

468 1981 612 2047 Locutus
628 2000 699 2046 sum
717 1979 830 2062 ίίιιφασ
846 1999 934 2043 mea:
952 1975 1070 2044 Notum
1085 1978 1141 2059 fao
1156 1977 1247 2058 miti,
1266 1975 1418 2058 Domine,
1431 1979 1528 2059 {tuem
1544 1999 1658 2044 meum.

336 2183 503 2282 Ιλαροδικδς
520 2195 535 2255 ὁ
554 2192 619 2276 βίος
635 2195 725 2280 ἡμῶν
747 2190 800 2254 καί
825 2192 898 2281 ῥέων
923 2195 939 2255 ὁ
962 2190 1036 2281 χρί-

288 2325 348 2382 νος,
366 2300 501 2375 ἅστατός
519 2300 624 2366 τεκαὶ
642 2299 786 2388 ἄσχετος,
804 2300 857 2364 καί
874 2299 935 2364 εἴθε
961 2301 1036 2387 βρα-

288 2407 343 2498 χὺς
368 2407 421 2492 ὢν,
439 2412 578 2497 ὑπῆρχεν
596 2406 767 2482 ἀνεύθυνος.
786 2413 886 2471 Τοῦτο
913 2397 945 2471 δέ
968 2409 1036 2472 ἐστι

288 2517 326 2582 τὸ
350 2517 401 2582 ἐπὶ
424 2507 575 2599 κίνδυνον,
592 2518 629 2581 τ“ο
646 2517 783 2593 ἑκάστης
800 2517 890 2606 ὥρας·
914 2520 949 2581 ου
974 2515 1035 2605 μὴν

289 2625 373 2690 ἀλλά
397 2625 536 2690 καὶτῶν
561 2625 663 2715 λόγων
689 2619 730 2690 ὧν
753 2622 967 2715 φθεγγόμεθα,
991 2633 1037 2705 τῷ

289 2730 415 2819 ἐσχάτῳ
429 2723 619 2821 δικαστηρίῳ
632 2731 691 2805 τὴν
706 2734 879 2821 ἀπολογίαν
891 2733 1036 2820 ὀφείλειν·

291 2829 337 2903 διὸ
361 2840 414 2904 καί
439 2833 534 2904 Δαυίδ
558 2842 632 2929 πρὸς
656 2843 765 2930 ὁμοίαν
783 2851 845 2905 τῶν
870 2852 921 2905 νῦν
944 2845 1037 2930 λεγο-

291 2948 388 3036 μένων
412 2951 528 3013 ἔννοιαν
550 2950 661 3015 ἑαυτὸν
680 2949 848 3040 ἀναφέρων,
876 2947 1035 3038 ἐπιθυμεῖν

291 3065 406 3145 γνῶναι
430 3068 485 3120 τοῦ
511 3048 587 3120 ἰδίου
611 3058 719 3131 τέλους
751 3067 809 3132 τῆς
840 3053 1038 3146 προθεσμίας,

290 3169 453 3254 ἐκλιπαρεῖ
476 3155 509 3230 δέ
525 3164 579 3231 τᾶν
598 3167 675 3230 θεὸν
692 3175 755 3229 τῶν
772 3166 942 3230 ἐπιλοίπων
959 3168 1039 3253 ημε-

293 3285 350 3364 ρῶν
375 3265 561 3347 διδακθῆναι
585 3275 640 3338 τὸν
658 3271 798 3364 άριθμθν,
825 3275 874 3337 ίνα
897 3275 971 3362 πρὸς
996 3272 1038 3338 τά

291 3384 367 3473 ἔργα
391 3393 448 3458 τῆς
473 3374 580 3460 ἐξόδου
604 3382 897 3473 παρασκευάσηται,
919 3381 962 3471 μὴ
981 3407 1040 3448 τα-

294 3492 393 3584 ραχθῇ
421 3482 454 3558 δέ
477 3490 598 3584 ἀθρόον,
623 3498 662 3568 ὡς
688 3492 860 3583 ἀνέτοιμος.

1132 2191 1309 2278 Peregrina
1332 2198 1380 2259 eet
1396 2194 1462 2260 vite
1477 2199 1596 2274 nostre,
1613 2198 1645 2260 et
1661 2194 1733 2260 fluit
1749 2200 1833 2260 tem-

1089 2325 1160 2388 pus,
1177 2302 1356 2386 inquietum
1373 2305 1406 2367 et
1421 2302 1581 2384 instabile,
1598 2325 1635 2370 ec
1651 2303 1712 2369 etsi
1738 2305 1835 2369 breve

1089 2411 1142 2492 eit,
1166 2411 1304 2477 succedit
1334 2433 1398 2476 non
1428 2411 1495 2477 sine
1519 2411 1676 2478 reddendo
1699 2413 1834 2478 ratione.

1089 2519 1133 2585 Et
1156 2518 1216 2585 hoc
1240 2523 1289 2584 eet
1308 2518 1485 2603 periculum
1502 2541 1561 2603 pro
1578 2519 1713 2604 singulis
1736 2520 1834 2586 horte.

1091 2625 1162 2693 Nec
1186 2625 1281 2691 setis:
1298 2624 1353 2690 sed
1369 2625 1406 2690 de
1430 2625 1535 2690 verbis
1558 2647 1639 2710 quoe
1663 2626 1835 2711 loquimur,

1090 2737 1123 2801 in
1147 2734 1261 2801 ultimo
1282 2735 1403 2818 judicio
1426 2757 1483 2800 noe
1507 2734 1675 2802 defendere
1707 2743 1835 2821 oporte-

1091 2845 1149 2910 bit.
1174 2842 1276 2909 Devid
1298 2847 1477 2927 propterea,
1502 2844 1540 2909 ad
1563 2845 1706 2910 eumdem
1730 2868 1762 2911 ee
1784 2869 1836 2911 re·

1091 2953 1196 3018 ferens
1220 2951 1390 3016 verborum
1406 2971 1488 3034 quee
1503 2950 1647 3035 loquitur
1663 2974 1747 3017 nuuc
1765 2973 1837 3018 seu-

1092 3060 1236 3140 tentiam,
1260 3058 1344 3124 velle
1360 3079 1392 3122 se
1409 3057 1532 3122 edoceri
1555 3057 1593 3122 de
1616 3057 1679 3123 fine
1703 3059 1835 3144 proprio

1091 3168 1152 3234 sibi
1168 3168 1342 3253 assignato,
1359 3166 1503 3252 postulet
1518 3188 1538 3230 e
1554 3166 1621 3231 Deo
1645 3149 1835 3252 cognoscere

1092 3299 1260 3342 numerum
1287 3273 1484 3358 reliquorum
1507 3273 1645 3354 dierum,
1668 3277 1706 3339 ut
1733 3297 1766 3340 se
1794 3275 1834 3340 ed

1091 3383 1192 3449 exitus
1216 3403 1313 3467 opere
1329 3381 1486 3466 accingat,
1508 3401 1568 3446 nee
1583 3380 1690 3447 subito
1706 3385 1835 3466 pertur-

1094 3493 1197 3574 betur,
1220 3496 1258 3557 ut
1281 3491 1411 3557 minime
1434 3494 1653 3576 praeparatus.

633 3841 662 3882 v.
689 3819 717 3882 7.
743 3815 856 3880 Μέντοι
879 3837 916 3906 γε
941 3817 971 3879 ἐν
997 3811 1092 3878 εἰκόνι
1115 3803 1314 3902 διαπορεύετο
1337 3809 1506 3900 ἄνθρωπος.

679 3925 904 3992 Verumtamen
926 3927 963 3990 ιἰι
987 3925 1129 4008 imagine
1145 3926 1333 4004 pertransit
1356 3923 1457 3989 tomo.

340 4135 533 4226 Σαφέστερον
558 4127 591 4200 δὲ
612 4141 718 4217 εἰπεῖν,
735 4141 766 4202 ἑν
784 4133 880 4200 εἰκόνι
905 4159 1043 4227 γεγραμ-

295 4245 394 4335 μένων
419 4251 448 4310 οἰ
471 4237 594 4326 ζῶντες,
611 4237 698 4311 οὐδὲν
719 4236 914 4336 διαφέρουσιν
931 4243 1045 4335 ἄνθρω-

294 4375 365 4418 ποι·
389 4355 501 4442 ὁμοίως
525 4352 585 4445 γάρ
610 4354 664 4418 καί
693 4352 814 4418 τούτων
847 4355 997 4419 κάκείνων
1021 4357 1040 4428 ἡ

295 4462 382 4550 φθσις
405 4467 531 4552 θπορρεῒ
551 4471 597 4544 τῷ
613 4470 725 4552 χρονῷ,
743 4462 797 4525 καί
821 4451 1043 4551 διαφθείρεται·

296 4572 367 4633 ἀλλ’
386 4574 468 4657 ὁμῶς
485 4561 572 4634 οὐδὲν
589 4563 688 4642 ἧττον
705 4560 976 4660 διαταράττονται
1000 4591 1046 4656 φι·

295 4681 516 4762 λονεικοῦντες,
541 4678 727 4768 μαχόμενοι,
748 4681 970 4767 πολεμοῦντες,
993 4681 1046 4765 ἐμ-

295 4787 509 4878 πορευόμενοι,
522 4788 575 4852 καί
587 4781 686 4866 ζάλης
700 4787 780 4864 άπας
798 4791 813 4851 ὁ
832 4789 896 4872 βίος
913 4786 1044 4875 μηστθς,

296 4896 386 4971 τέλος
402 4897 483 4984 ἔχων
502 4893 646 4960 θάνατον·
666 4893 720 4958 σὺν
739 4894 824 4959 πὸνω
847 4897 967 4977 πολλῷ,
992 4893 1046 4957 καί

299 4996 406 5094 ἱδρῶτι
422 5005 476 5069 τὸν
493 5004 587 5068 πόνον
605 4997 810 5094 ἀθροίζοντες,
826 5005 881 5068 τὸν
898 5004 1044 5091 ἐσόμενον

298 5119 352 5181 οὐκ
369 5115 455 5178 ίσασι
470 5112 677 5203 κληρονόμον·
693 5113 846 5188 πολλάκις
864 5111 923 5203 γάρ
941 5116 1045 5188 ὀπαῖς

297 5224 380 5286 ἐστιν
395 5219 535 5295 ὑπόθεσις
548 5230 610 5284 τῶν
624 5214 906 5312 θησαυριζομένων,
920 5221 1046 5310 ἐγένετο

299 5319 332 5394 δὲ
347 5330 367 5401 ἡ
384 5332 511 5415 λῃστῶν
531 5319 718 5420 διάρπαγμα
735 5327 754 5400 ἢ
773 5327 969 5418 συκοφάντου
981 5351 1044 5392 πα-

1142 4137 1213 4216 Quo
1235 4137 1352 4205 clarius
1368 4137 1571 4204 enuncietur:
1588 4137 1741 4220 homines,
1764 4140 1840 4206 dum

1096 4246 1220 4328 vivunt,
1244 4246 1324 4311 nihil
1348 4245 1500 4311 differunt
1515 4246 1555 4311 eb
1569 4245 1709 4330 imagine
1733 4269 1840 4314 rerum

1097 4358 1305 4441 depictorum.
1329 4355 1454 4421 Herum
1477 4356 1560 4420 enim
1584 4359 1616 4420 et
1646 4355 1774 4422 illorum
1798 4359 1840 4422 ei·

1097 4466 1182 4530 milis
1198 4470 1314 4531 nature
1329 4463 1444 4530 diffluit
1460 4486 1533 4530 cum
1548 4485 1625 4530 uero
1648 4469 1681 4530 et
1704 4464 1841 4532 destrui-

1098 4578 1162 4640 tur.
1179 4573 1412 4640 Verumtamen
1427 4572 1633 4638 uibilominue
1649 4575 1843 4640 conturben-

1098 4687 1152 4747 tur
1174 4680 1230 4765 qui
1254 4680 1456 4746 aemulantur
1486 4679 1620 4760 invidie,
1644 4681 1700 4764 qui
1730 4681 1841 4766 deglu-

1098 4788 1237 4868 diantur‚
1264 4787 1320 4872 qui
1348 4787 1432 4852 belle
1458 4791 1587 4872 gerunt,
1615 4789 1671 4872 qui
1698 4789 1841 4872 emporio

1099 4897 1315 4982 frequentent,
1330 4900 1363 4960 et
1378 4899 1447 4960 tote
1459 4896 1526 4960 rita
1538 4896 1718 4962 turbinibus
1733 4897 1842 4963 misee-

1100 5010 1165 5086 tur‚
1189 5003 1294 5088 quoad
1308 5003 1406 5068 finem
1429 5003 1547 5068 bebeut
1570 5002 1752 5070 interitum:
1770 5025 1843 5070 cum

1099 5111 1203 5178 multo
1217 5111 1338 5191 debore,
1354 5115 1387 5176 et
1402 5111 1544 5177 laborem
1561 5133 1633 5176 cum
1656 5111 1769 5177 sudore
1792 5133 1845 5178 cu·

1101 5218 1270 5299 molentes,
1294 5219 1446 5303 ignorent
1461 5219 1532 5302 quis
1549 5218 1677 5284 futurus
1701 5219 1743 5284 eit
1767 5219 1843 5284 hee-

1100 5351 1169 5407 ree;
1186 5328 1313 5412 saepius
1329 5327 1412 5392 enim
1430 5325 1514 5392 filius
1530 5326 1699 5411 respicitur
1713 5326 1745 5391 iu
1761 5347 1844 5392 eom-
