3978 6070
449 500 495 574 Io
514 498 667 594 ιίίρσιιιίο
685 509 775 576 οοιίο
793 497 904 576 volent
916 497 1131 594 philosophia
1150 507 1180 575 ot
1199 500 1410 574 consuetudo.
1651 504 1704 564 ιιι

161 681 187 742 εἱ
211 675 272 768 γάρ
287 728 294 743 .
309 729 317 742 .
332 729 339 742 .
353 699 410 750 σης
435 676 533 765 ῥίπτει
558 673 628 751 τούς
652 675 785 765 κλήρους
802 686 870 750 ταῖς
892 673 1005 764 ψυχαῖς
1021 729 1028 744 ,
1096 675 1168 750 τοὺς
1193 674 1333 765 ριφέντας
1358 673 1491 763 κλήρους
1514 676 1637 740 πίπτειν
1663 679 1703 749 εἰς

159 784 215 860 τάς
242 785 453 874 μετεχομένας
469 782 492 866 1)
518 782 629 859 αὐτούς
646 779 755 873 ψυχάς·
773 782 865 873 ἀμφω
882 774 915 848 δὲ
932 775 1025 856 δηλοῖ
1041 773 1204 864 δήπουθεν,
1222 789 1261 859 ὡς
1279 782 1338 872 ἀρα
1362 783 1446 848 κατά
1470 783 1529 855 τήν
1555 784 1615 847 ἀπό
1639 793 1702 846 τῶν

159 895 305 981 οὐρανίων
319 890 344 964 ²)
369 883 517 981 περιόδων
541 893 677 974 ποίησιν,
703 897 743 966 είς
760 897 843 978 ήμᾶς
861 897 889 955 οἱ
905 896 1015 981 κλῆροι
1031 893 1202 972 κατίουσιν,
1221 891 1281 954 ἀπό
1299 887 1498 982 ὑψηλοτέρων
1524 897 1565 966 εἰς
1588 915 1708 980 χαμαι·

158 997 316 1088 ζηλότερα
332 999 356 1084 ³)
381 1001 558 1090 φερόμενοι,
584 1000 636 1065 καί
660 1001 721 1065 ἀπό
745 999 938 1090 όλικωτέρων
963 1004 1004 1076 εἰς
1031 999 1236 1090 ιερικώτερα.
1262 1000 1322 1063 Καὶ
1351 1003 1383 1063 τί
1408 991 1457 1064 δεῖ
1486 1001 1554 1091 περὶ
1578 1001 1702 1087 κλήρων

119 1137 131 1174 ε
157 1109 279 1199 λέγειν;
302 1109 379 1172 ὅπου
396 1131 432 1199 γε
456 1109 510 1172 καὶ
534 1109 625 1183 αύτός
643 1111 658 1170 ό
676 1107 808 1173 Πλάτων
826 1111 856 1174 ἐν
872 1101 1005 1193 Φίλήύῳ
1023 1105 1100 1199 ῥίψιν
1118 1108 1263 1174 ἐκάλεσεν
1281 1107 1341 1180 τήν
1362 1113 1403 1184 εἰς
1427 1113 1509 1196 ήμάς
1535 1100 1703 1198 μετάδοσιν

159 1219 220 1282 ἀπὸ
237 1227 299 1281 τῶν
318 1214 394 1281 θεῶν
410 1226 469 1292 τῆς
482 1208 684 1291 διαλεκτικῆς
697 1214 763 1304 ἅμα
775 1214 942 1306 φανοτάτῳ
955 1217 1028 1306 πυρὶ
1042 1208 1092 1279 διά
1107 1215 1293 1306 Προμηθέως
1309 1217 1460 1306 ριφείσης;
1478 1217 1575 1292 οὕτως
1591 1220 1703 1282 οἰκεῖον

158 1329 242 1409 αύτῷ
264 1325 301 1390 τό
319 1326 417 1414 ὄνομα
434 1335 492 1402 τῆς
509 1331 549 1400 εἰς
569 1325 605 1389 τό
622 1323 710 1390 κάτω
726 1325 891 1410 ποιήσεως,
908 1333 970 1388 τῶν
988 1324 1148 1414 ἀνωτέρων
1158 1322 1185 1409 ⁴)
1203 1316 1371 1414 σόμύολον,
1392 1322 1446 1390 καί
1462 1334 1524 1389 τῶν
1549 1323 1704 1416 θεολόγων

158 1430 250 1523 ῥίψεις
265 1433 320 1499 καί
335 1432 468 1509 πτώσεις
485 1431 562 1499 θεῶν
576 1457 612 1498 τε
625 1433 707 1500 κατά
721 1433 870 1518 βούλησιν
883 1443 946 1498 τῶν
964 1431 1129 1498 κινούντων
1147 1432 1270 1519 αὐτούς,
1283 1432 1399 1498 ἀνωθεν
1413 1435 1467 1510 ἕως
1481 1443 1542 1498 τῶν
1560 1432 1704 1523 ἐσχάτων

158 1541 400 1608 ἀποκαλούντων
414 1539 450 1627 5).
475 1541 519 1608 Τό
537 1533 571 1608 δὲ
591 1547 682 1634 ὑγιῶς
698 1541 757 1633 ἀρα
775 1546 952 1632 φιλοσοφεῖν
969 1546 1065 1619 ἐστιν,
1082 1543 1119 1607 τό
1139 1541 1221 1630 μήτε
1238 1532 1277 1606 δι’
1296 1540 1423 1634 ἀγνοιοιν
1447 1551 1510 1608 τῶν
1536 1541 1703 1631 ἀμεινόνων

102 1672 129 1710 ιο
158 1651 210 1716 καὶ
233 1649 379 1742 χειρόνων
404 1651 478 1735 βίων
495 1649 647 1741 αἱρεῖσθαι
663 1649 734 1726 τούς
750 1653 892 1741 χείρονας
910 1650 982 1715 ἀντὶ
998 1660 1060 1714 τῶν
1078 1649 1256 1741 ἀμεινόνων,
1278 1650 1360 1738 μήτε
1384 1641 1422 1714 δι’
1447 1643 1545 1739 ὄρεξιν
1571 1648 1705 1740 ἄμετρον

157 1756 344 1846 ἐφιστάντας
359 1757 383 1845 ⁶)
406 1766 470 1832 τοῖς
495 1757 662 1844 ἀμείνοσιν,
687 1751 755 1822 εἶτα
772 1750 927 1830 ἐπιπηδᾶν
944 1768 1008 1834 τοῖς
1025 1761 1169 1849 χείροσιν·
1186 1759 1223 1823 τό
1240 1757 1300 1850 γάρ
1318 1758 1399 1849 ύγιὲς
1417 1750 1510 1833 δηλοῖ
1532 1759 1570 1823 τό
1595 1749 1706 1847 μηδενί

158 1869 300 1930 ἐλλεῖπον
326 1869 367 1940 εἰς
391 1863 451 1936 τήν
476 1863 635 1956 ὀρθότητα
658 1865 718 1937 τήν
741 1867 959 1956 προσήκουσαν
984 1877 1048 1942 τοῖς
1073 1872 1112 1943 εἰς
1129 1866 1186 1943 τάς
1204 1867 1331 1956 αἱρέσεις
1355 1870 1546 1932 ἀπαντῶσιν·
1570 1867 1706 1932 ἐλλείπει

159 1965 192 2038 δὲ
215 1983 276 2036 πᾶν
299 1973 337 2036 τό
357 1971 451 2050 κατά,
470 1972 587 2064 θάτερα
610 1973 731 2038 τούτων
756 1974 874 2056 ἀτελὲς,
900 1980 939 2050 ὡς
964 1974 1001 2039 τό
1026 1999 1063 2066 γε
1080 1981 1152 2040 κατ’
1171 1976 1334 2066 ἀμφότερα
1357 1979 1504 2065 χωλεύον,
1529 1976 1626 2066 κρίσιν
1651 1973 1706 2038 καί

158 2073 254 2172 ὄρεξιν
278 2083 393 2158 τέλεως
406 2080 432 2165 ⁷)
446 2133 451 2144 .
465 2131 471 2143 .
485 2131 492 2145 .

424 2309 469 2372 ÷
496 2296 635 2381 [Ταύτην
652 2296 712 2388 γάρ
730 2288 768 2369 δή
784 2295 809 2386 ⁸)
826 2297 883 2388 ἔφη
902 2296 961 2370 τήν
979 2296 1050 2362 θέαν
1067 2291 1168 2384 ἀξιαν)
1191 2291 1270 2362 εἶναι
1287 2288 1371 2379 ἰδεῖν,
1395 2312 1440 2375 -2-

424 2418 469 2480 ÷
495 2407 545 2490 [ὡς
569 2406 702 2471 ἕκασται
719 2410 751 2470 αἱ
767 2403 864 2496 ψυχαί
880 2412 1011 2497 ήροῦντο
1028 2405 1099 2482 τούς
1118 2407 1212 2489 βίους,
1237 2406 1371 2480 ἐλεεινήν
1396 2418 1441 2481 ζ-

424 2525 469 2588 -ζ-
491 2537 528 2578 τε
551 2513 612 2605 γάρ
640 2505 726 2601 ἰδεῖν]
752 2509 828 2580 εἶναι
852 2513 906 2579 καί
937 2515 1061 2607 γελοίαν
1090 2513 1154 2598 [καί
1178 2513 1370 2603 θαυμασίαν·
1394 2526 1440 2588 -ζ-

424 2635 470 2698 -ζ-
492 2620 588 2708 κατά]
617 2622 778 2696 συνήθειαν
795 2622 857 2714 γάρ
873 2633 929 2689 τοῦ
945 2624 1094 2715 προτέρου
1114 2625 1181 2709 βίου
1201 2622 1244 2688 τά
1268 2621 1372 2689 πολλά
1396 2637 1440 2699 -2-

423 2743 470 2806 ÷
493 2729 654 2821 αἱρεῖσθαι.
679 2745 723 2808 -ζ-

104 2979 132 3017 20
159 2944 182 3010 f.
209 2947 289 3012 167:
316 2945 393 3010 Τίνα
416 2945 688 3035 ποτὲ....όμενα
711 2940 743 3024 ἐξ
767 2941 808 3012 ὧν
833 2947 1078 3040 συνήγαγεν...
1103 2938 1280 3036 εὐδαίμοσιν
1305 2943 1471 3032 Ιεσομένοις,
1494 2954 1588 3010 τοῦτο
1612 2947 1705 3034 ύγιῶς

159 3057 336 3142 φιλοσοφεῖν
354 3057 384 3118 ἑν
400 3063 470 3128 ταῖς
488 3054 619 3144 αἱρέσεσι
630 3065 693 3120 τῶν
709 3057 793 3140 βίων,
807 3055 860 3119 καί
873 3067 984 3120 τοῦτον
1001 3055 1056 3120 τόν
1073 3060 1189 3146 κλῆρον
1208 3054 1249 3145 μή
1268 3056 1393 3119 πίπτειν
1411 3057 1524 3129 ἐντοῖς
1548 3049 1704 3140 ἐσχάτοις·

159 3163 206 3224 ἔτι
230 3151 263 3225 δὲ
288 3151 482 3243 ἀναδιδάξάι,
506 3163 610 3251 φησίν,
635 3163 757 3237 ταύτην
781 3163 841 3235 τήν
866 3162 938 3229 θέαν
963 3173 1026 3229 τῶν
1058 3165 1202 3254 αἱρέσεων
1227 3156 1315 3241 ἀξίαν
1339 3157 1416 3228 εἶναι
1445 3153 1520 3226 ἰδεῖν
1542 3157 1627 3249 παρά
1652 3169 1706 3224 τοῦ

160 3267 295 3358 ἀγγέλου
319 3268 474 3357 λελέχθαι.
501 3269 562 3332 Καί
583 3279 648 3346 πῶς
680 3264 768 3348 ἀξίαν
795 3262 867 3334 ἰδεῖν
891 3270 1100 3362 προσέθηκεν;
1125 3282 1219 3361 τριχῇ
1246 3271 1301 3360 μὲν
1327 3263 1435 3335 διελὼν
1461 3266 1577 3346 αύτήν,
1602 3273 1643 3342 είς
1668 3267 1705 3331 τό

160 3380 291 3465 γελοῖον,
316 3381 357 3452 εἰς
381 3379 418 3442 τ“ο
443 3378 587 3460 ἐλεεινόν,
611 3383 652 3454 εἰς
676 3379 714 3444 τό
739 3377 937 3468 θαυμαστόν,
961 3380 1062 3444 κοινόν
1087 3372 1121 3445 δέ
1144 3377 1312 3472 ἐπαγαγὼν
1336 3378 1450 3454 πάσαις
1481 3376 1613 3452 ταύταις
1637 3385 1706 3449 ταῖς

104 3515 132 3552 τε
161 3482 309 3572 αἱρέσεσιν
326 3485 363 3548 τό
380 3484 465 3550 κατά
476 3483 501 3569 9)
525 3484 699 3568 συνήθειαν,
724 3491 764 3562 ὡς
780 3485 823 3552 τά
839 3486 945 3552 πολλά
961 3498 1023 3552 τῶν
1041 3479 1297 3577 προύεύιωμένων
1315 3484 1454 3578 γίνεσθαι
1470 3493 1533 3548 τῶν
1551 3483 1624 3568 βίων
1648 3480 1706 3557 τάς

161 3589 299 3680 αἱρέσεις,
324 3592 377 3656 καί
401 3603 496 3656 τουτο
520 3591 612 3658 εἰπὼν
637 3589 790 3659 α’ίτιον
761 3617 839 3659 ειναι
862 3605 920 3671 τῆς
943 3595 1095 3671 παντοίας
1113 3597 1250 3659 αύτῶνε
1236 3587 1425 3684 ἐξαλλαγῆς.
1450 3599 1551 3657 Τοῦτο
1576 3584 1685 3681 μὲν
1654 3613 1706 3654 ουν

159 3697 347 3791 ἀνάλογόν’
337 3723 421 3764 εστιν
446 3705 524 3784 τῷ
514 3725 545 3766 εν
570 3693 697 3792 Φαίδρῳ
674 3702 836 3794 ωρηθέντ
840 3728 848 3765 ι
871 3703 942 3793 περί
965 3713 1027 3767 τῶν
1052 3705 1203 3767 νετοελῶν
1225 3697 1374 3790 ψυχῶν·
1359 3726 1398 3775 ως
1422 3699 1482 3790 γάρ
1468 3700 1623 3788 ρὲκείνας
1648 3698 1704 3787 ἔφη

159 3805 243 3872 κατά
266 3805 308 3872 τά
332 3805 478 3896 θεάματα
501 3811 672 3874 πλείονα“
654 3836 673 3882 η
698 3809 893 3876 admon*
876 3836 953 3876 οντα
964 3813 1080 3895 ,βίους
1105 3810 1220 3886 ἀλλους
1244 3810 1298 3874 καὶ
1321 3811 1435 3885 ἄλλους
1458 3806 1706 3898 προστήσασθαι,

159 3914 230 3990 τούς
247 3914 302 4004 μὲν
320 3869 475 4000 ἀμείνους,
491 3916 562 3993 τούς
579 3911 612 3982 δὲ
628 3921 759 4008 χείρους·
777 3921 859 3985 ούτω
875 3920 929 3984 καί
946 3919 1063 3996 ταύτας
1081 3918 1165 3984 κατά
1182 3918 1345 3992 συνήθειαν
1363 3927 1425 3982 τῶν
1449 3909 1705 4007 προύεύιωμένων

102 4054 131 4091 ευ
159 4026 332 4114 ἐπιτρέχειν
357 4024 463 4102 ἀλλοις
488 4026 542 4090 καὶ
565 4026 671 4103 ἄλλοις
696 4030 783 4113 βίοις·
806 4027 890 4101 πλήν
916 4030 966 4094 ὅτι
988 4026 1188 4119 προσέθηκεν,
1214 4030 1244 4093 ἐν
1269 4026 1391 4104 τούτοις
1415 4019 1623 4116 ἐνδεχομένην
1647 4024 1707 4096 τήν

158 4132 309 4222 πρότασιν
333 4143 440 4217 ποιῶν,
463 4135 500 4198 τό
525 4139 565 4212 ὡς
589 4133 631 4199 τά
655 4135 769 4200 πολλά·
794 4127 875 4201 διότι
900 4134 1081 4225 θαυμαστόν
1106 4125 1193 4200 οὐδέν
1217 4135 1271 4199 καὶ
1295 4127 1484 4224 ἀπυστέρξαι
1507 4131 1579 4198 τενά
1603 4130 1706 4222 ψυχήν

159 4241 197 4305 τό
222 4239 350 4318 σύνηθες
375 4233 427 4308 διά
451 4267 538 4319 τινας
562 4243 673 4319 πόνους
705 4247 907 4334 μεμνημένην
933 4239 974 4309 ὧν
999 4242 1143 4310 ἔπαθεν“
1134 4267 1165 4308 εν
1188 4253 1253 4319 τοῖς
1277 4241 1451 4332 ἔμπροσθεν
1475 4239 1613 4331 χρόνοις,
1638 4243 1705 4305 οἵαν

158 4341 360 4438 παραδώσειι
365 4347 473 4435 )τν
414 4351 533 4424 τήνῸ
508 4343 668 4418 Οδυσσέω
657 4349 807 4442 ςψυχήν,
832 4353 933 4419 πόνων
958 4355 1011 4419 καί
1035 4353 1214 4444 φιλοτιμίας
1237 4355 1466 4442 λελωφηκυῖαν,
1483 4351 1537 4416 καί
1560 4355 1592 4415 αἱ
1607 4347 1645 4434 ¹¹)
1727 4431 1728 4434 ¹

197 4526 332 4602 1)Μ.μή
352 4532 493 4604 δεχομένας.
959 4532 1140 4604 Ἂριστοτέλης·
1159 4531 1269 4605 ἱχειγὰρ
1283 4531 1439 4603 φιλόσοφον’
1429 4551 1444 4588 η
1459 4529 1542 4601 σκέψις
1562 4533 1617 4584 ἀντὶ
1640 4527 1708 4590 ἀξιό-

196 4617 207 4655 ²
236 4619 317 4677 MR
295 4643 320 4674 ου
323 4626 408 4694 φανῶν.
959 4628 1032 4696 λογον
1052 4623 1161 4693 θεωρίαν.
1186 4620 1226 4676 Μ.
1244 4624 1350 4676 totum.
1369 4636 1426 4676 om.
1450 4619 1489 4676 H·
1507 4617 1585 4676 male
1604 4617 1708 4690 incipit

194 4709 218 4783 3)
237 4711 280 4768 ld
301 4730 400 4770 erroro
418 4717 558 4788 typorum
576 4717 778 4788 χαριζηλότιρα.
961 4711 1052 4768 schol.
1073 4716 1128 4765 ἀντὶ
1148 4713 1239 4773 ζητεῖν.

194 4800 288 4874 θὶτίρ
291 4822 321 4854 υν
341 4801 382 4859 sio
402 4803 464 4859 οοό
483 4805 605 4862 videtur
623 4807 695 4864 olim
721 4805 905 4863 emendatum
996 4802 1019 4875 Θ)
1037 4801 1075 4856 Η.
1096 4802 1253 4873 ἐφιστάντας.

158 4885 229 4944 Mox
243 4888 303 4945 alia
316 4890 462 4947 emendat'
441 4897 483 4948 ίιο
495 4893 596 4965 posuit
609 4901 750 4952 εοοοοίιιε
763 4895 871 4967 φοεί’
845 4916 905 4965 ouo·
995 4893 1018 4966 )
1032 4892 1106 4948 Tros
1119 4909 1225 4950 versus
1238 4890 1350 4947 absunt
1362 4888 1426 4948 sino
1443 4886 1581 4961 vestigio.
1595 4887 1634 4943 M.
1648 4903 1704 4943 om.

158 4974 231 5031 θελοι
250 4979 335 5049 quasi
349 4997 402 5052 pro
416 4979 449 5046 ὃν,
464 4986 494 5037 eo
506 4983 597 5054 paulo
610 4989 679 5056 post
692 4984 731 5045 ἅτ’
743 4983 794 5054 sic,
815 5001 907 5057 supro
960 4980 1115 5054 sequentia
1133 4997 1229 5052 usque
1248 4979 1286 5036 od
1305 4987 1347 5033 καί
1366 4983 1419 5041 πῶς
1440 4979 1519 5041 ἀξίαν.

159 5088 194 5132 τι,
213 5067 292 5124 undo
311 5067 351 5123 M.
371 5077 413 5130 τὰς
439 5069 522 5126 haud
542 5070 641 5144 inepte
667 5073 796 5146 legebat.
815 5075 907 5129 Latet
1007 5071 1030 5144 8)
1049 5070 1186 5143 Reipubl.
1205 5088 1233 5141 x,
1252 5071 1313 5142 316,
1332 5069 1394 5127 317.

158 5155 287 5230 plurima
304 5159 480 5232 corruptela„
1006 5161 1030 5233 9)
1049 5161 1087 5216 M.
1107 5165 1148 5213 τιν
1168 5165 1242 5212 κατά.

196 5245 218 5318 ⁵)
236 5245 275 5300 Η.
294 5245 314 5300 f.
335 5247 395 5302 102.
411 5277 445 5289 -
457 5247 492 5303 In
509 5247 644 5320 margine
661 5250 723 5307 ood.
743 5251 905 5309 scholium:
995 5248 1030 5322 ¹⁰)
1049 5249 1086 5304 H.
1106 5248 1126 5304 f.
1147 5248 1208 5304 103.
1225 5247 1297 5304 Mox
1315 5247 1346 5304 id
1365 5249 1512 5321 φιλοτιμίας
1532 5247 1583 5306 sio.

161 5340 206 5388 Διῒ
223 5337 303 5397 ζητεῖν
316 5337 372 5408 μετ’
386 5334 511 5408 ἀκριύείας
525 5345 567 5391 καί
581 5342 733 5402 ἀδεκάστοις·
748 5343 809 5395 οὕτω
824 5346 849 5394 δέ
863 5349 905 5396 κοιὶ
995 5339 1030 5409 ιι)
1050 5337 1089 5393 Μ.
1104 5355 1160 5394 om.
1172 5337 1327 5410 sequenbia
1345 5339 1491 5412 usquead
1508 5341 1530 5393 έν
1550 5341 1586 5411 τῷ
1607 5339 1703 5411 κόσμῳ.
