3978 6070
590 530 708 606 Verius
726 532 770 604 sit
789 531 827 603 in
847 529 935 602 vitae
954 529 1117 604 varietate
1135 537 1305 605 constans.
1672 547 1725 604 105

174 727 246 786 σεις,
261 703 295 780 ἀς
309 693 346 775 δή
362 694 633 794 διαδιδράσκουσιν
647 702 795 780 ἅπαντες,
809 707 849 778 ὡς
864 707 971 783 εἰπεῖν,
987 707 1059 768 ἀλλ’
1075 704 1125 768 ὅτι
1142 704 1196 768 καί
1213 704 1364 780 ἀλλήλοις
1376 699 1401 792 ¹)
1419 714 1521 770 ταῦτα
1540 709 1724 799 μιγνύμενα,

173 813 227 876 καί
252 811 334 903 μετά
358 821 421 876 τῶν
445 806 535 890 ἕξεων
559 821 621 877 τῶν
646 809 786 901 ψυχικῶν
811 815 972 896 ἀποτελεῖ,
997 802 1130 901 λέγωδὲ
1149 817 1218 902 μετ’
1244 814 1392 886 ἀλλήλων
1418 813 1484 904 μέν,
1509 812 1571 880 οἷον
1595 818 1722 899 κάλλος,

173 922 263 1007 πενία
285 921 305 993 ή
329 921 468 1005 πλούτῳ·
493 918 638 1010 ψυχικαῖς
663 913 696 988 δὲ
719 914 826 1006 ἕξεσιν,
852 924 947 1011 ἀρετῇ
973 930 1075 984 ταῦτα
1099 921 1153 984 καί
1178 918 1346 1011 μοχθηρίᾳ·
1372 912 1468 995 δῆλον
1493 922 1552 1015 γάρ
1577 927 1627 992 ὅτι

174 1140 198 1205 f.
227 1140 300 1220 157,
325 1143 399 1205 octo
422 1161 535 1203 versus
559 1137 748 1204 vulneribus
772 1137 1018 1203 confodiuntur:
1047 1133 1133 1220 [καί.
1148 1187 1178 1203 ..
1202 1135 1355 1212 πολλάκις
1380 1137 1455 1223 βίος]
1484 1139 1641 1227 ...με’νου
1675 1132 1726 1208 διά

135 1269 147 1306 ι
178 1249 297 1332 [πενίαν
324 1249 389 1333 ..]
406 1270 458 1322 τος
477 1237 528 1310 διά
544 1248 679 1310 πλοῦτον
706 1245 771 1330 [καὶ
786 1255 972 1334 πανταχοῦ.
989 1295 995 1309 .
1010 1247 1029 1331 .]
1056 1245 1189 1310 ἀλλοίων
1207 1247 1315 1321 οὐσῶν,
1334 1243 1447 1310 ἀλλοια
1470 1247 1623 1336 [φαίνεται
1647 1248 1729 1336 μετά

177 1355 231 1444 μέν
255 1353 471 1444 φιλομαθείας
496 1353 549 1417 καὶ
572 1355 735 1443 ἀγχινοίας
761 1346 891 1440 [ἕκαστα
915 1352 1036 1418 τούτων
1068 1358 1152 1418 ἐστιν
1177 1352 1348 1443 σφα]λερά,
1374 1352 1456 1443 μετά
1481 1345 1514 1420 δέ
1538 1346 1727 1444 δυσμαθείας

176 1461 284 1562 ἧττον·
315 1465 458 1547 [τοιαῦτα
483 1462 550 1551 μὲν]
577 1457 629 1527 οὐν
654 1466 737 1528 ἐστιν
762 1461 815 1526 καί
839 1463 897 1526 ὅσα
912 1471 1054 1528 ,τοιαῦτα
1077 1478 1118 1533 -22-
1141 1460 1230 1550 φύσει
1258 1461 1329 1550 περὶ
1353 1459 1466 1553 ψυχήν·
1492 1462 1644 1553 γινόμεθα
1668 1464 1728 1556 γάρ
1758 1533 1760 1538 ,

177 1571 319 1664 εὐμαθεῖς
342 1572 429 1662 φύσει
450 1572 503 1636 καί
527 1562 713 1658 δυσμαθεῖς·
737 1569 947 1636 ἐπακολουθεῖ
969 1561 1002 1635 δέ
1026 1575 1101 1658 ήμῒν
1126 1562 1238 1648 ἔξωθεν
1270 1570 1374 1634 πάντα
1407 1572 1465 1636 ὅσα
1496 1574 1683 1662 προείπομεν
1708 1574 1727 1646 ή

177 1681 331 1770 σωμάτων
355 1681 375 1754 ἢ
400 1690 464 1745 τῶν
488 1681 577 1755 ἐκτὸς
597 1679 868 1767 πλεονεκτήματα
892 1675 911 1749 ή
936 1677 1172 1765 ἐλαττώματα·
1198 1667 1259 1742 δεῖν
1285 1672 1347 1757 οὐν,
1372 1670 1478 1754 ἐπειδή
1505 1681 1543 1746 τύ
1567 1681 1728 1772 χρώμενόν

123 1807 149 1846 10
176 1794 244 1855 ἐστι
268 1787 364 1879 ψυχή,
389 1788 431 1854 τά
455 1780 488 1854 δέ
512 1787 596 1855 ἄλλα
619 1788 737 1878 όργανα
760 1785 881 1863 ταύτης
906 1790 946 1861 εἰς
972 1785 1031 1859 τήν
1048 1785 1169 1862 ταύτης
1191 1779 1378 1854 ἀποβλέπειν
1403 1788 1502 1879 φύσιν,
1526 1791 1580 1855 καί
1604 1783 1728 1868 εἰδότας

177 1899 289 1982 αὐτήν,
314 1893 356 1963 ὧν
381 1897 435 1988 μὲν
461 1891 551 1988 ἄρξαι
576 1889 718 1982 δύναται,
743 1905 847 1961 ταῦτα
872 1893 1022 1984 αἱρεῖσθαι
1046 1895 1291 1987 συμμεμιγμένα
1315 1906 1360 1981 τῷ
1384 1889 1464 2000 είδει,
1479 1909 1537 1974 τῆς
1561 1893 1660 1981 ζωῆς,
1686 1894 1727 1965 ὧν

177 2001 211 2074 δέ
236 2011 291 2072 οὐκ
315 2007 381 2097 ἔχει
405 2005 464 2078 τήν
495 2006 695 2097 χρησομένην
719 1999 796 2084 ἕξιν·
830 2015 933 2068 ταῦτα
965 2003 1007 2092 μή
1043 1995 1235 2090 ἐπιδιώκειν,
1260 2003 1344 2069 ἀλλά
1376 2007 1495 2096 χαίρειν
1526 2011 1594 2083 ἐᾶν,
1620 2009 1668 2074 ἀεί
1691 2009 1728 2072 τό

176 2113 347 2206 πρόσφορον
372 2113 501 2205 όργανον
526 2125 567 2200 τῇ
592 2118 705 2179 ἐαυτοῦ
730 2105 859 2204 δυνάμει
883 2107 1042 2194 ζητοῦντα
1072 2111 1127 2176 καὶ
1146 2113 1378 2204 ἐκλεγόμενον,
1403 2113 1446 2203 μή
1472 2117 1547 2205 πρὸς
1571 2115 1609 2181 τύ
1633 2115 1728 2181 πλέον

179 2224 338 2309 βλέποντα
351 2233 413 2287 τῶν
427 2221 542 2300 ἄλλων,
557 2219 640 2286 ἀλλά
652 2220 727 2312 πρὸς
739 2221 777 2285 τὸ
789 2225 892 2304 ἑαυτῷ
911 2220 1101 2309 σύμμετρον.
1115 2221 1168 2294 Τίς
1182 2214 1234 2284 σύν
1252 2225 1270 2295 ή
1288 2221 1398 2311 ἀρίστη
1419 2214 1495 2300 δόξα
1507 2223 1577 2314 περὶ
1592 2223 1731 2304 τούτων;

124 2345 150 2383 1⁵
177 2331 215 2404 ήν
242 2324 324 2408 ἀξιοῖ
348 2331 446 2420 μένειν
469 2334 500 2396 ἐν
516 2336 592 2418 ήμϊν
610 2329 795 2406 ἀσάλευτον,
812 2328 867 2393 καί
883 2333 923 2405 ὡς
940 2323 1036 2413 εἶπεν,
1053 2319 1282 2417 ἀδαμαντίνην,
1298 2329 1351 2395 καί
1368 2336 1410 2406 είς
1428 2321 1503 2416 ᾅδου
1527 2331 1729 2422 πορευθεῖσιν,

178 2441 228 2504 ὅτι
251 2439 288 2504 ri>
314 2439 413 2529 μέσον.
432 2439 516 2504 ἐστίν
541 2437 771 2529 ἀσφαλέστερον
796 2442 826 2504 ἐν
848 2437 946 2503 ἅπασι
963 2447 1028 2512 τοῖς
1046 2438 1147 2522 ἐκτός,
1164 2440 1279 2528 ὑγείας,
1295 2439 1397 2524 νόσου,
1419 2438 1535 2532 ῥύμης,
1561 2440 1730 2524 ἀσθενείας,

178 2547 325 2630 κάλλους,
343 2549 479 2637 αἴσχους,
496 2546 646 2624 πλούτου,
663 2549 782 2632 πενίας,
799 2537 970 2635 δυνάμεως,
988 2536 1173 2635 ἀδυναμίας,
1190 2555 1296 2637 τιμῆς,
1314 2549 1451 2636 ἀτιμίας,
1469 2548 1612 2639 καὶπρὸς
1636 2560 1730 2613 τοῦτο

178 2654 334 2721 ποιεῖσθαι
357 2655 417 2728 τήν
441 2655 576 2746 ἐκλογήν
594 2658 656 2720 τῶν
675 2657 749 2740 βίων
767 2655 998 2731 ἀνέκπληκτον,
1016 2655 1075 2719 ὑπὸ
1092 2664 1155 2718 τῶν
1173 2648 1362 2745 τυραννίδων
1388 2656 1561 2740 ἀνάλωτον,
1586 2658 1646 2722 ὑπὸ
1668 2667 1731 2721 τῶν

178 2764 370 2856 φαινομένων
396 2763 521 2857 ἀγαθῶν
546 2767 736 2854 ἀχείρωτον,
761 2763 820 2829 ὐπύ
851 2773 914 2829 τῶν
947 2773 1133 2849 σωματικῶν
1165 2764 1243 2829 ὄντα
1267 2756 1446 2857 δυνάμεων,
1471 2765 1528 2844 τάς
1556 2760 1729 2859 ύπερύολάς

125 2901 152 2939 ιο
179 2873 405 2964 ἐκτρεπόμενον
430 2883 605 2963 πανταχοῦ,
629 2873 683 2937 καί
707 2871 763 2949 τάς
787 2864 915 2956 ἐνδείας,
933 2873 986 2938 καί
1002 2873 1092 2950 τέλος

179 3090 203 3155 f.
224 3090 285 3155 157
303 3114 345 3169 τ,
360 3091 473 3156 eadem
490 3096 632 3178 strages:
652 3091 672 3176 [.
683 3141 690 3157 .
701 3141 708 3156 .
720 3089 778 3162 τήν
795 3089 915 3179 περί...
933 3088 1029 3180 μόνου
1046 3091 1217 3154 τελείωσιν·
1235 3095 1267 3155 αἱ
1282 3089 1398 3181 γάρ...
1413 3083 1486 3178 ξίαι]
1511 3091 1653 3183 γίνονται
1674 3091 1728 3180 μὲν

182 3201 280 3264 αί...
304 3195 388 3262 κακά
411 3197 564 3274 πολλάκις
597 3188 692 3263 δέ...
718 3191 857 3287 [μείζονα
871 3195 898 3284 ²)
921 3201 995 3285 τῶν]
1020 3198 1185 3270 ποιήσεων·
1211 3199 1335 3282 [πολλοί
1365 3198 1424 3289 γάρ
1457 3203 1531 3284 τῶν]
1557 3198 1728 3290 τυράννων]

182 3303 475 3395 ἀνεσταυρώθησαν·
500 3311 529 3370 οἱ
553 3297 587 3371 δέ
611 3310 652 3382 είς
675 3307 835 3396 πτωχείαν
858 3306 992 3388 ἤλασαν,
1017 3312 1046 3371 οί
1069 3298 1103 3373 δέ
1127 3313 1168 3384 είς
1192 3305 1293 3398 φυγήν
1319 3297 1370 3372 διά
1396 3310 1462 3392 βίον
1491 3309 1608 3384 παντὸς
1632 3309 1727 3373 κατέ-

183 3435 315 3491 στησαν,
338 3413 452 3478 πολλοὶ
476 3403 509 3479 δέ
532 3414 584 3477 καί
601 3422 663 3477 τῶν
679 3412 827 3488 πλούτοις
843 3412 862 3486 ή
880 3411 1028 3478 κάλλεσιν
1046 3415 1252 3504 χρησαμένων
1269 3425 1372 3493 κακῶς
1396 3421 1437 3492 είς
1461 3418 1610 3493 παντοίας
1634 3420 1728 3483 ἐκπε-

126 3545 154 3583 ιε
181 3519 328 3586 πτώκασι
351 3521 526 3612 συμφοράς·
551 3521 688 3598 πολλούς
712 3512 746 3586 δέ
769 3521 823 3585 καὶ
845 3523 950 3586 πενίαι
973 3521 1027 3586 καί
1051 3523 1145 3612 αἴσχη
1173 3523 1347 3613 σωμάτων,
1370 3528 1483 3616 ἀγεννῆ
1515 3525 1569 3590 καί
1593 3525 1728 3590 ταπεινά

182 3631 236 3695 καὶ
253 3621 450 3720 δουλοπρεπῆ
469 3643 586 3722 φρονεῖν
603 3631 798 3723 ἠνάγκασαν,
816 3631 870 3696 καί
890 3623 1026 3720 ἐμπόδια
1042 3643 1100 3708 τῆς
1116 3636 1235 3698 ἑαυτῶν
1252 3636 1442 3723 ἐπιμελείας,
1459 3634 1540 3699 τισίν
1557 3633 1611 3698 καὶ
1628 3645 1732 3699 ταῦτα

182 3741 359 3833 γεγένηται·
377 3741 431 3806 καί
448 3741 562 3831 μεσταί
578 3741 698 3806 τούτων
716 3746 748 3804 αἱ
762 3742 893 3833 ἱστορίαι
906 3749 968 3806 τῶν
986 3764 1022 3806 τε
1038 3744 1181 3806 παλαιῶν
1198 3740 1253 3806 καί
1268 3751 1331 3807 τῶν
1355 3741 1441 3819 νέων,
1466 3741 1518 3806 καί
1542 3741 1612 3808 καθ’
1636 3750 1732 3833 ῆμᾶς.

184 3859 252 3916 Δεῖν
277 3845 329 3916 ούν
346 3849 387 3914 τά
404 3849 579 3940 ἑκατέρωσε
602 3842 842 3940 ὑπερβάλλοντα
859 3849 992 3942 φεύγειν,
1010 3852 1051 3924 είς
1067 3873 1104 3916 τε
1128 3848 1169 3914 τά
1192 3851 1319 3942 χείρονα
1337 3841 1489 3916 δοκοῦντα
1508 3845 1595 3930 εἶναι,
1613 3852 1668 3916 καί
1692 3850 1733 3915 τά

184 3963 330 4048 ἀμείνονα
354 3960 526 4050 φαινόμενα
550 3970 615 4036 τοῖς
639 3963 767 4036 πολλοῖς
792 3959 845 4023 καί
860 3957 1061 4049 προσέθηκεν·
1081 3959 1162 4024 ούτω
1181 3958 1240 4051 γάρ
1266 3950 1547 4047 εὐδαιμονέστατος
1571 3958 1729 4050 ἅνθρωπος

129 4087 156 4125 ³0
184 4073 316 4160 γίνεται,
333 4069 492 4161 γινόμενος
510 4068 564 4158 μὲν
581 4067 641 4159 γάρ
658 4078 734 4132 πᾶσι
749 4069 904 4157 χρήσεται
921 4057 1051 4142 δεόντως
1067 4066 1121 4130 καί
1140 4077 1209 4142 ταῖς
1227 4058 1412 4156 ὑπερβολαῖς
1429 4067 1483 4130 καί
1498 4078 1568 4143 ταῖς
1592 4058 1731 4149 ἐνδείαις,

183 4177 289 4243 πάντα
312 4176 371 4267 γάρ
396 4177 514 4269 ὄργανα
531 4187 587 4252 τῆς
605 4181 717 4265 ἀρετῆς
734 4175 802 4240 καθ’
823 4175 858 4249 ήν
875 4180 890 4239 ὁ
908 4167 1063 4263 εὐδαίμων
1080 4175 1164 4240 ἐστίν
1187 4166 1353 4264 εὐδαίμων,
1371 4176 1424 4240 καί
1447 4174 1553 4240 πάντα
1578 4166 1732 4265 ἀδιάφορα

184 4287 258 4375 πρός
282 4287 414 4358 ἐκείνην·
441 4287 489 4349 ίνα
514 4275 547 4351 δέ
570 4275 723 4372 εὐδαίμων
748 4285 891 4375 γένηται,
908 4293 970 4348 τῶν
989 4283 1102 4372 μέσων,
1120 4287 1191 4348 ἀλλ’
1210 4284 1280 4372 οὐχί
1296 4293 1359 4348 τῶν
1385 4283 1485 4374 ἀκφων
1510 4275 1667 4356 δεήσεται·
1692 4282 1734 4348 rat

185 4395 244 4486 γάρ
269 4395 349 4486 ἄκρα
372 4397 446 4486 πρὸς
470 4395 529 4468 τήν
554 4405 666 4468 κτῆσιν
691 4405 749 4470 τῆς
781 4397 893 4484 ἀρετῆς
917 4384 1070 4482 ἐμπόδια,
1095 4391 1137 4458 τά
1162 4391 1217 4482 μέν
1243 4386 1440 4478 βαπτίζοντα
1469 4391 1528 4465 τήν
1552 4389 1656 4483 ψυχήν
1680 4392 1733 4456 καί

186 4499 440 4587 κατακλύζοντα,
464 4502 506 4569 τά.
531 4495 565 4570 δέ
589 4507 701 4596 ἀγεννῆ
727 4512 877 4568 ποιοῦντα
901 4501 955 4566 καί
978 4499 1189 4591 ἀνελεύθερον·

132 4729 160 4769 ³⁵
453 4734 498 4796 ÷
521 4721 582 4785 Καὶ
600 4712 678 4805 iii)
703 4719 757 4784 καί
771 4719 848 4785 τότε
864 4723 880 4783 ὁ
898 4718 1012 4786 ἐκεῖθεν
1030 4718 1163 4811 ἄγγελος
1180 4716 1320 4810 ἤγγελλε
1344 4716 1398 4781 τύν
1423 4729 1467 4791 -ζ-

453 4843 497 4906 -ζ-
521 4829 576 4918 μὲν
591 4830 757 4920 προφήτην
775 4829 872 4906 οὕτως
888 4833 994 4912 εἰπεῖν,
1013 4827 1077 4914 [καί
1093 4827 1265 4910 τελευταίῳ
1283 4825 1402 4890 ἐπιόντι
1425 4837 1470 4901 -ζ-

225 5031 246 5102 ι)
266 5027 335 5085 eod.
354 5027 483 5101 primum
501 5031 593 5094 ἄλλοις,
613 5027 648 5083 A.
669 5031 751 5088 ἄλλοις
770 5023 808 5084 ir.
986 5023 1177 5096 compendio,
1198 5021 1278 5094 quod
1301 5038 1407 5094 reepse
1433 5018 1586 5092 superiora
1609 5035 1681 5092 pree
1700 5035 1734 5074 se

225 5123 247 5194 ¹)
266 5121 302 5176 A.
322 5119 342 5174 f.
362 5119 405 5174 88.
986 5117 1065 5173 ferre
1085 5114 1172 5170 facile
1186 5111 1320 5185 dixerim,
1332 5111 1423 5184 idque
1434 5111 1533 5184 ipsum
1546 5111 1670 5168 Procius
1687 5109 1734 5166 in-

223 5208 391 5285 ³)Reipubl.
403 5225 430 5278 x,
441 5205 502 5260 316.
516 5207 578 5262 Aut
589 5204 688 5261 Procli
701 5205 932 5262 commentarius
984 5206 1059 5263 nuit.
1079 5205 1183 5276 Pergit
1201 5202 1294 5275 igitur
1313 5202 1375 5258 eod.
1395 5202 1453 5259 sie:
1469 5207 1517 5255 Καὶ
1535 5203 1563 5259 δή
1585 5209 1627 5255 καὶ
1647 5203 1702 5254 τότε
1723 5203 1733 5252 i

187 5303 283 5358 multa
292 5299 376 5374 eopia
386 5295 617 5368 circumciditur,
626 5302 680 5353 aut
692 5302 788 5353 totam
797 5297 933 5354 Platonis
985 5298 1073 5350 ἐκεῖθεν
1094 5299 1198 5366 ἄγγελος
1217 5295 1309 5366 ἧγγιλε
1328 5291 1402 5364 (sio),
1423 5297 1463 5345 τόν
1484 5295 1527 5361 μέν
1547 5293 1676 5364 προφήτην
1696 5291 1732 5345 ού·

187 5390 328 5463 paginam
346 5389 400 5444 315
418 5387 564 5459 interpres
583 5386 758 5459 perstrinxit
776 5386 932 5460 exegetieo
987 5409 1033 5447 τως
1054 5389 1139 5452 ιίπιῖν,
1159 5386 1202 5447 ῖως
1222 5388 1264 5438 τοῦ
1284 5385 1348 5455 μήτε
1368 5390 1421 5436 κτλ

330 5515 425 5570 Asse.
445 5529 472 5584 ν,
491 5512 533 5568 t*.
