3978 6070
529 490 660 566 Anima
678 491 804 587 ίερίύιιο
823 496 944 568 mundi
961 495 1112 586 subjecta
1129 504 1250 572 sortem
1270 499 1371 592 εὐρέϊ.
1690 512 1727 568 υι

181 673 205 738 f.
231 675 283 752 86,
307 673 340 738 in
364 672 481 740 lacuna
505 675 523 740 7
549 697 649 742 versa
742 674 923 762 [κοσ]μικῶν
948 672 1101 743 ποιήσεων
1117 724 1124 740 .
1138 724 1167 740 ..
1192 673 1260 762 ὅρον
1284 675 1396 750 ἐντοῖς
1420 674 1641 765 ἑπομένοις...
1666 675 1726 768 γάρ

180 788 227 864 τῷ
252 779 381 865 ἀτάκτῳ
406 777 626 846 ἐπακολουθεῖν
651 781 756 848 ἔθελον
782 783 896 848 καί...
920 783 958 848 τύ
983 780 1223 873 μεταλαγχάνει
1247 792 1305 859 τῆς
1331 784 1447 849 ἐκείνου
1470 793 1535 861 πῶς
1560 784 1665 851 ἀτακτ
1679 836 1685 850 .
1700 837 1729 850 ..

181 913 216 952 τε
241 881 438 977 συμβήσεται
462 887 521 962 τὴν
544 900 600 954 τοῦ
623 891 740 969 παντὸς
764 886 853 971 τάξιν
883 885 1131 981 μεθαρμόζεσθαι
1159 901 1227 967 ταῖς
1251 893 1419 983 ἡμετέραις
1448 893 1596 971 ἀστάτοις
1620 899 1729 986 ὁρμαῖς

182 989 252 1063 οὐδὲ
268 997 402 1074 τούτοις,
420 989 490 1064 οὐδὲ
505 999 560 1064 τύν
576 1010 634 1078 τῆς
650 1001 792 1091 προνοίας
809 1002 857 1067 ἔτι
874 992 1044 1066 διώσασθαι
1060 999 1154 1090 λόγον
1172 1000 1262 1064 ἔσται
1279 991 1421 1064 δυνατόν·
1437 1004 1580 1092 προνοίας
1598 1001 1653 1091 μὲν
1669 1000 1729 1093 γάρ

141 1133 154 1170 ε
180 1104 240 1179 τὴν
264 1105 398 1172 ἑκάστου
414 1119 579 1197 πανταχοῦ
597 1099 821 1198 διαφυλάττειν
839 1102 938 1191 ἀξίαν,
955 1118 1016 1172 τῶν
1034 1133 1069 1173 τε
1087 1109 1166 1173 ὅλων
1183 1106 1314 1173 καὶτῶν
1332 1117 1442 1199 μερῶν,
1466 1111 1520 1174 καί
1544 1109 1729 1174 συντάττειν

179 1212 286 1280 πάντα
309 1215 383 1305 πρὸς
407 1214 545 1292 άλληλα,
569 1216 623 1281 καί
645 1218 719 1308 πρὸς
744 1216 774 1282 ἐν
798 1217 836 1284 τύ
861 1216 978 1310 ἀγαθὸν
1004 1216 1210 1305 ἀναπέμπειν.
1236 1221 1271 1280 Εἰ
1295 1209 1328 1283 δὲ
1353 1215 1510 1307 ἐπιτρέψοι
1534 1229 1589 1283 τοῦ
1612 1218 1730 1294 παντὸς

180 1329 256 1412 ἡμῖν
273 1322 493 1390 ἐπακολουθεῖν
511 1324 569 1397 τὴν
586 1325 763 1416 περιφοράν,
782 1327 948 1416 οἰχήσεται
966 1326 1020 1414 μὲν
1037 1332 1057 1400 ἡ
1077 1334 1139 1390 τῶν
1157 1328 1237 1390 ὅλων
1254 1319 1353 1404 τάξις,
1367 1317 1591 1392 ἐπεισοδιωδῶν
1605 1331 1731 1393 πολλῶν

182 1431 372 1522 γιγνομένων
391 1423 442 1498 διά
458 1433 514 1510 τάς
531 1435 684 1525 ἡμετέρας
701 1433 808 1522 ὁρμάς·
825 1435 862 1500 τύ
879 1426 913 1499 δέ
928 1436 990 1499 ἀπὸ
1007 1445 1064 1511 τῆς
1081 1436 1225 1524 προνοίας
1242 1432 1360 1524 ἀγαθὸν
1377 1439 1432 1499 οὐκ
1456 1435 1504 1499 ἔτι
1525 1445 1587 1499 τῶν
1604 1433 1730 1500 πάντων

181 1541 272 1604 ἔσται
296 1540 498 1630 κρατητικύν·
523 1545 556 1607 οὐ
580 1541 641 1634 γάρ
666 1542 784 1633 ἀγαθὸν
808 1555 873 1620 τοῖς
896 1547 1031 1634 χείροσιν
1049 1543 1231 1608 ἀκολουθεῖν
1249 1544 1286 1608 τύ
1303 1553 1457 1634 κρεῖττον·
1478 1543 1600 1634 ἀνάγκη
1626 1546 1729 1608 τοίνυν

130 1673 153 1711 ιο
181 1649 421 1740 προκατάρχειν,
447 1649 489 1739 μὴ
515 1649 575 1722 τὴν
599 1650 765 1741 περιφοράν
790 1655 824 1716 ἐκ
848 1652 979 1737 τούτων,
1003 1651 1129 1718 ἕπεσθαι
1147 1644 1234 1718 δὲτὸ
1251 1657 1298 1742 ἐφ’
1323 1658 1489 1742 ἠμῖντοῖς
1518 1651 1631 1717 ἐκεῖθεν
1656 1675 1731 1741 προ-

181 1759 421 1849 κατηργμένοις.
447 1764 482 1823 Εἰ
506 1750 539 1825 δὲ
563 1770 656 1825 τοῦτο
681 1752 789 1846 δῆλον,
813 1765 852 1837 ὡς
878 1764 930 1827 ἕνα
955 1761 1048 1852 μόνον
1073 1763 1244 1851 προτείνειν
1267 1763 1332 1847 βίον
1357 1761 1474 1848 ἑκάστῃ
1501 1757 1585 1850 ψυχῇ
1611 1761 1648 1826 τύ
1668 1769 1729 1824 πᾶν

183 1855 234 1930 διά
257 1877 315 1941 τῆς
339 1877 512 1956 περιφορᾶς,
530 1857 581 1932 δεῖ
592 1867 717 1944 πάντως
734 1866 753 1941 ἢ
771 1867 892 1945 πάντας
908 1868 1026 1954 ἑκάστη
1045 1870 1099 1933 καὶ
1113 1869 1215 1943 ἀλλην
1232 1870 1332 1948 ἄλλης
1355 1870 1439 1936 κατά
1463 1880 1557 1936 τοῦτο
1575 1861 1729 1960 διαφέρειν

185 1965 293 2065 μηδὲν,
317 1973 337 2046 ἢ
363 1966 556 2064 διηρημένως
573 1974 658 2052 τινάς
684 1976 738 2064 μὲν
762 1975 884 2060 ἄλλαις,
908 1975 995 2053 τινάς
1013 1969 1046 2042 δὲ
1063 1977 1182 2053 ἀλλαις.
1200 1978 1288 2044 ἈλλΙ
1308 1984 1334 2044 εἰ
1354 1977 1409 2068 μὲν
1428 1976 1468 2056 εἷς
1493 1978 1584 2068 μόνος
1608 1977 1727 2063 ἑκάστῃ

181 2063 376 2172 προτείνοιτο
402 2085 476 2168 βίος,
501 2086 669 2149 οὐκέσται
693 2085 730 2150 τύ
761 2089 807 2175 ἐφ’
832 2092 907 2176 ημῖν
930 2087 1026 2151 πάλιν
1050 2090 1080 2152 ἐν
1105 2098 1173 2163 ταῖς
1198 2087 1362 2178 αἱρέσεσιν·
1386 2091 1421 2152 ἐκ
1445 2085 1504 2178 γάρ
1528 2089 1593 2162 ἑνύς
1617 2090 1730 2178 αἵρεσις

129 2212 155 2250 ιε
182 2182 324 2283 οὐδαμῶς
349 2197 444 2274 ἐστιν,
469 2197 540 2257 ἀλλ’
566 2197 600 2259 ἐκ
625 2185 708 2259 δυοῖν
732 2200 762 2260 τ’
789 2195 985 2284 οὐλάχιστον.
1011 2201 1101 2260 Πᾶσα
1120 2195 1180 2286 γάρ
1197 2197 1369 2286 προαίρεσις
1395 2197 1473 2260 ἀλλο
1497 2194 1596 2259 ἄλλον
1620 2196 1729 2286 προτί-

182 2298 281 2374 θησιν·
307 2302 552 2392 ηναγκασμένως
577 2297 639 2380 οὐν,
664 2307 680 2367 6
705 2303 759 2392 μὲν
776 2297 837 2382 ἔξει
855 2305 920 2388 βίον
938 2302 1078 2384 άλλον,ὐ
1103 2297 1136 2369 δὲ
1153 2305 1259 2381 ἄλλον,
1280 2305 1334 2369 καὶ
1358 2310 1385 2370 εί
1410 2304 1464 2396 μὲν
1490 2296 1571 2392 μηδὲ
1594 2302 1728 2370 ἐνταῦθα

182 2407 280 2498 κύριοί
302 2434 384 2487 τινος
408 2409 510 2499 ἐσμέν,
535 2403 728 2484 ἐκύέύληται
750 2410 854 2486 πάντη
880 2423 974 2477 τοῦτο
999 2405 1037 2485 δὴ
1063 2413 1101 2478 τύ
1125 2417 1171 2504 ἐφ’
1195 2418 1271 2504 ἡμῖν

180 2683 204 2749 f.
223 2685 265 2749 86
280 2707 323 2762 ν.,
339 2684 374 2749 in
390 2685 503 2750 eadem
520 2684 654 2749 lacuna:
678 2732 684 2745 .
701 2682 832 2758 ..ἐκτὸς
849 2683 941 2759 ὄντας
959 2673 1132 2771 μηδενί...
1157 2679 1217 2752 τὴν
1234 2684 1355 2754 κίνησιν
1372 2681 1404 2745 ἐν
1429 2678 1618 2768 σώμασι...
1643 2701 1730 2768 γενο-

182 2791 289 2880 μένους
313 2790 366 2856 καί
388 2802 447 2868 τῆς
472 2790 527 2880 μὲν
551 2785 688 2869 ἐξουσίας
705 2789 790 2856 κατά
806 2842 811 2855 .
825 2841 854 2860 ..
879 2791 966 2881 φύσιν
984 2792 1076 2867 οὔσης
1094 2786 1136 2866 οἷς
1155 2790 1193 2854 τύ
1218 2780 1296 2866 εἶδος
1320 2798 1378 2865 τῆς
1402 2783 1494 2868 ζωῆς·
1515 2788 1730 2876 προαιρετικὸν

126 2927 153 2966 ιο
182 2893 279 2966 δυσσ.
295 2949 322 2964 ..
348 2910 406 2977 τῆς
430 2892 464 2966 δέ
488 2899 628 2992 ἀνάγκης
650 2898 736 2990 παρά
760 2899 857 2990 φύσιν·
882 2916 923 2973 —22-
946 2904 976 2965 έν
1001 2891 1034 2965 δὲ
1058 2897 1182 2989 σώματι
1206 2908 1264 2973 τῆς
1280 2895 1382 2987 ψυχῆς
1405 2896 1489 2987 παρά
1513 2896 1602 2986 φύσιν
1627 2889 1729 2974 ζώσης

182 3012 303 3099 μᾶλλον
334 3005 353 3078 ἢ
379 2999 438 3085 έξω
461 3007 627 3097 σωμάτων.
653 3013 688 3073 Εἰ
712 2999 745 3074 δὲ
768 3007 884 3086 πάντες
908 3015 937 3074 οἱ
961 3011 1022 3094 βίοι
1044 3007 1158 3083 πάσαις
1183 3010 1217 3072 ἑκ
1240 3017 1299 3083 τῆς
1323 3015 1487 3098 περιφορᾶς
1511 3007 1731 3096 προτείνονται

181 3127 250 3194 ταῖς
267 3112 391 3206 ψυχαῖς,
407 3117 497 3182 ἔσται
514 3117 568 3182 τύν
586 3117 680 3182 αὐτὸν
697 3118 812 3208 τρόπον
831 3111 961 3196 ἀταξίας
977 3121 1093 3208 πλῆρες
1110 3117 1148 3182 τύ
1163 3127 1235 3182 πᾶν·
1252 3125 1339 3181 παῖσα
1355 3116 1413 3208 γάρ
1431 3112 1515 3206 ψυχὴ
1534 3114 1729 3204 φιλόπρωτος

182 3220 259 3291 οὐσα
282 3225 408 3290 πάντων
434 3227 514 3310 αὐτῇ
533 3225 777 3314 προτεινομένων
795 3235 857 3290 τῶν
876 3229 961 3311 βίων,
979 3226 1184 3316 ἐπιτρέχουσα
1202 3225 1375 3314 φανήσεται
1392 3235 1461 3302 ταῖς
1478 3225 1652 3313 τυραννίσιν
1676 3223 1730 3286 καί

181 3345 251 3410 ταῖς
277 3326 481 3417 δυναστείαις,
505 3334 559 3399 καί
582 3339 610 3399 οί
634 3337 778 3424 ἀμείνους
801 3345 864 3400 τῶν
891 3337 964 3422 βίων
997 3339 1123 3424 ἀφανεῖς
1151 3336 1292 3410 ἐσονται,
1317 3332 1370 3397 καί
1394 3331 1435 3397 τά
1460 3341 1518 3408 τῆς
1542 3321 1630 3407 δίκης
1654 3332 1730 3421 ἔργα

127 3463 154 3502 2⁵
184 3443 288 3532 μάτην
314 3442 576 3534 θρυλληθίισεται,
600 3441 726 3509 πάντων
752 3443 858 3534 μάτην
883 3445 991 3532 ὁμοίας
1016 3438 1155 3522 ἐξουσίας
1176 3445 1397 3506 ἀπολαυουσῶν
1422 3436 1528 3530 ψυχῶν
1553 3437 1728 3528 σωφρόνων,

182 3551 378 3633 ἀκολάστων,
403 3554 505 3634 ὁσίων,
530 3552 670 3629 ἀνοσίων,
694 3552 864 3643 ἐμφρόνων,
889 3553 1037 3642 ἀφρόνων,
1062 3556 1097 3614 Εἰ
1128 3543 1162 3616 δὲ
1193 3555 1370 3641 εὐνομεῖται
1399 3550 1438 3614 τύ
1461 3559 1523 3613 πᾶν
1555 3550 1676 3636 μᾶλλον
1708 3545 1727 3618 ἢ

181 3660 294 3726 ἀλλοτι
317 3669 379 3725 τῶν
404 3661 489 3736 ἑντύς
512 3671 567 3725 τοῦ
592 3660 720 3742 παντὸς,
745 3652 815 3726 οὐδὲ
831 3652 864 3726 δὲ
880 3659 1000 3725 τούτων
1019 3660 1144 3749 θεμιτὸν
1161 3663 1192 3724 ἑν
1209 3669 1278 3734 ταῖς
1297 3657 1535 3748 εὐνομουμέναις
1558 3655 1730 3729 πολιτείαις

180 3771 248 3845 ἴσης
272 3763 410 3847 ἐξουσίας
427 3779 566 3858 μετεῖναι
589 3778 694 3853 πᾶσιν,
718 3761 784 3834 οὐδ’
809 3767 844 3834 ἀν
870 3773 900 3835 ἐν
918 3779 963 3852 τῷ
980 3769 1076 3833 παντί
1092 3771 1200 3852 πολλῷ
1216 3767 1364 3859 πρότερον
1387 3768 1433 3838 εἴη
1460 3765 1496 3830 ἀν
1520 3790 1552 3829 τι
1576 3773 1727 3828 τοιοῦτον·

181 3877 437 3969 συγχυθύσονται
460 3877 520 3966 γάρ
545 3883 573 3942 οἱ
595 3887 653 3954 τῆς
678 3869 763 3956 ἀξίας
788 3881 851 3969 ὅροι
875 3889 937 3944 τῶν
962 3877 1150 3968 αἱρουμένων
1174 3876 1237 3941 ἀπὸ
1253 3885 1315 3941 τῶν
1334 3877 1447 3957 αὐτῶν,
1472 3873 1525 3938 καὶ
1547 3871 1674 3937 πάντων
1699 3875 1732 3933 αἱ

125 4001 153 4040 ³⁰
182 3988 309 4076 αἱρέσεις
325 3986 479 4062 ἑκάστοις·
497 3987 640 4052 λείπεται
656 3989 759 4051 τοίνυν
778 3987 859 4074 μήτε
876 3987 939 4062 ἑνὸς
956 3985 1192 4076 προτεινομένου
1209 3983 1334 4064 πάσαις,
1352 3984 1434 4072 μήτε
1456 3981 1583 4047 πάντων
1606 3979 1731 4056 πάσαις,

180 4095 252 4171 τούς
276 4095 529 4184 προτεινομένους
556 4096 637 4180 βίους
654 4093 740 4170 τινάς
757 4089 834 4160 εἶναι
853 4106 922 4172 ταῖς
939 4092 1062 4185 ψυχαῖς,
1078 4093 1132 4158 καί
1148 4093 1262 4168 ἀλλους
1287 4091 1407 4168 ἄλλαις·
1434 4093 1468 4155 οὐ
1492 4088 1551 4180 γάρ
1576 4112 1635 4153 που
1659 4085 1730 4162 τούς

182 4203 305 4286 αὐτοὺς,
328 4208 355 4268 εἰ
378 4205 431 4268 καί
454 4228 540 4279 τινας
564 4202 689 4285 πάσαις,
714 4195 851 4294 διαφέρει
874 4203 933 4295 γάρ
957 4195 1045 4269 οὐδέν
1070 4214 1164 4268 τοῦτο
1187 4201 1290 4292 λέγειν
1316 4200 1369 4266 καὶ
1391 4198 1511 4273 πάντας
1536 4195 1659 4270 πάσαις·
1686 4199 1727 4258 ῶν

181 4309 240 4401 γάρ
265 4315 297 4373 αῖ
320 4303 396 4388 ἔξεις
421 4311 571 4395 ἀνόμοιοι,
595 4311 715 4376 τούτων
741 4303 863 4376 δεῖκαὶ
885 4309 941 4386 τάς
966 4305 1103 4389 ἐξουσίας
1129 4310 1250 4384 ἀνίσους
1274 4301 1360 4386 εἶναι,
1381 4306 1506 4383 πάντως
1531 4304 1615 4369 κατά
1639 4295 1729 4374 δίκην

183 4409 406 4508 διανεμομένας
429 4430 494 4496 τοῖς
520 4421 685 4510 ἀνομοίοις·
709 4419 790 4484 οὐτω
814 4429 887 4509 γοῦν

128 4717 154 4754 ιε
183 4687 211 4752 fc
224 4689 266 4754 86
281 4689 341 4770 bis,
359 4689 416 4756 fol.
434 4689 566 4756 unicum
582 4691 740 4758 hactenus
753 4692 822 4758 sine
835 4691 968 4758 lacuna:
985 4689 1040 4754 καὶ
1056 4694 1072 4755 6
1090 4691 1256 4770 Ἀθηναῖος
1270 4691 1362 4767 Ξένος
1376 4689 1444 4766 Διὸς
1457 4689 1555 4779 κρίσιν
1570 4681 1653 4754 εἶπεν
1670 4685 1730 4758 τὴν

184 4793 337 4882 μετρικλν
362 4795 536 4885 μεσότητα,
560 4807 624 4873 τοῖς
641 4797 755 4873 ἀνίσοις
773 4797 881 4863 ἀνισαν
902 4802 1068 4886 ὁμοιοῦσαν
1093 4799 1177 4864 κατά
1201 4800 1261 4874 τὴν
1285 4799 1426 4865 ἑκάστων
1451 4792 1550 4876 ἀξίαν·
1576 4801 1602 4862 εί
1626 4787 1653 4860 δ’
1679 4789 1730 4860 οὐν

183 4901 294 4978 ἄλλαις
312 4901 404 4968 ἀλλοι
419 4906 635 4995 προτείνονται
650 4907 710 4990 βίοι
726 4904 848 4996 ψυχαῖς,
862 4907 978 4991 ἑκάστη
999 4897 1032 4971 δὲ
1048 4911 1106 4997 οὐχ
1123 4903 1175 4985 είς,
1192 4899 1262 4973 οὐδὲ
1280 4899 1317 4980 δὴ
1335 4907 1460 4991 πάντες,
1477 4911 1517 4982 ὡς
1535 4895 1730 4994 δεδείχαμεν,

182 5012 312 5101 φανερὸν
336 5003 398 5084 ἤδη
425 5015 471 5088 τίς
497 5013 551 5102 μέν
576 5019 660 5080 ἐστιν
685 5019 798 5106 κλῆρος
822 5014 969 5092 ἑκάστης,
986 5015 1033 5090 τίς
1051 5005 1084 5080 δὲ
1102 5016 1176 5099 βίος·
1197 5020 1311 5105 κλῆρος
1336 5013 1390 5105 μὲν
1414 5012 1475 5105 γάρ
1498 5015 1583 5078 ἐστιν
1607 5010 1731 5098 σύμπας

182 5124 198 5184 6
223 5118 350 5210 ἀριθμὸς
374 5131 437 5185 τῶν
464 5123 548 5206 βίων,
573 5117 614 5188 ὧν
639 5123 756 5210 ἑκάστη
783 5125 937 5213 προτείνει
959 5124 998 5187 τύ
1021 5133 1094 5208 πᾶν,
1120 5115 1171 5187 διά
1187 5132 1250 5187 τῶν
1266 5127 1378 5188 ἑαυτοῦ
1402 5130 1583 5212 περιφορῶν,
1609 5121 1673 5204 βίος
1698 5109 1732 5183 δέ

127 5257 154 5294 ιο
183 5227 312 5306 ἕκαστος
336 5239 398 5293 τῶν
423 5235 453 5295 ἐν
478 5239 523 5313 τῷ
547 5231 654 5322 κλήρῳ
677 5231 914 5323 περιεχομένων,
940 5223 1019 5307 εἶδος
1042 5230 1084 5296 ὥν
1101 5256 1133 5294 τι
1149 5225 1229 5307 ζωῆς
1246 5229 1288 5313 ἑν,
1308 5231 1381 5320 ὅπερ
1398 5221 1446 5294 δεῖ
1466 5225 1568 5318 ψυχὴν
1592 5227 1729 5298 ἑκάστην

183 5341 214 5402 ἐν
236 5349 276 5425 τῇ
303 5339 420 5428 γενέσει
452 5341 560 5423 βιῶναι
593 5338 673 5429 μετά
705 5349 767 5404 τῶν
792 5344 826 5406 ἐκ
853 5351 907 5406 τοῦ
934 5341 1051 5418 παντὸς
1083 5338 1339 5429 ἀπονεμομένων·
1363 5339 1447 5432 λέγω
1478 5329 1511 5403 δὲ
1543 5333 1605 5403 οἷον
1635 5339 1664 5401 εἴ
1684 5345 1729 5421 τῷ
