3944 6074
326 495 382 554 224
878 491 961 567 (lod.
982 495 1113 570 Medic.
1134 496 1328 572 varidetes.

328 668 434 730 torum
457 665 574 733 oblitus
597 668 651 749 sit,
675 673 705 734 et
727 669 837 734 statim
852 669 942 735 bumi
964 690 1035 735 cum
1058 670 1116 736 dea
1141 671 1352 752 concubuerit,
1369 691 1406 738 ae
1426 691 1466 738 ne
1488 673 1524 738 in
1549 671 1723 738 cubiculum
1742 674 1837 756 quibem
1907 691 1908 700 ¹

326 774 455 856 inprcdi
470 776 644 856 sustinens,
662 777 699 840 in
715 782 834 843 terram
850 779 1020 860 collapsus,
1036 779 1257 862 hominumque
1273 781 1450 847 amantium
1467 782 1560 847 aerbo
1576 781 1700 848 locutus
1714 783 1777 846 sit?

371 881 441 948 Nes
457 903 539 962 nero,
550 891 651 964 prout
667 887 850 967 recepimus,
867 894 979 953 cuncta
995 886 1131 954 breuiter
1141 909 1381 970 persequamur,
1398 889 1504 970 qualis
1520 890 1563 954 sit
1577 887 1711 954 Jooiset
1727 888 1841 954 Junonis

324 990 519 1070 concubitus,
535 1011 593 1056 cnr
607 993 805 1072 conueniant,
829 995 981 1076 quomodo
1004 996 1203 1078 eepcrpiscot
1224 995 1355 1076 Jupiter
1377 1003 1407 1060 et
1429 997 1590 1062 interdum
1613 996 1754 1076 dormiat,
1774 997 1840 1078 qenli

323 1098 443 1181 frende
466 1121 609 1166 summus
633 1101 710 1166 deus
733 1103 878 1184 deceptus
902 1104 954 1182 sit,
978 1103 1159 1184 cujusmodi
1181 1104 1212 1169 is
1233 1123 1333 1182 arnor,
1357 1104 1429 1185 quis
1452 1104 1586 1168 tbelami
1608 1103 1713 1184 lomes,·
1734 1125 1785 1186 quo
1801 1106 1840 1184 fiet

326 1215 363 1276 ut
386 1209 548 1276 Homerus
570 1210 610 1275 ob
634 1211 721 1275 omui
744 1211 948 1290 blasphemio,
973 1211 1056 1293 quod
1078 1210 1162 1275 lune
1185 1211 1286 1277 locum
1308 1212 1433 1289 attinet,
1458 1211 1609 1276 liberetur
1623 1261 1651 1290 ,.

370 1317 402 1382 A
418 1317 562 1397 enneade,
578 1338 643 1384 nne
658 1317 804 1384 uniuersi
814 1319 989 1400 principie,
1005 1318 1089 1400 quod
1103 1339 1205 1384 unum
1221 1325 1249 1384 et
1266 1319 1381 1384 bonum
1396 1319 1492 1385 Plato
1508 1326 1606 1399 necat,
1622 1339 1728 1386 omnes
1741 1319 1842 1385 ordines

327 1425 433 1492 diuini
451 1427 706 1510 proprcdiuntur
725 1447 786 1509 per
808 1427 965 1493 secundas
987 1447 1113 1506 causas,
1138 1449 1217 1510 quac
1239 1447 1376 1509 supcruc
1393 1427 1551 1510 usquead
1574 1428 1765 1494 mundanam
1784 1448 1842 1492 ceu·

325 1533 523 1600 stitutionem
542 1536 744 1617 pertinpunt.
766 1534 841 1602 Has
852 1537 1094 1618 propressiones
1110 1535 1329 1620 mptboprapbi
1350 1557 1411 1618 per
1429 1537 1572 1617 nuptias,
1591 1537 1717 1614 coitum,
1739 1533 1843 1600 sobolem

326 1639 392 1708 diis
414 1644 552 1727 officum
574 1643 792 1710 tradiderunt.

370 1749 456 1816 Ante
478 1751 576 1834 bajus
591 1751 705 1817 mundi
720 1753 893 1834 opificium,
911 1754 1147 1836 compressiones
1171 1750 1309 1820 Saturni
1332 1759 1361 1818 et
1384 1753 1500 1834 Rbeac,
1526 1751 1613 1819 Oceli
1638 1752 1846 1834 Terraequert
1910 1820 1911 1826 ἵ

324 1856 411 1921 iuter
433 1861 548 1926 mundi
571 1862 708 1945 opifices,
725 1862 866 1926 omnium
878 1863 988 1942 prima
1002 1860 1097 1928 Joois
1117 1867 1146 1926 ct
1160 1859 1306 1928 Junonis
1321 1863 1500 1927 commixtio
1520 1863 1608 1944 facta
1634 1860 1759 1925 dicitur.
1779 1855 1846 1922 Jeern

325 1969 427 2030 mater
442 1973 489 2032 est
512 1970 652 2034 omnium
675 1990 793 2048 eorum,
818 1990 951 2051 quorum
972 1967 1107 2050 Jupiter
1124 1975 1238 2050 pater;
1261 1969 1291 2033 is
1314 1971 1429 2050 quippo
1451 1988 1562 2033 moues
1583 1966 1782 2048 primipenio‚
1803 1963 1845 2026 ille

325 2098 397 2143 vcro
420 2077 584 2144 binarium
610 2077 794 2161 fecundum,
819 2077 902 2159 quod
930 2075 1009 2142 Jeoi
1036 2077 1195 2159 iuferiora
1216 2077 1329 2159 jecrepit
1352 2082 1382 2140 ct
1404 2075 1579 2140 coustituit.
1604 2073 1683 2139 Ideo
1709 2071 1847 2150 Journal

324 2183 468 2263 copulam
491 2181 585 2249 Jeois
605 2185 777 2266 festinans,
803 2190 901 2250 totam
925 2205 1016 2250 suam
1040 2186 1211 2250 essentiam
1231 2185 1367 2266 perficit.

368 2288 501 2372 Jupiter
523 2310 596 2356 uero
620 2291 766 2356 diuinum
788 2292 825 2356 in
848 2311 882 2357 se
897 2312 1034 2358 emerem
1049 2292 1176 2370 excitat,
1187 2313 1249 2372 per
1264 2311 1353 2374 quem
1369 2293 1440 2356 suis
1463 2291 1554 2356 bouis
1574 2290 1722 2370 praeiere
1738 2285 1848 2370 pertici·

318 2401 439 2480 pantio
453 2397 666 2464 laetabundus
678 2399 796 2479 implet.
810 2397 875 2464 Sed
886 2420 983 2482 quum
995 2399 1131 2465 nurnine
1143 2406 1293 2480 perpetuo
1309 2399 1504 2481 copulentur,
1515 2399 1629 2480 sabula
1647 2397 1730 2462 idem
1742 2394 1845 2460 diuidit,

324 2511 354 2570 et
377 2503 564 2570 discrimine
587 2511 749 2570 aeternam
773 2506 1022 2588 conjunctionem
1045 2512 1194 2588 separat;
1216 2506 1292 2570 inde
1322 2526 1454 2571 somnus
1480 2513 1509 2572 ct
1538 2505 1654 2589 cipitia
1683 2503 1804 2570 seorsim
1824 2501 1847 2562 ie

322 2610 509 2693 fabularum
533 2611 696 2695 symbolis,
721 2618 756 2676 ut
781 2612 936 2696 duplicem
960 2613 1057 2678 uitam
1081 2617 1111 2677 et
1134 2613 1346 2692 operationem
1370 2612 1559 2694 osteuduut;
1580 2613 1735 2694 priorem,
1762 2629 1847 2693 quae
1911 2635 1913 2746 q

289 2727 292 2732 “
324 2719 418 2784 rebus
439 2719 646 2785 sensibilibus
668 2739 786 2784 neernen
806 2721 1006 2802 abjuupitur,
1023 2719 1118 2802 quasi
1133 2719 1170 2783 in
1186 2739 1219 2784 se
1234 2719 1415 2800 dormiens;
1431 2719 1652 2799 posteriorem,
1677 2739 1739 2802 quo
1760 2713 1847 2798 cipiet

323 2831 354 2891 ct
376 2827 536 2892 exteriora
558 2833 588 2892 et
612 2827 780 2893 sensibilia
797 2828 956 2908 providet.

370 2931 583 3017 Sipnificatur
605 2941 711 3000 autem
734 2942 886 3016 separata
909 2935 969 3001 illa
991 2935 1086 3002 Joris
1108 2935 1152 3000 ad
1175 2941 1268 3001 extro
1284 2935 1493 3016 prouidentia
1519 2939 1738 3016 permantum
1767 2929 1849 3000 leem

323 3043 360 3107 in
383 3063 443 3124 quo
466 3063 536 3109 cum
559 3040 689 3110 Junonc
711 3044 925 3126 conpreditur,
944 3041 1029 3124 Quid
1045 3042 1138 3107 aliud
1154 3041 1227 3120 Ida,
1243 3043 1313 3106 nisi
1334 3042 1480 3106 idearum
1497 3040 1583 3106 locus
1607 3045 1636 3105 et
1660 3033 1851 3120 intellipibilis

324 3157 456 3230 nateera,
480 3152 533 3216 cui
556 3148 688 3234 Jupiter
706 3151 864 3233 providet,
889 3157 919 3216 ct
941 3171 1005 3233 qua
1026 3149 1188 3215 Junonern
1210 3149 1255 3214 ad
1276 3170 1310 3214 sc
1332 3149 1467 3214 allicit?

368 3258 484 3324 Allicit
496 3260 618 3325 amoris
633 3259 675 3338 ei,
687 3264 822 3341 propter
837 3257 1072 3323 abundantiam
1088 3255 1241 3321 bonitatis
1255 3275 1351 3337 quam
1366 3254 1514 3320 secundis
1529 3253 1648 3332 causis,
1667 3253 1733 3318 siue
1748 3247 1851 3316 binario

327 3364 474 3431 Junonis
497 3367 714 3433 communicat.
731 3363 930 3448 Hujusmodi
945 3363 1030 3428 enim
1046 3368 1122 3427 suut
1131 3363 1409 3444 praestantiorum
1423 3381 1566 3442 amores,·
1584 3360 1746 3442 inferiora
1765 3372 1851 3434 nempe

323 3473 361 3538 in
385 3473 555 3554 superiora
569 3477 774 3551 comunem,
799 3477 829 3537 et
845 3471 1057 3554 subjectorum
1073 3469 1155 3534 bone
1165 3469 1348 3550 perficiunt.
1366 3468 1525 3535 Homerus
1546 3467 1602 3534 luce
1625 3467 1785 3534 inuoluere
1804 3479 1851 3526 uon

326 3581 524 3646 mundanum
548 3599 761 3664 conpressum,
783 3580 873 3644 lurni
889 3580 1058 3662 jacentem
1082 3576 1139 3642 sed
1161 3576 1462 3657 supramuudauum
1481 3575 1586 3658 fuisse
1609 3576 1779 3659 sipnificat.

367 3689 457 3755 June
480 3695 587 3754 eutem
611 3689 789 3754 omnimodo
812 3708 846 3754 sc
869 3687 968 3753 matri
990 3685 1132 3751 Deorum
1165 3685 1336 3764 assimilat,
1360 3685 1515 3750 etaltera
1540 3683 1629 3750 Rbea
1661 3689 1781 3751 tantum
1801 3697 1850 3742 rene

323 3795 423 3879 facta,
447 3797 584 3862 similem
607 3803 756 3862 ornatum
779 3798 816 3861 in
839 3817 931 3874 eona,
958 3797 993 3859 in
1014 3814 1113 3874 coma,
1137 3794 1173 3857 in
1196 3793 1324 3874 capillis
1347 3792 1505 3874 dispersis
1527 3794 1679 3858 assumit.

369 3902 401 3967 A
425 3924 524 3970 conoe
548 3904 675 3986 quidem
695 3905 844 3987 fimbriae
859 3903 1036 3986 pendentes
1058 3908 1087 3967 et
1110 3901 1298 3983 compositae
1320 3901 1558 3966 multitudinem
1581 3901 1765 3966 animarum
1789 3913 1853 3978 spru·

325 4012 421 4078 bolice
443 4013 623 4096 desipuant.

370 4121 511 4187 Inaures
533 4127 564 4186 et
587 4119 683 4186 calcei
705 4125 782 4185 suut
801 4121 927 4201 primae
949 4124 980 4184 et
1001 4117 1134 4184 ultimae
1150 4118 1324 4198 potentiae,
1347 4136 1427 4198 quac
1442 4115 1481 4182 ab
1498 4114 1557 4180 illa
1566 4114 1819 4196 proficiscuntur.

369 4228 544 4294 Ambrosia
567 4233 672 4293 autem
695 4228 760 4293 uim
781 4227 873 4294 babet
896 4227 983 4292 omni
1012 4226 1199 4308 impuritate
1228 4225 1438 4304 superiorem,
1463 4229 1491 4288 et
1515 4221 1635 4303 oleum,
1658 4217 1853 4308 ppmnestiun

324 4335 522 4414 conueniens,
546 4333 644 4400 robur
666 4341 770 4417 aupet.

372 4441 486 4508 Gustus
509 4441 605 4506 etiarn
627 4447 657 4506 et
679 4441 841 4506 auxilium
865 4439 998 4507 Veneris
1013 4441 1117 4523 mapis
1132 4436 1293 4505 Junonem
1309 4439 1471 4504 assimilat
1487 4437 1613 4519 Rbeae3
1635 4439 1674 4504 iu
1689 4442 1767 4504 cesto
1787 4431 1853 4499 cuin

326 4555 396 4616 erat
418 4548 546 4614 incluso
569 4551 736 4631 antiquior
758 4551 881 4625 unitas,
906 4571 986 4632 quae
1008 4549 1214 4615 edivinitatc
1230 4547 1347 4612 coelum
1362 4547 1551 4625 continente,
1568 4565 1630 4628 per
1653 4545 1785 4612 medium
1806 4536 1853 4604 Sa·

326 4661 472 4735 turnum,
496 4657 534 4719 in
557 4676 677 4721 omnem
700 4657 936 4739 intellipibilcm
958 4657 1066 4723 eitam·
1076 4676 1249 4739 propressa
1272 4661 1328 4720 est.

373 4761 545 4842 Objicienti
568 4783 639 4828 cero
663 4763 745 4828 talia
767 4783 832 4828 nou
855 4765 1020 4828 conuenire
1043 4763 1313 4840 adolescentibus,
1337 4761 1454 4825 iterum
1485 4761 1717 4841 respondemus
1744 4776 1802 4824 uon
1819 4749 1852 4818 el

324 4868 483 4949 puerilem
507 4869 712 4950 disciplinam
734 4871 809 4937 boec
831 4871 938 4950 scribi,
956 4871 1012 4937 sed
1021 4877 1145 4952 poetas,
1170 4891 1222 4936 erc
1243 4871 1380 4953 furente,
1401 4869 1578 4934 Musarum
1601 4868 1736 4936 insania
1756 4869 1850 4945 coptos,

327 4995 406 5056 opus
428 4976 644 5058 imperfectum
668 4985 697 5043 et
715 4980 839 5058 poesim
859 4999 925 5044 non
947 4979 1126 5045 absolutam
1149 4979 1299 5061 occepisse.

370 5081 459 5147 Haec
482 5081 617 5149 Procius
639 5085 832 5166 confidenter
848 5093 926 5166 post
954 5083 1131 5169 Sprianum
1162 5091 1192 5150 et
1220 5085 1312 5163 alios,
1336 5084 1402 5166 qui,
1430 5089 1466 5148 nt
1496 5085 1545 5150 eit
1573 5085 1753 5160 Arnobius,
1777 5077 1849 5157 “tlt

328 5187 520 5268 scriptorum
544 5209 675 5255 suorum
697 5192 831 5273 impiam
855 5192 1060 5274 defenderent
1084 5191 1262 5270 audaciam,
1286 5189 1458 5273 alleporias
1481 5211 1533 5258 rcs
1557 5191 1637 5260 ullas
1661 5197 1692 5258 ct
1712 5179 1849 5256 meteretis

327 5293 478 5362 scientiae
499 5299 626 5364 mentiti
649 5304 726 5379 snut
748 5319 815 5364 esse
839 5299 1003 5365 doctrinas
1018 5349 1047 5381 ,.
