3944 6074
870 981 959 1047 XVI.

181 1197 342 1284 12¹.le
367 1196 477 1288 ῥητέον
500 1197 574 1284 πρὸς
598 1195 656 1274 τὰς
681 1207 736 1262 τοῦ
753 1197 938 1289 Σωκράτους
962 1197 1137 1274 ἐπιστάσεις
1161 1199 1232 1289 περὶ
1253 1200 1516 1289 φιλοχρηματίας,
1533 1207 1590 1276 τῆς
1614 1197 1686 1290 παρ’

136 1304 275 1394 Ὀμήρου
299 1314 364 1380 τοῖς
388 1305 502 1395 ἥρωσιν
528 1297 767 1394 ἀποδιδομένης.
1400 1321 1402 1324 ’

186 1411 274 1488 Quid
295 1413 552 1500 respondendum
575 1415 620 1480 sit
644 1401 772 1482 Socrati
794 1415 967 1483 Homerum
983 1418 1148 1483 accusanti
1168 1425 1303 1504 propter
1324 1415 1515 1484 attributam
1539 1415 1688 1485 heroibus

135 1522 321 1588 auaritiam.

178 1738 306 1804 Socrati
321 1737 489 1824 displicuit
503 1739 651 1804 Picenis
668 1739 788 1808 Achilli
803 1762 937 1807 munera
948 1740 1125 1830 pollicitus,
1139 1747 1176 1806 ut
1192 1742 1277 1805 iram
1294 1738 1441 1826 deponat,
1459 1742 1528 1826 ipse
1545 1740 1687 1806 Achilles
1776 1810 1781 1830 ,

135 1849 284 1914 Hectoris
307 1869 426 1934 corpus
449 1849 581 1912 nonnisi
603 1871 683 1914 aura
706 1849 903 1936 redemptum
928 1851 1062 1914 Priamo
1093 1850 1271 1914 rectilocos.
1300 1847 1345 1912 At
1375 1850 1505 1914 minime
1527 1850 1687 1916 Plsoenici

136 1957 229 2020 cessit
252 1954 414 2038 Aclilles;
435 1958 538 2024 moris
561 1967 628 2024 tum
651 1969 720 2023 erat
743 1960 871 2025 lostilt'a
894 1981 1030 2045 corpora
1053 1957 1247 2024 deuictorum
1267 1958 1431 2042 redimere,
1448 1965 1478 2024 et
1501 1959 1576 2024 lsaec
1594 1958 1688 2046 faci·

135 2085 216 2128 nora
238 2063 372 2128 lseroicis
396 2065 589 2152 temporibus
612 2066 833 2133 conceduntur.
854 2065 954 2130 Haud
969 2065 1062 2130 semel
1078 2065 1235 2131 Homerus
1255 2065 1390 2131 ostendit
1405 2088 1479 2131 suos
1498 2067 1610 2132 heroas
1628 2089 1686 2153 pe·

136 2171 243 2237 cuniis
265 2173 455 2260 superiores.

721 2323 1094 2332 Ἥ

181 2501 219 2565 ln
243 2500 295 2566 tit.
318 2499 366 2566 ed.
391 2497 608 2575 ἐνεπιστάσεις.
626 2535 669 2546 -
685 2503 886 2589 ριλοχρημα·
942 2500 1034 2576 αὐτὸς
1052 2503 1192 2590 ἐγκαλεῖ.
1210 2543 1247 2554 -
1265 2501 1286 2567 l.
1304 2503 1345 2568 49
1362 2501 1491 2584 tacitns)
1509 2489 1687 2591 διαφέρεται

136 2607 234 2680 τείας.
941 2611 1003 2677 καί.
1028 2610 1112 2677 -1,
1138 2613 1180 2675 50
1211 2611 1290 2697 ἔχων
1322 2608 1400 2681 ἐπὴν
1428 2609 1574 2698 minumus)
1605 2611 1686 2698 ἔχων

180 2715 225 2781 Μ.
242 2714 300 2782 fol.
318 2718 359 2781 83
377 2740 407 2782 v.
427 2717 488 2783 Ed.
505 2740 538 2802 p.
555 2718 630 2784 389.
649 2718 726 2784 -1,
744 2721 785 2785 29
809 2719 884 2808 πρὸς
938 2715 989 2782 ἐπὶ
1012 2727 1088 2793 νῆας
1113 2717 1161 2782 ἐπ’
1188 2715 1226 2784 δν
1251 2716 1390 2808 κεκάμω.
1416 2761 1453 2770 -
1477 2719 1499 2784 l.
1524 2721 1566 2784 55
1590 2717 1685 2804 ὥετο)

134 2821 330 2894 castanerio
348 2825 478 2911 ἀπορίαν
495 2823 627 2914 εἰρήσθω
641 2822 774 2904 τὴντοῦΙ
784 2833 884 2915 Σωκρ.
938 2829 1041 2894 ὠίετο.
1067 2865 1107 2876 -—
1132 2829 1194 2894 Ed.
1218 2851 1251 2914 p.
1275 2831 1351 2895 390.
1374 2829 1397 2894 l.
1424 2827 1532 2917 1πρ”ος
1556 2829 1685 2900 ἐκεῖνον)

136 2933 252 3014 ἐπιστ,)
275 2932 349 3021 πρὸς
373 2930 495 3004 ταύτην
521 2930 653 3022 εἰρήσθω
677 2944 732 2998 τοῦ
765 2937 799 3000 Σ.
823 2932 882 3006 τὴν
937 2933 1011 3026 πρὸς
1044 2935 1558 3024 αὺτόν.-1.3παρεσκευάτο)
1591 2937 1687 3021 prim.

134 3041 309 3107 ἑπιστασιν.
327 3083 365 3092 -
384 3042 406 3107 l.
431 3044 474 3108 30
498 3033 776 3125 συνεθονλεθσατο)
802 3065 885 3107 auss-
937 3037 1206 3134 παρεσκευάζετο,
1232 3069 1313 3112 corr.
1345 3043 1614 3135 παρεσκευάσατο.
1645 3082 1688 3092 -

136 3137 291 3215 θοθλευεν.
309 3191 348 3200 -
363 3148 386 3214 l.
403 3153 446 3216 34
469 3158 516 3232 τῷ
531 3148 687 3238 Ἀχιλλεῖ)
711 3175 748 3218 en
763 3151 884 3217 iterum
937 3151 1142 3242 ἐπιστρέφων)
1163 3151 1435 3241 ἐπιστρερομένου.
1453 3195 1490 3204 -
1507 3153 1528 3218 l.
1546 3155 1565 3218 9
1582 3149 1688 3226 πάθοις

138 3277 202 3321 om.
219 3245 393 3342 superflua.
407 3258 484 3327 -l.
502 3260 543 3324 35
562 3247 718 3340 ἀπέδοτο)
736 3249 883 3326 ἀπέδοτο.
938 3263 993 3346 τῇ)
1017 3259 1116 3337 πάθος
1140 3270 1196 3342 τῷ.
1214 3303 1253 3312 -
1269 3261 1291 3328 l.
1310 3263 1350 3326 15
1371 3269 1434 3325 τῶν
1458 3258 1581 3334 θνητῶν
1608 3261 1687 3345 βίον)

180 3362 225 3429 Μ.
248 3363 306 3430 fol.
331 3367 384 3432 84.
408 3407 447 3416 -
470 3364 493 3432 l.
524 3366 567 3431 46
596 3367 710 3440 ἐκεῖνος
743 3367 884 3455 ἐγκαλεῖ)
937 3369 993 3432 τὀν
1019 3366 1133 3442 θνητὸν
1160 3369 1238 3452 βίον.

859 3763 966 3832 XVII.

182 4001 249 4073 Πῶς
273 3988 321 4064 δεῖ
343 3995 565 4088 ἀπολογεῖσθαι
589 3997 663 4088 ὑπὲρ
687 4008 745 4074 τῆς
769 3998 956 4090 φαινομένης
979 3997 1049 4088 περὶ
1077 3997 1114 4064 ri
1138 3994 1218 4062 θεῖον
1249 3998 1415 4086 ὀλιγωρίας
1442 4000 1473 4062 ἐν
1497 4004 1538 4082 τῇ
1562 3997 1688 4071 ποιήσει

137 4115 198 4171 τῶν
223 4105 344 4197 ἡρώων.

185 4214 347 4290 Quomodo
371 4215 553 4282 excusanda
575 4216 768 4305 neplipentia
792 4219 828 4284 in
851 4217 936 4303 deos,
959 4239 1042 4306 puae
1064 4218 1102 4284 in
1124 4218 1250 4283 heroum
1268 4214 1393 4304 fabula
1416 4223 1559 4301 apparet.

186 4448 254 4527 Quo
264 4463 361 4541 pacto
377 4456 461 4521 enim
474 4456 551 4542 pius
567 4466 596 4522 et
608 4457 713 4523 cultor
725 4443 854 4523 deorum
866 4477 929 4522 esse
936 4464 1049 4543 potest,
1068 4456 1127 4544 qui
1138 4457 1175 4522 in
1187 4453 1371 4542 Apollinem
1387 4475 1486 4518 ausus
1502 4458 1548 4518 est
1564 4452 1688 4518 dicare:

141 4559 264 4628 “Alete
280 4562 432 4649 decipior,
451 4564 597 4631 diuorum
609 4567 746 4653 pessime
760 4565 886 4632 Plaebe
899 4613 926 4652 „
941 4574 968 4630 et
984 4565 1040 4652 qai
1055 4565 1219 4630 xancton
1235 4564 1453 4649 impupnaoit,
1469 4567 1500 4627 et
1517 4560 1686 4626 wmariem

137 4667 290 4754 Sperchio
298 4668 403 4758 fluuio
414 4675 609 4760 promiscam
626 4675 776 4742 Patrocli
791 4673 942 4740 cadaueri
956 4673 1069 4739 obtulit
1081 4677 1099 4741 ?
1108 4712 1150 4721 —
1164 4671 1272 4739 Multa
1287 4681 1315 4736 et
1328 4671 1504 4757 praeclara
1518 4667 1689 4755 relipionis

139 4777 233 4864 sipna
255 4777 342 4844 dedit
365 4779 505 4847 Aclsilles
528 4783 564 4847 in
587 4783 709 4866 Jouem,
735 4783 771 4848 in
794 4781 877 4847 alios
899 4782 983 4868 deos,
1008 4783 1045 4846 in
1068 4782 1175 4868 ipsum
1190 4779 1383 4868 Apollinem.
1408 4777 1530 4844 Plures
1548 4797 1649 4861 porro
1666 4795 1687 4838 a

137 4907 285 4971 supremo
295 4887 417 4954 Phoebo
429 4899 503 4955 sunt
513 4889 679 4979 Apollinis
689 4891 821 4979 prades,
833 4889 896 4956 alii
908 4890 1125 4976 ampelici,alii
1137 4888 1307 4972 daemonii,
1318 4887 1404 4952 verli
1414 4885 1522 4972 pratia
1534 4883 1685 4970 quisnam

138 4995 178 5058 sit
201 4994 257 5060 ille
280 4996 337 5083 qui
359 4997 437 5063 Jooi
458 4999 587 5085 assidet,
610 5001 682 5087 quis
705 5000 841 5066 solarem
864 5001 1032 5086 sphaeram
1056 4999 1281 5085 circumapens,
1301 4997 1374 5082 quis
1390 5016 1510 5075 aereus,
1527 4993 1599 5078 quis
1624 4997 1689 5056 ter·

138 5124 244 5188 renus,
260 5105 333 5191 quis
352 5106 467 5172 Troiae
480 5131 624 5196 praeses,
641 5110 714 5197 quis
729 5109 877 5174 Hectoris
893 5111 1026 5174 custos?
1040 5106 1190 5173 Fortasse
1206 5107 1341 5192 denique
1357 5101 1451 5168 verba
1467 5122 1584 5186 aspera
1599 5099 1689 5164 lseros

139 5208 258 5276 direxit
269 5212 314 5277 ad
325 5213 507 5281 daemonem
519 5216 741 5282 aduersarium
754 5227 781 5282 et
793 5217 994 5303 deceptorem,
1010 5215 1055 5281 ad
1066 5213 1227 5303 quoddam
1239 5211 1361 5299 prodas
1373 5207 1545 5296 inferioris
1557 5227 1688 5272 numen.

139 5317 433 5412 Adde'quodetiam
450 5325 534 5390 inter
549 5349 643 5390 sacra
658 5325 812 5392 aduersus
828 5324 998 5391 daemones
1014 5322 1113 5388 multa
1131 5322 1275 5387 convicia
1291 5319 1361 5384 dire
1376 5315 1544 5401 increpari
1554 5311 1616 5400 sas
1632 5322 1687 5378 est.

139 5428 308 5494 Praeterea
324 5429 408 5497 lsisoe
431 5431 555 5499 ultimis
578 5433 787 5500 daemonibus
810 5435 922 5500 heroas
932 5431 1042 5520 poesis
1057 5431 1252 5518 aequiparat
1258 5451 1270 5510 ;
1286 5426 1370 5492 unde
1387 5432 1425 5493 ut
1441 5424 1595 5491 Hercules
1619 5443 1689 5487 cum
