4006 6074
269 448 304 504 18
527 438 583 511 De
600 441 733 514 eedem.
755 480 769 492 -
790 441 893 516 Latet
910 442 948 514 ιἰι
967 445 1067 516 corde
1084 442 1254 519 vulnerati
1272 447 1358 538 quid
1376 446 1556 537 vivificum.

1105 608 1221 682 ύιῶντα
1253 617 1328 704 μηνὶ
1353 615 1434 706 μετά
1458 618 1511 680 τόν
1544 615 1678 682 θάνατον
1706 616 1818 700 ἐνάτῳ,

269 719 325 783 καί
348 717 510 807 ἀφίκεσθαι
535 724 575 796 εἰς
599 721 769 794 ἐκκλησίαν
794 722 899 792 κοινὴν
924 732 986 786 τῶν
1015 727 1181 806 Αἰτωλῶν,
1210 723 1263 787 καί
1288 717 1514 811 συμύουλεῦσαι
1541 722 1582 787 τά
1611 723 1723 812 ἄριστα
1747 725 1818 813 περὶ

270 616 414 676 αἰτῶν..
433 635 492 688 ,ας
511 611 667 700 τυχόντα,
691 614 745 677 καὶ
769 613 934 679 ἀποθανεῖν
964 615 1017 678 καὶ
1044 619 1103 679 ἀνα

268 821 310 890 ὧν
327 819 538 909 ὲύοιιλεύοντο,
556 828 608 892 καὶ
632 828 751 892 τούτων
769 824 845 894 εἶναι
871 829 1028 920 μάρτυρας
1046 830 1165 922 Ἱέρωνα
1188 832 1242 896 τὸν
1267 829 1403 920 Ἐφέσιον
1429 831 1482 894 καὶ
1499 830 1611 907 ἄλλους
1638 831 1818 921 ἱστορικοὺς,

269 936 441 1024 Ἀντιγόνῳ
465 959 501 999 τε
526 945 570 1018 τῷ
601 939 727 1020 βασιλεῖ
755 938 808 1002 καὶ
832 937 938 1013 ἀλλοις
962 941 1080 1001 ἑαυτῶν
1105 939 1202 1027 φίλοις
1228 942 1339 1002 ἀποῦσι
1363 937 1403 1002 τά
1433 931 1598 1027 συμύάντα
1626 936 1816 1029 γράψαντας.

227 1067 241 1110 ο
269 1044 329 1106 Καὶ
357 1045 390 1108 ού
419 1054 530 1108 τοῦτον
555 1045 658 1131 μόνον,
684 1044 767 1110 ἀλλά
792 1048 844 1110 καί
869 1050 899 1110 ἑν
923 1056 963 1130 τῇ
990 1038 1154 1110 Νικοπόλει
1177 1047 1231 1110 τὸν
1256 1049 1290 1110 οὐ
1314 1047 1372 1136 πρ”ο
1396 1051 1513 1110 πολλοῦ
1538 1072 1608 1111 τινα
1632 1041 1820 1139 γεγονότων,

268 1151 416 1241 Εὑρύνουν
440 1151 557 1241 ὄνομα,
582 1154 698 1217 ταύτόν
722 1151 833 1217 παθεῖν
858 1153 910 1218 καὶ
934 1153 1075 1241 ταφέντα
1098 1153 1155 1244 πρὸ
1180 1163 1237 1231 τῆς
1269 1153 1387 1230 πόλεως
1417 1155 1474 1219 ὑπὸ
1500 1165 1561 1218 τῶν
1585 1157 1818 1246 προσηκόντων,

268 1252 438 1324 ἀναύιῶναι
462 1258 545 1350 μετά
567 1251 854 1333 πεντεκαιδεκάτην
878 1260 996 1350 Ιἡμέραν
1021 1270 1078 1335 τῆς
1095 1270 1207 1350 ταφῆς·
1225 1261 1278 1326 καὶ
1293 1263 1397 1353 λέγειν
1415 1265 1464 1328 ὅτι
1478 1263 1582 1329 πολλά
1608 1265 1662 1356 μὲν
1686 1257 1746 1330 ἴδοι
1767 1267 1821 1330 καὶ

268 1367 424 1432 ἀκούσειεν
438 1368 496 1431 ύπο
510 1378 568 1457 γῆς
582 1366 739 1456 θαύματα,
757 1367 960 1443 κελευσθῆναι
973 1361 1006 1433 δὲ
1017 1369 1123 1434 πάντα
1137 1369 1259 1460 άρρητα
1272 1371 1451 1459 φυλάττειν,
1465 1373 1519 1437 καὶ
1532 1365 1692 1438 ἑπιύιῶναι
1708 1375 1818 1464 χρόνον

267 1477 323 1539 οὐκ
348 1477 465 1565 ὀλίγον,
490 1475 543 1538 καὶ
567 1472 699 1562 ὀφθῆναι
725 1467 916 1564 δικαιότερον
942 1473 1022 1564 μετά
1047 1475 1105 1548 τὴν
1135 1471 1301 1542 ἀναύίωσιν
1326 1479 1345 1552 ἢ
1371 1481 1528 1570 πρότερον.
1553 1481 1759 1572 Προστίθησιν
1785 1473 1820 1547 δὲ

215 1603 240 1639 1⁰
267 1582 321 1646 καί
344 1585 450 1672 τρίτον
468 1582 575 1665 ἄλλον,
592 1581 674 1672 χθὲς,
691 1589 730 1659 ὡς
748 1583 850 1672 φησὶν,
868 1584 1034 1673 γεγονότα,
1051 1584 1176 1673 Ῥοῦφον
1193 1586 1247 1650 τὸν
1264 1591 1299 1651 ὲκ
1318 1591 1483 1652 Φιλίππων
1501 1598 1563 1652 τῶν
1580 1593 1611 1654 ἐν
1629 1579 1818 1674 Μακεδονίᾳ,

267 1703 325 1766 τῆς
343 1683 376 1756 δὲ
392 1697 423 1756 έν
441 1695 656 1778 Θεσσαλονίκῃ
677 1692 828 1783 μεγίστης
846 1691 1071 1782 ἀρχιερωσύνης
1089 1687 1270 1770 ἀξιωθέντα·
1288 1705 1399 1760 τοῦτον
1416 1695 1475 1786 γάρ
1498 1696 1696 1761 ἀποθανόντα
1712 1700 1818 1788 τρίτον

268 1793 447 1888 ἀναύιῶναι,
473 1801 527 1865 καὶ
551 1793 741 1866 ἀναύιοῦντα
766 1807 860 1865 εἰπεῖν
878 1802 928 1864 ὅτι
944 1801 1003 1864 ὑπὸ
1020 1810 1082 1866 τῶν
1099 1801 1231 1890 χθονίων
1249 1802 1462 1892 ἀναπεμφθείη
1490 1803 1644 1887 θεῶν,,ἰ’να
1667 1804 1724 1880 τάς
1748 1805 1818 1881 θέας

267 1907 439 1973 ἐπιτελέσοι
463 1917 508 1991 τῷ
526 1898 628 1996 δήμῳ,
653 1906 687 1984 ἀς
711 1909 922 1998 ὑποσχόμενος
946 1909 1128 1999 ἐτύγχανεν,
1145 1910 1199 1973 καί
1216 1910 1307 2000 μέχρι
1324 1922 1381 1987 τῆς
1406 1914 1527 1987 ἐκείνων
1553 1913 1818 2003 συμπληρώσεως,

270 2010 450 2083 ἑπιθιοῦντα
475 2011 560 2092 αὖθις

1537 2225 1656 2298 ύιῶναι·
1674 2235 1726 2298 καί
1743 2233 1819 2318 τι[νι

214 2248 239 2283 ¹⁵
268 2238 292 2304 f.
317 2239 359 2302 57
385 2260 415 2303 ν.
431 2241 506 2320 posh
523 2259 632 2301 versus
650 2237 686 2300 6:
714 2243 856 2322 ...τερῷ
874 2232 995 2305 ταύτην
1014 2227 1039 2296 δ’
1058 2228 1226 2298 οὖαέκ...
1251 2234 1305 2298 τόν
1324 2232 1458 2299 θάνατον
1477 2237 1535 2298 ἀνα

269 2345 430 2430 νεα]νίσκῳ
445 2341 595 2432 Μαχάτη,
607 2340 691 2430 παρά
709 2343 763 2406 τὸν
782 2341 1041 2432 Δαμοστράίτην]
1060 2343 1236 2432 ἀφικομένῳ
1253 2345 1287 2407 ἐκ
1305 2343 1437 2416 Πέλλης,
1451 2352 1508 2416 τῆς
1521 2332 1671 2430 πατρίδος
1692 2339 1818 2430 [λ]άθρα

271 2462 406 2516 συνεῖναι
431 2443 482 2516 διά
506 2451 560 2514 τόν
584 2450 659 2540 πρὸς
683 2451 778 2514 αὐτόν
796 2452 907 2539 ἔρωτα,
927 2449 1047 2527 πολλάς
1071 2445 1181 2540 ἑφεξῆς
1205 2451 1318 2527 νύκτας
1343 2450 1396 2514 καὶ
1420 2449 1611 2540 φωραθεῖσαν
1636 2444 1720 2525 αὖθις
1746 2453 1819 2514 ἀπο-

270 2559 383 2636 θανεῖν,
408 2569 614 2648 προειποῦσαν
638 2557 723 2624 κατά
749 2559 897 2642 βούλησιν
922 2569 985 2624 τῶν
1002 2557 1195 2648 ὑποχθονίων
1215 2549 1370 2649 δαιμόνων
1395 2561 1475 2642 αὐτῇ
1501 2568 1604 2623 ταῦτα
1627 2557 1818 2648 πεπράχθαι,

270 2667 323 2732 καί
347 2664 475 2756 όρῦισθαι
496 2675 573 2730 πᾶσι
597 2664 705 2756 νεκράν
737 2669 767 2730 ἐν
791 2666 990 2757 τῇιπατρῴα
1020 2668 1224 2758 προκειμένην
1257 2669 1355 2750 οἰκία,
1381 2667 1512 2731 καὶτὸν
1544 2666 1694 2756 πρότερον
1720 2669 1818 2743 αὐτῆς

215 2784 243 2821 ²⁰
271 2768 439 2864 δεξάμενον
464 2775 500 2839 τό
525 2783 617 2864 σῶμα
641 2774 737 2839 τόπον
762 2774 982 2865 ἀνορυχθέντα,
1007 2777 1093 2840 κενόν
1110 2774 1244 2864 ὀφθῆναι
1259 2785 1324 2850 τοῖς
1342 2776 1475 2858 οἰκείοις,
1492 2777 1540 2838 ἐπ’
1562 2775 1657 2838 αὐτόν
1682 2772 1819 2838 ἐλθοῦσιν

271 2876 308 2948 δι’
334 2885 480 2949 ἀπιστίαν
504 2893 567 2947 τῶν
584 2883 770 2975 γεγονότων·
787 2884 841 2947 καὶ
858 2895 959 2948 ταῦτα
977 2875 1091 2955 δηλοῦν
1109 2883 1277 2959 ἐπιστολάς
1295 2883 1350 2958 τάς
1375 2881 1431 2971 μέν
1455 2880 1540 2972 παρά
1565 2881 1747 2970 Ἱππάρχου,
1763 2879 1820 2956 τάς

270 2982 411 3074 δὲπαρά
435 2982 609 3080 Ἀρριδαίου
634 2993 820 3081 γραφείσας,
844 2991 916 3068 τοὺς
940 2989 982 3055 τά
1012 2991 1188 3083 πράγματα
1212 3002 1269 3066 τῆς
1294 2991 1510 3080 Ἀμφιπόλεως
1535 2992 1818 3080 ἐγκεχειρισμένους

270 3097 344 3187 πρδς
361 3099 528 3161 Φίλιππον·
545 3097 717 3162 καὶταῦτα
735 3096 789 3187 μὲν
806 3096 847 3162 τά
864 3101 898 3163 ἐκ
915 3107 977 3162 τῶν
1000 3103 1148 3188 ἱστοριῶν.
1165 3137 1208 3146 -
1225 3105 1400 3173 Ζητοῦντος
1418 3089 1451 3162 δὲ
1467 3108 1522 3162 τοῦ
1540 3095 1688 3162 Κολώτου
1705 3107 1768 3172 πῶς
1785 3102 1820 3162 ού

271 3195 420 3294 διεφθάρη
444 3206 481 3269 τὸ
499 3215 590 3293 σῶμα
606 3206 702 3270 σαπὲν
719 3207 749 3269 ἐν
767 3205 935 3280 τοσαύταις
952 3204 1081 3293 ἡμέραις
1097 3215 1152 3270 τοῦ
1170 3205 1265 3296 Ἠρὸς,
1282 3206 1454 3270 καὶταῦτα
1472 3201 1573 3294 ψυχῆς
1591 3204 1632 3295 μὴ
1652 3205 1820 3294 παρούσης,

215 3337 243 3374 ιε
271 3305 332 3378 ἔδει
355 3314 409 3377 καὶ
425 3318 514 3402 ἡμεῖς
531 3313 567 3378 ἀν
585 3315 742 3404 φήσαιμεν
759 3307 1003 3402 ἐπιλογίζεσθαι,
1020 3322 1143 3402 πρῶτον
1160 3314 1210 3376 ότι
1227 3312 1409 3401 θαυμαστόν
1427 3304 1514 3378 οὐδὲν
1539 3313 1593 3378 καί
1616 3324 1821 3404 συμπαγῆναι

270 3423 308 3486 τό
334 3430 426 3509 σῶμα
448 3421 507 3493 τὴν
533 3421 632 3511 ἀρχὴν
657 3421 764 3504 οὕτως,
790 3422 871 3485 ὥστε
896 3421 1029 3510 ἄτροφον
1053 3425 1094 3498 εἰς
1118 3423 1243 3496 πλείους
1268 3421 1384 3511 Ιἡμέρας
1408 3425 1511 3512 ἀρκεῖν
1537 3421 1590 3484 καὶ
1614 3411 1820 3485 δυσδιάλυτον

272 3527 431 3618 ὑπάρχειν·
450 3530 526 3594 ὅπου
544 3529 650 3619 γεκαὶ
669 3530 799 3613 βοτάναι
817 3529 1010 3620 θυμιώμεναί
1026 3553 1106 3606 τινες
1122 3530 1315 3619 παρέχονται
1333 3522 1477 3619 διαμένον
1501 3527 1552 3595 ἐπί
1575 3533 1723 3595 πλεῖστον
1749 3530 1820 3594 όσον

272 3636 381 3725 χρόνον
405 3637 443 3702 τό
467 3647 558 3728 σῶμα
582 3647 644 3702 τῶν
670 3636 711 3728 μὴ
739 3639 944 3729 τρεφομένων,
970 3639 1023 3702 καὶ
1048 3639 1122 3728 ὅπερ
1148 3645 1242 3703 αῦται

271 3852 294 3917 f.
319 3854 361 3918 58
385 3859 457 3938 posk
479 3876 588 3920 versus
612 3855 648 3919 4:
674 3849 831 3916 ...λίθοιν
856 3843 1065 3940 δυνάμεις...
1084 3857 1118 3917 ἑκ
1142 3863 1199 3928 τῆς
1224 3861 1354 3940 φυσικῆς
1376 3856 1407 3916 ἐν
1422 3904 1428 3916 .
1442 3903 1471 3918 ..
1497 3851 1550 3916 καί
1566 3861 1631 3926 τοῖς
1647 3848 1819 3939 ὀφθαλμοῖς

218 3979 246 4017 ιν
273 3983 352 4035 τινες
375 3961 471 4049 χολὸν
487 4013 494 4027 .
510 4013 539 4027 ..
564 3959 716 4050 στρύχνου
740 3959 793 4022 καί
815 3969 899 4024 ποῶν
924 3959 1040 4038 ἄλλων,
1064 3951 1177 4025 εἴδωλα
1198 3959 1282 4024 άττα
1297 4013 1304 4028 .
1320 4013 1350 4028 ..
1376 3960 1476 4051 μόνων
1501 3964 1531 4024 ἐν
1549 3959 1613 4047 ἀέρι
1634 3955 1816 4045 καθορῶσιν·

273 4069 327 4131 καί
350 4091 430 4143 τινες
454 4066 526 4132 ἄνευ
551 4077 676 4142 τῆς...
700 4069 876 4155 τεχνήσεως
893 4067 1023 4144 ταύτης,
1041 4067 1213 4156 πάσχουσιν
1231 4068 1358 4146 ταύτόν,
1376 4067 1429 4132 καὶ
1443 4065 1643 4157 προορατικοί
1659 4066 1822 4154 γίγνονται

273 4184 329 4238 τοῦ
355 4173 526 4264 μέλλοντός
549 4196 630 4249 τινες
653 4175 689 4239 ἑκ
712 4185 775 4240 τῶν
792 4175 992 4264 καλουμένων
1010 4175 1218 4265 ἀπογεόσεων,
1237 4175 1341 4238 ἄλλων
1359 4173 1446 4262 φύσει
1462 4172 1522 4244 τύν
1546 4163 1675 4260 δύναμιν
1700 4170 1821 4241 ταύτην

274 4283 421 4372 ἐχόντων.
448 4282 525 4372 Πρός
543 4282 566 4365 ¹)
592 4273 625 4347 δὲ
649 4277 687 4346 αὖ
711 4282 834 4356 τούτοις
852 4286 976 4346 κάκεῖνο
994 4282 1115 4373 ῥητέον,
1133 4284 1182 4346 ὅτι
1203 4272 1241 4352 δὴ
1267 4279 1391 4356 πάντως
1416 4277 1602 4344 ὑπελείπετό
1626 4303 1658 4341 τι
1682 4272 1822 4366 ζώπυρον

273 4391 344 4480 περί
368 4389 426 4462 τὴν
451 4381 590 4480 καρδίαν,
617 4400 671 4454 τοῦ
689 4388 786 4452 άλλου
805 4389 949 4480 σώματος
968 4381 1018 4455 διά
1035 4390 1094 4462 τὴν
1112 4388 1240 4481 πληγὴν
1258 4389 1463 4480 νεκροθέντος,
1481 4389 1554 4477 ὅπερ
1579 4388 1718 4477 ὕστερον,
1741 4410 1823 4449 παυ-

219 4517 246 4554 ³⁵
275 4497 417 4587 σαμένων
441 4507 504 4562 τῶν
528 4498 578 4563 ἐπί
601 4507 641 4582 τῇ
667 4499 777 4586 πληγῇ
795 4498 908 4581 πόνων,
926 4502 980 4563 ἀπ’
996 4501 1096 4575 ἀὐτῆς
1114 4491 1294 4588 ἀρξάμενον,
1312 4497 1365 4562 καὶ
1381 4501 1422 4571 εἰς
1438 4505 1499 4560 πᾶν
1517 4497 1554 4559 τ”ο
1572 4505 1663 4583 σῶμα
1688 4485 1823 4558 δέδωκεν

274 4619 330 4672 τοῦ
349 4605 532 4698 ψυχωθηναι
544 4605 570 4691 ²)
596 4594 735 4697 δύναμιν.
754 4607 815 4670 Καί
838 4599 924 4672 οὐδὲν
942 4605 1124 4696 θαυμαστόν
1141 4604 1303 4698 γίγνεσθαί
1320 4631 1351 4670 τι
1367 4615 1519 4688 τοιοῦτον,
1535 4605 1612 4669 ὅπου
1630 4626 1668 4692 γε
1690 4602 1744 4666 καὶ
1768 4601 1825 4676 τάς

273 4705 437 4803 χελιδόνας
460 4714 550 4805 φασίν
575 4719 605 4780 ἑν
631 4715 812 4788 αοιλότησιν
837 4707 969 4804 δένδρων
994 4715 1071 4786 όλην
1095 4713 1156 4787 τὴν
1179 4722 1235 4778 τοῦ
1260 4725 1410 4803 χειμῶνος
1428 4713 1508 4802 ὥραν
1532 4709 1732 4801 νεκρωθείσας
1756 4703 1824 4789 ζῆν,

273 4824 327 4887 καί
349 4823 551 4914 παυσαμένης
576 4834 634 4900 τῆς
659 4835 714 4889 τοῦ
739 4823 825 4914 ἀέρος
850 4817 976 4912 ψύξεως,
1002 4821 1153 4888 κινεῖσθαι
1177 4822 1229 4886 καί
1250 4819 1441 4886 ἐκτινάσσειν
1457 4821 1482 4906 ³)
1507 4817 1566 4892 τὴν
1590 4817 1746 4908 νέκρωσιν·
1773 4814 1826 4878 καί

313 5093 335 5167 ¹)
354 5093 420 5147 Ηυο
438 5092 611 5150 recurrebat
629 5091 728 5148 Maius
746 5091 777 5147 in
790 5089 939 5164 prooemio
956 5090 1024 5146 Tul·
1079 5091 1141 5148 cod.
1156 5109 1249 5164 marg.
1269 5089 1392 5148 evanuit
1411 5087 1558 5146 scholium
1577 5091 1630 5144 eut
1649 5086 1827 5144 auctarium.

276 5184 374 5241 lianee
392 5181 596 5256 Reipublicae,
621 5182 659 5238 ad
683 5180 823 5254 augenda
843 5199 919 5254 quae
939 5199 1025 5254 supe·
1114 5185 1136 5255 ⁹)
1158 5184 1264 5251 ψυχῦναι
1283 5181 1323 5236 Μ.

276 5269 339 5326 rius
359 5269 489 5342 dederet,
510 5271 597 5344 eujus
615 5269 676 5328 vid.
690 5289 718 5342 p.
738 5286 816 5327 xv111
833 5269 926 5343 praef.
940 5271 1023 5326 -In
1114 5273 1136 5344 ³)
1155 5271 1226 5328 Ood.
1240 5273 1377 5324 ἐκτινάοειν.
