3944 6074
468 461 593 538 Omnia
608 463 682 554 fato
700 463 836 558 εγίιεφιιο
854 467 1007 539 κακιστε
1024 470 1057 540 et
1070 469 1223 560 periodis
1240 469 1393 542 obnoxia.

905 849 962 916 lr'.

205 1059 283 1126 Τίνα
298 1059 385 1152 λέγει
404 1060 485 1126 ἱτύν
501 1061 607 1128 πάντα
622 1062 733 1153 χρόνον
747 1117 774 1148 ,,
791 1065 867 1130 όταν
883 1065 976 1156 λέγῃ,
993 1069 1033 1142 ὡς
1053 1053 1143 1130 ἱούὐ’
1160 1071 1181 1138 ἡ
1199 1065 1331 1140 τοιαύτη
1351 1067 1498 1145 σύστασις
1523 1068 1578 1134 τύν
1601 1067 1708 1135 πάντα

161 1179 248 1258 μενεῖ
268 1169 379 1258 χρόνον
392 1195 426 1250 „3
443 1169 462 1244 ἢ
480 1175 508 1236 εί
523 1175 538 1233 ὁ
554 1181 615 1247 πᾶς
631 1172 739 1262 χρόνος
757 1178 865 1252 αἰῶνος
882 1173 950 1239 ἐστί
965 1185 1021 1239 τοῦ
1038 1173 1156 1250 παντὸς
1173 1172 1261 1239 εἰκὼν
1279 1174 1420 1265 (λέγεται
1435 1175 1497 1266 γάρ
1513 1177 1566 1241 καί
1589 1181 1605 1241 ό
1630 1177 1706 1244 αἰὼν

159 1279 244 1360 πᾶς),
269 1277 306 1343 τύ
332 1277 387 1366 μὲν
412 1273 463 1343 οὐν
486 1272 689 1372 παραδείγμα
712 1282 767 1346 τόν
785 1281 911 1348 ἅπαντα
935 1288 1033 1348 αἱῶνα
1056 1286 1151 1348 ἐστιν·
1177 1281 1289 1373 μέτρον
1313 1273 1379 1348 ὐὲύ
1399 1282 1459 1360 ποίς
1484 1284 1570 1371 αίών,
1596 1285 1707 1375 μέτρον

160 1386 220 1477 ἄρα
245 1387 299 1452 καί
322 1392 338 1452 ὐ
362 1386 422 1466 πᾶς
445 1389 564 1479 χρόνος·
589 1394 661 1454 ἀλλ’
686 1395 702 1454 ὁ
727 1390 782 1480 μέν
807 1401 864 1467 τῆς
888 1403 944 1457 τοῦ
968 1401 1081 1464 νοητοῦ
1098 1385 1179 1469 ζώου
1195 1384 1276 1468 ζωῆς
1294 1394 1453 1482 μέτρον,ὁ
1479 1383 1512 1457 δέ
1535 1403 1593 1469 τῆς
1617 1385 1708 1459 τοῦδε

119 1517 132 1554 ⁸
159 1505 216 1561 τοῦ
239 1495 358 1586 κόσμου
382 1491 464 1575 ζωῆς
487 1497 639 1588 ὐχρόνος·
664 1497 718 1563 καί
740 1502 786 1572 είη
812 1497 848 1564 ἂν
874 1510 931 1577 τῆς
954 1509 1017 1565 τῶν
1042 1502 1073 1564 ἐν
1099 1501 1184 1582 αὐτῷ
1207 1498 1336 1565 πάντων
1356 1499 1533 1588 ἀσωμάτων
1556 1501 1708 1574 κινήσεων

160 1603 214 1668 καί
237 1615 424 1694 σωματικῶν
447 1617 556 1673 πασῶν
572 1617 676 1684 κοινῆς
692 1611 1049 1690 συναποκαταστάσεως,
1068 1609 1181 1698 μέτρον
1203 1609 1365 1686 παντελὲς·
1382 1609 1398 1676 ὐ
1416 1607 1453 1682 δὴ
1472 1611 1624 1686 πολλάκις
1641 1614 1710 1676 ᾶνε-

160 1713 345 1801 λισσόμενυν
369 1723 451 1779 ποιεῖ
473 1715 528 1779 τύν
552 1714 675 1805 ἄπειρον
698 1715 809 1804 χρόνον
828 1705 880 1779 ὐιοὶ
896 1714 955 1786 τὴν
971 1717 1002 1780 ἐν
1019 1725 1064 1798 τῷ
1082 1721 1169 1780 αἰῶνι
1194 1706 1335 1804 δύναμιν,
1353 1717 1477 1807 ἄπειρον
1501 1711 1710 1806 λαμόάνοντα

164 1819 221 1894 τὴν
235 1822 321 1887 κατά
332 1823 453 1912 γένεσιν
467 1824 608 1914 ἀπειρίαν
624 1832 670 1906 τῷ
686 1822 781 1888 πάλιν
798 1823 851 1886 καί
867 1821 963 1887 πάλιν
975 1823 1165 1912 γιγνομένην
1178 1823 1314 1916 ἄπειρον,
1328 1828 1447 1902 ἐκείνης
1464 1827 1556 1903 οὔσης
1573 1828 1709 1917 ἀπείρου,

162 1929 216 1995 καί
240 1932 274 1994 οὐ
297 1929 503 2021 γιγνομένης·
529 1936 569 2006 ὡς
593 1925 644 1996 οὐν
669 1936 685 1994 ό
709 1940 816 1996 πασῶν
832 1931 856 2015 ¹)
884 1931 1004 2022 [χρόνος
1028 1933 1099 2017 (fol.
1125 1935 1181 2019 35)
1205 1935 1259 1998 τύν
1283 1935 1390 1999 πάντα
1415 1937 1481 2018 βίον
1511 1937 1631 2009 ἐκείνης
1655 1945 1712 1998 τοῦ

109 2053 135 2091 ¹⁰
161 2039 279 2114 παντὸς
303 2039 601 2122 ἀποκαταστάσεως,
626 2043 656 2104 ἐν
681 2033 705 2122 ᾧ
729 2039 768 2104 τό
793 2037 835 2128 μὴ
863 2039 975 2129 φθαρέν
992 2038 1150 2129 άφύαρτύν
1168 2043 1263 2118 έστιν,
1280 2031 1367 2106 οὐδὲν
1392 2035 1444 2106 οὐν
1468 2039 1603 2132 φθαρτύν
1628 2041 1713 2130 μένει

162 2148 218 2212 τύν
242 2145 369 2213 ἅπαντα
392 2148 515 2238 χρόνον,
540 2138 627 2213 οὐδέν
652 2147 712 2239 γάρ
736 2157 782 2230 τῷ
806 2148 913 2236 κόσμῳ
939 2139 1077 2224 αὐξῆσαν
1101 2146 1186 2212 κατά
1208 2157 1313 2212 πᾶσαν
1331 2151 1426 2212 αὐτοῦ
1451 2146 1510 2218 τῆν
1534 2138 1713 2238 περιοδικῆν

162 2249 257 2338 ζωὴν,
282 2254 418 2346 φθαρτόν
443 2261 539 2341 ἐστιν,
564 2258 613 2320 ἵνα
639 2249 737 2345 μηδὲν
761 2249 820 2334 ἔξω
843 2251 862 2342 ᾖ
888 2265 946 2330 τῆς
970 2266 1122 2343 κοσμικῆς
1147 2257 1223 2332 ὅλης
1246 2249 1338 2335 ζωῆς,
1356 2254 1440 2321 ἀλλά
1462 2255 1563 2320 πείσαι
1586 2255 1713 2320 πάντων

162 2365 305 2455 γενέσεις,
318 2363 418 2429 πάσαι
434 2363 560 2429 πάντων
579 2359 766 2453 μεταύολαί,
783 2361 913 2454 ψυχικαὶ
926 2363 979 2429 καί
991 2365 1182 2454 σωματικαὶ,
1198 2357 1488 2455 περιλαμύάνονται
1501 2365 1572 2452 ὐπὀ]
1585 2356 1676 2430 τοῦύε
1685 2363 1711 2452 ²)

162 2481 217 2538 τοῦ
233 2473 361 2550 παντός·
378 2465 425 2538 ὐιύ
442 2473 496 2538 καί
510 2483 570 2549 πᾶς
586 2475 742 2548 κέκληται
757 2483 866 2538 πασῶν
881 2484 945 2539 τῶν
963 2479 1091 2539 Μουσῶν
1107 2479 1147 2548 ὡς
1171 2479 1312 2547 παντελῆ
1339 2475 1393 2539 τύν
1419 2473 1547 2564 ἀριύμύν
1571 2496 1710 2564 προστη-

109 2587 134 2626 ¹⁵
162 2578 305 2668 σάμενος,
329 2581 385 2646 τύν
409 2591 517 2647 πασῶν
534 2574 718 2670 μεταύολῶν
736 2582 946 2671 άφοριστικύν·
962 2587 978 2646 ό
995 2581 1275 2670 ἀνακυκλούμενος,
1293 2583 1414 2673 ἄπειρος
1430 2583 1561 2674 γίνεται·
1587 2573 1634 2647 ὐιύ
1658 2581 1712 2645 καί

162 2688 213 2754 έπὶ
236 2687 351 2754 τούτου
375 2689 413 2754 τό
437 2689 573 2781 ἄπειρον,
598 2693 656 2780 οὐχ
680 2686 743 2756 οἷον
768 2689 835 2780 ἅμα
858 2691 954 2774 ἔστιν,
978 2696 1019 2766 ὡς
1043 2689 1093 2756 έπὶ
1116 2701 1171 2755 τοῦ
1196 2695 1312 2766 αἰῶνος.

909 3015 967 3084 m'.

209 3227 258 3294 Τά
282 3228 336 3318 μέν
361 3219 489 3318 φυτώὐη
516 3232 585 3294 ἐστι
607 3238 670 3293 τῶν
688 3223 786 3312 ζῴων,
804 3227 907 3318 οὐχίθ)
924 3240 969 3312 τῷ
987 3229 1162 3313 αἰσθητικῷ
1186 3237 1449 3318 περιπατητικῶς·
1474 3219 1555 3293 οἱύεν
1579 3226 1640 3318 γάρ
1660 3229 1714 3293 καὶ

163 3347 267 3427 φυτῶν
292 3335 447 3415 αἴσθησιν,
472 3335 562 3402 ἀλλά·
578 3347 624 3419 τῷ
649 3338 768 3425 μονίμῳ
792 3337 846 3400 καί
860 3347 1046 3426 πορευτικῶ·
1065 3327 1112 3402 Sco
1135 3335 1178 3400 τά
1203 3335 1258 3424 μέν
1283 3337 1391 3427 ἔγγεια
1413 3346 1590 3426 προσεῖπεν,
1613 3333 1656 3400 τά
1680 3326 1714 3400 δέ

164 3449 296 3539 ἐπίγεια·
314 3445 356 3512 τά
374 3437 407 3512 δέ
423 3445 613 3536 ἐκφερόμενα
637 3445 689 3510 ἑπὶ
711 3456 782 3535 γῆς,
805 3443 847 3508 τά
871 3436 906 3508 δὲ
921 3437 1173 3533 κατερριζώμενα
1190 3447 1220 3508 ἑν
1238 3453 1278 3528 τῆ
1297 3453 1350 3533 γῇ·
1368 3443 1453 3532 λέγει
1471 3434 1504 3508 δέ
1521 3443 1571 3507 ότι
1590 3446 1625 3507 οὐ
1649 3452 1713 3518 τοῖς

109 3567 137 3605 ²⁰
165 3565 271 3646 φυτοῖς
289 3555 391 3644 μόνοις
414 3565 480 3629 τοῖς
504 3555 645 3646 ἐγγείοις,
671 3559 711 3629 ῶς
728 3556 758 3617 ἑν
775 3564 816 3638 τῆ
833 3563 875 3644 γῆ
893 3545 1178 3643 κατερριζωμίνοις,
1196 3548 1281 3614 άλλά
1298 3547 1353 3614 καί
1373 3559 1438 3624 τοῖς
1462 3543 1551 3626 ζώοις
1573 3559 1639 3626 τοῖς
1663 3548 1714 3615 ἐπί

165 3675 224 3756 γῆς
240 3663 441 3751 κινουμένοις,
464 3661 519 3727 καί
541 3653 679 3750 περίοδοί
693 3685 776 3738 τινες
792 3671 929 3726 ποιοῦσιν
948 3662 1087 3749 εὐγονίας
1103 3657 1157 3723 καί
1173 3649 1338 3748 δυσγονίας
1354 3655 1510 3746 σωμάτων
1528 3679 1564 3722 τι
1580 3657 1633 3720 καί
1657 3653 1715 3745 ψυ-

165 3783 241 3864 χῶν·
258 3776 292 3838 οὐ
309 3772 404 3863 μόνον
429 3763 463 3836 δὲ
486 3782 593 3859 φυτοῖς
609 3765 702 3848 εἶπεν,
719 3769 781 3834 ὰπύ
798 3768 919 3834 τούτων
937 3761 1116 3858 ἀρξόμενος·
1132 3757 1240 3837 ἐπειδὴ
1258 3764 1296 3829 τό
1313 3763 1426 3854 κράτος
1441 3772 1503 3828 τῶν
1524 3765 1717 3855 είμαρμένων

164 3871 314 3972 περιόύων
337 3881 368 3944 έν
392 3889 457 3954 τοῖς
474 3881 592 3953 ἥκιστα
610 3879 793 3968 μετέχουσιν
813 3878 1021 3952 αὐτοκινήτου
1039 3867 1198 3942 δείκνυται
1216 3867 1309 3952 ζωῆς,
1327 3873 1381 3937 καί
1404 3871 1464 3963 γάρ
1488 3875 1504 3935 ὁ
1529 3874 1660 3962 Τίμαιος
1685 3876 1716 3937 ὲν

167 3987 269 4078 μόνοις
292 3987 415 4064 τούτοις
440 3989 538 4078 ἔφατο
562 3986 606 4076 μὴ
633 3980 711 4051 εἶναι
734 3987 772 4051 τύ
796 3989 1003 4058 αὐτοκίνητον
1032 3985 1112 4050 ἄλλο
1135 3985 1242 4073 τρίτον
1267 3981 1358 4071 μέρος
1382 3990 1439 4056 τῆς
1463 3974 1575 4068 ψυχῆς,
1599 3975 1650 4043 οἱα
1674 3969 1713 4051 δή

110 4105 138 4143 ²⁵
166 4101 250 4162 ἐστιν
274 4095 316 4162 τά
340 4096 434 4186 φυτά·
460 4089 507 4163 8ιύ
531 4096 585 4160 καί
609 4097 670 4160 ἀπύ
694 4105 752 4171 τῆς
768 4095 886 4184 φύσεως
902 4095 1095 4184 ὠνόμασται·
1111 4091 1172 4165 τὴν
1188 4088 1249 4181 γάρ
1267 4089 1457 4179 εἱμαρμένην
1478 4085 1610 4176 φυσικὴν
1634 4079 1718 4165 ζωὴν

167 4199 244 4271 είναι
260 4227 364 4294 φα...
389 4207 459 4288 (fol.
477 4207 519 4272 35
536 4209 581 4288 ν.)
600 4196 711 4293 [δηλοῖ
734 4195 767 4270 ὐε
783 4203 837 4269 καί
854 4201 896 4269 τά
913 4213 976 4268 τῶν
992 4192 1174 4292 περιοδικῶν
1190 4201 1294 4288 λόγων
1313 4198 1368 4262 τὀν
1385 4196 1502 4286 κόσμον
1520 4198 1579 4259 ἀνα
1593 4247 1600 4262 .
1616 4246 1623 4262 .
1640 4217 1713 4262 ,σεν

169 4313 346 4403 Εἱμαρμένη
365 4313 418 4378 καί
434 4311 592 4402 σύμφυτος
616 4311 786 4402 ἐπιθυμία.
802 4363 829 4376 ..
856 4312 911 4404 μέν
927 4310 1051 4386 τούτοις
1069 4309 1171 4398 μόνοις
1187 4361 1194 4376 .
1209 4362 1217 4376 .
1233 4359 1240 4375 .
1263 4315 1310 4390 τῷ
1326 4303 1432 4388 κύκλῳ
1452 4302 1545 4393 φησίν
1562 4303 1717 4392 φερόμενα

167 4431 226 4498 τῆς
249 4424 389 4512 εὐγονίας
414 4420 468 4485 κκὶ
491 4411 655 4512 ὐυσγονίας
671 4475 678 4489 .
693 4473 723 4489 ..
748 4413 836 4486 δοκεῖ
857 4420 999 4512 μάλιστα
1016 4417 1085 4484 καθ’
1105 4415 1303 4508 Εἱμαρμένην
1327 4413 1495 4502 μόνην...
1519 4415 1575 4477 οὐκ
1599 4412 1714 4499 ἔχοντα

167 4529 206 4594 τύ
230 4531 447 4610 αὐτοκίνητον,
472 4527 556 4593 ἀλλὰ
580 4530 633 4593 καί
657 4533 687 4594 έν
705 4533 811 4605 αὐτοῖς
827 4529 956 4594 πλείονα
973 4525 1033 4598 τὴν
1049 4519 1133 4606 ζωὴν
1158 4527 1295 4615 ἔχουσιν,
1315 4524 1369 4588 καί
1393 4519 1542 4611 έλευθερω
1556 4570 1562 4584 .
1576 4568 1602 4585 ..
1627 4509 1717 4583 δοκεῖ

114 4658 142 4698 ιο
168 4633 228 4728 γάρ
254 4635 412 4726 μάχεσθαι
428 4636 465 4702 τύ
482 4637 666 4726 εἱμαρμένον
681 4638 756 4728 πρὸς
773 4637 810 4702 τύ
828 4629 1001 4703 ἀδέσποτον
1011 4633 1048 4720 4)1
1066 4634 1180 4716 καὶτῷ
1197 4633 1266 4698 όντι
1282 4631 1408 4722 σώματι
1425 4623 1592 4721 συζυγεῖσα
1616 4621 1717 4714 ψυχὴ]

169 4743 237 4810 καθ’
260 4747 456 4835 Εἱμαρμένην
480 4738 519 4829 ζῇ
545 4745 599 4810 καί
621 4744 744 4818 ῆκατά
759 4738 888 4835 ὕπαρξιν
905 4745 924 4816 ἢ
943 4742 1027 4810 κατά
1050 4743 1156 4830 σχέσιν
1173 4735 1250 4806 οὐσα
1267 4729 1493 4827 σωματοειύής·
1521 4734 1574 4820 [τά
1589 4757 1625 4798 τε
1649 4727 1713 4818 οὐν]

171 4853 271 4944 μέτρα
294 4861 357 4917 τῶν
383 4855 456 4936 βίων
482 4853 542 4917 ἀπὸ
565 4863 629 4918 τῶν
652 4845 802 4944 περιόδων
825 4863 919 4918 πᾶσιν
936 4863 998 4918 τῶν
1020 4855 1175 4916 κυκλικῶν
1200 4849 1255 4914 καί
1277 4845 1319 4912 τά
1343 4837 1409 4917 είύη
1435 4844 1478 4910 τά
1502 4836 1635 4933 διάφορα
1658 4849 1717 4918 τῆς

169 4955 259 5040 ζωῆς.
274 4961 325 5037 Ὠς
338 4971 411 5051 γοῦν
429 4962 481 5026 καὶ
498 4961 720 5051 Ἀριστοτέλης
734 4960 1000 5051 φησίνἝπονται
1013 4969 1080 5035 ταῖς
1094 4958 1292 5048 κυριωτέραις
1305 4943 1456 5044 περιύὐοις
1469 4957 1502 5017 αί
1519 4950 1717 5041 [άκυρότεραι

208 5209 387 5282 ημσω
1003 5207 1192 5283 ηπῶς

206 5301 229 5374 ²)
248 5299 315 5357 Ηυο
333 5316 428 5372 usque
446 5297 602 5356 immanior
620 5297 685 5356 solii
702 5299 819 5358 lacuna.
1003 5301 1026 5371 ⁴)
1046 5295 1090 5356 ef.
1109 5313 1200 5370 supra
1217 5311 1245 5368 p.
1265 5294 1326 5365 145,
1348 5293 1409 5350 146.

313 5424 410 5483 Am
427 5439 456 5497 v,
475 5423 535 5482 10⁹.
