4022 6072
888 559 1034 653 Requla.

223 735 257 790 λ’.
275 735 339 788 Ούδὶ
359 736 407 787 τών
427 733 500 786 ὄντων
520 731 543 785 ὶν
563 736 614 791 τοῖς
628 730 768 800 πεμαρίεις,
786 729 833 782 έὰν
848 729 934 798 εὕρωσι

138 878 141 883 ,
188 828 296 897 εαρπεδς
315 827 361 878 ὑπδ
380 827 450 876 ειείτω
478 826 526 875 τών
546 821 665 891 δένδρων,
686 820 711 872 ού
731 821 766 890 μή
789 822 888 891 φάγωσι
909 816 934 879 iz

188 917 278 970 αὐτῶν·
298 915 356 966 Ἐὰν
370 919 395 966 δέ
410 909 468 966 ὦσιν
481 915 504 965 έν
519 915 550 983 τῇ
563 909 684 977 διαθέσει,
704 909 866 977 ένελεχθέντες
886 926 935 958 πα-

189 1007 334 1076 ραθήσουσιν
354 1005 413 1056 αὐτὸ
435 1008 504 1072 παρὰ
523 1007 577 1061 ταῖς
598 1003 673 1073 ῥίζαις
694 1003 741 1052 τῶν
761 1000 872 1069 δένδρων,
893 1002 936 1050 εεαὶ

189 1099 201 1150 ύ
220 1101 383 1167 προσταχθεὶς
397 1094 550 1160 ἂναλίξεται,
565 1093 591 1145 εύ
606 1093 640 1163 μή
654 1091 774 1164 γεύσηται
788 1090 868 1142 αὐτῶν
886 1110 936 1156 χω-

190 1193 225 1258 ρὶς
244 1191 292 1240 τών
313 1188 436 1258 ἀδελφῶν.

224 1279 274 1334 λα’.
294 1281 386 1338 Μηδεὶς
406 1279 466 1347 ὶεέσῃ
481 1278 566 1329 ὶαιετὸν
580 1277 656 1344 μηδὲν
671 1279 739 1346 παρὰ
757 1273 801 1329 τήν
822 1272 935 1340 κειμένην

189 1370 331 1440 εἰεισδεμήν,
352 1369 400 1421 εἴτε
428 1371 533 1437 ἱμάτιον,
555 1367 605 1420 εἶτε
625 1367 751 1436 στρῶμμα
770 1365 866 1433 έρειοῦν,
887 1361 935 1414 εἴτε

189 1461 268 1530 δέρμα
293 1456 439 1529 πρεύάτων,
462 1457 510 1510 εὶτε
536 1457 760 1527 πρεσειεραλεὶδην,
780 1453 829 1504 εἷτε
854 1457 935 1504 λεπτὰ

187 1553 300 1620 χελιείνα,
321 1550 369 1603 εὶτε
388 1553 455 1600 ἄλλα
474 1548 522 1600 εὶδε
541 1552 610 1618 παρὰ
629 1547 673 1601 τήν
693 1545 824 1612 οἰκοδομήν
838 1543 869 1610 ¹).

223 1639 273 1704 λβ’.
294 1641 385 1698 Μηδεὶς
405 1639 485 1706 έοιιετῷ
504 1656 527 1688 τι
546 1636 666 1691 κτήσεται
677 1639 752 1702 χωρὶς
772 1634 821 1682 τών
840 1629 936 1700 διδομέ·

187 1750 233 1781 νων
252 1736 322 1798 παρὰ
342 1732 384 1781 τού
398 1731 490 1798 πατρὸς
504 1730 548 1786 τῆς
567 1730 650 1796 μενής.
664 1723 741 1794 πάρεξ
761 1726 804 1775 τεῦ
823 1727 934 1792 δρματες

188 1819 271 1886 αὐτοῦ,
286 1819 344 1888 ὅπερ
358 1818 409 1869 ἐστι
422 1817 464 1869 δύο
477 1812 651 1884 λεύητενεὶρεα,
666 1813 743 1866 έὶστι
754 1812 812 1863 λίνα
831 1805 935 1864 εεολέύια

188 1916 232 1962 ειοιὶ
249 1903 423 1979 ήμιτρίύαεεεν,
439 1907 575 1976 στρώμμα,
589 1904 676 1974 δέρμα,
691 1903 821 1966 σανδάλια,
836 1899 936 1952 κεεεεσύ-

188 2005 231 2050 λια
249 1999 301 2064 δύο,
320 1997 408 2064 ζώνην,
429 1991 526 2066 ροὶύδος·
538 1993 598 2064 παρ’
612 1995 651 2044 ὅδε
665 1991 802 2062 εὑρίσκεται
821 1993 935 2060 περισσύν

188 2088 289 2157 τούτων,
310 2087 407 2156 θιρθήτω
429 2084 472 2136 ἀπ’
493 2084 567 2136 αύτεύ
587 2087 661 2152 χωρὶς
682 2082 833 2152 ἀντιλογίας.

224 2180 273 2252 λγ’.
293 2182 386 2238 Μηδεὶς
406 2179 500 2245 ὶιπελθῃ
514 2175 616 2227 πώποτε
630 2177 704 2243 χωρὶς
719 2175 760 2224 τοῦ
778 2173 871 2240 πατρὸς
893 2174 934 2231 τῆς

189 2273 273 2339 μονῆς.

224 2359 271 2414 λδ’.
290 2361 382 2417 Μηδεὶς
397 2358 491 2425 διπελθῃ·
504 2353 549 2416 ἔξω
564 2357 605 2406 τεῦ
620 2355 715 2424 τείχεος
730 2354 773 2411 τῆς
788 2353 863 2421 μονῆς
883 2371 935 2417 χω·

190 2457 224 2522 ρὶς
244 2454 287 2502 τοῦ
306 2449 420 2509 ἐξετάσαι
430 2445 461 2518 ι)

224 2541 268 2597 λε’.
289 2544 381 2600 Μηδεὶς
401 2537 457 2609 εἴπῃ
471 2539 544 2610 λύγον
559 2540 608 2588 δπδ
626 2539 702 2606 μονῆς
722 2537 755 2596 εὶς
775 2535 860 2604 μονήν,
880 2535 935 2586 εύτι

190 2635 239 2685 ἀπὸ
258 2634 336 2704 ἄγραν
356 2631 389 2689 εἰς
409 2631 492 2700 δγρον.

224 2720 269 2782 λς’.
290 2719 453 2789 Περευύμενος
473 2718 496 2768 έν
510 2716 558 2784 ὶθῷ
572 2712 587 2771 ή
601 2713 647 2776 ίξω
660 2714 830 2787 ἐργαζόμενος,
851 2713 877 2765 ού
897 2714 933 2783 μή

187 2813 311 2882 θεωρήσῃς
331 2829 354 2860 τε
373 2812 416 2859 καὶ
435 2805 513 2865 εθπης.

226 2898 273 2960 λζ’.
293 2899 384 2956 Μηδεὶς
404 2897 519 2964 εεεσμηθῇ
543 2895 613 2954 έεετδς
640 2894 682 2944 τού
708 2893 872 2961 εεαθισματίοε
892 2893 934 2944 τοῦ

190 2986 257 3055 αύτῷ
277 2984 475 3056 δμρερεσθέντες,
496 2983 550 3036 εύτε
570 3003 593 3036 εν
613 2985 645 3053 τῇ
658 2982 744 3053 ειέλλῃ,
759 2983 813 3034 εύτε
833 2981 873 3034 έπὶ
892 2983 935 3033 τοῦ

189 3075 305 3144 δύματες,
326 3075 380 3126 ούτε
399 3073 440 3124 έπὶ
458 3074 507 3124 τῶν
527 3073 618 3142 ἅγρων.

224 3163 273 3219 λη’.
293 3165 385 3222 Μηδεὶς
404 3163 503 3231 λαλήσῃ
518 3165 577 3231 πρὶς
591 3165 632 3213 τδν
646 3161 749 3215 πλησίον
767 3160 789 3211 έν
809 3161 844 3228 τῷ
865 3157 934 3229 τύπίρ

190 3255 213 3306 ἐν
234 3250 252 3323 ᾧ
272 3253 390 3306 καθεύδει.

224 3344 269 3394 λθ’.
289 3345 383 3400 Μηδεὶς
403 3343 497 3410 ὶινείστῃ
512 3337 594 3392 έσθίειν
608 3345 652 3392 οιαὶ
669 3339 745 3390 πίνειν
765 3339 797 3398 εἰς
816 3337 861 3394 τήν
880 3335 934 3398 ὶξῆς

189 3435 312 3498 νηστείας,
331 3439 397 3502 μετὰ
415 3436 442 3485 τδ
461 3432 584 3484 καθεύδειν
603 3432 626 3483 έν
646 3431 681 3499 τῷ
701 3431 820 3482 ύπνῶσαι.

226 3524 260 3594 μ’.
280 3528 373 3584 Μηδεὶς
385 3521 532 3593 ύπεστρώσῃ
547 3524 580 3583 εὶς
594 3525 620 3574 τδ
634 3523 796 3590 εαθισμεέτεεν
810 3520 832 3572 έν
852 3515 870 3590 ᾧ
890 3539 936 3571 νεα-

189 3615 266 3667 θεύδεε
285 3616 361 3683 μηδέν
381 3613 401 3664 εὶ
421 3612 457 3682 μή
478 3611 571 3680 ψάθιεν.

226 3704 280 3774 μα’.
299 3705 392 3762 Μηδεὶς
411 3703 466 3753 ὅλον
491 3705 519 3754 τδ
546 3703 620 3770 σῶμα
640 3699 729 3770 θιλιίψῃ
754 3703 828 3770 χωρίς
854 3699 933 3764 νέειν,

189 3795 243 3847 εύτε
262 3793 392 3860 λεύσεται,
412 3792 466 3844 σύτο
492 3790 643 3859 θπονέψηται
668 3793 749 3850 καθὼς
768 3789 935 3858 προτέτακται

190 3883 280 3943 αὐτοῖς.

225 3971 279 4042 μβ’.
298 3973 390 4031 Μηδεὶς
410 3969 504 4040 μηδένα
532 3971 638 4038 ὶιδελρὶν
658 3967 684 4020 ού
710 3966 745 4036 μή
774 3965 933 4038 δλείψῃ3)ή

187 4063 264 4133 λούσῃ
284 4067 358 4132 χωρὶς
378 4065 420 4114 τεῦ
440 4063 632 4130 προσταχθῆναι.

227 4258 249 4329 ¹)
268 4257 350 4316 Hier.
368 4271 471 4313 σεεεε.

226 4350 249 4420 ²)
267 4348 349 4404 Hier.
369 4361 491 4420 ηεεεεεν,
510 4361 619 4402 mxv.

227 4439 251 4511 ³)
269 4438 351 4495 Hier.
370 4451 454 4494 xcm.

225 4531 248 4598 ⁴)
267 4528 351 4584 Hier.
369 4541 449 4584 xcxv.

225 4619 248 4693 ⁵)
265 4618 348 4676 Hier.
367 4633 435 4676 xcv.

1681 570 1733 626 115

1114 699 1129 722 Ι

1024 729 1078 801 μγ’.
1098 732 1190 790 Μηδεὶς
1210 731 1307 801 λαλήσῃ
1329 735 1364 800 τῷ
1384 733 1489 787 πλησίον
1509 730 1531 784 έν
1552 735 1586 802 τῷ
1607 735 1689 786 σκύτει
1700 733 1733 804 ⁴).

1025 820 1076 888 μδ.
1095 823 1186 880 Μηδεὶς
1206 823 1239 880 εἰς
1259 820 1352 889 ψιύθιεν
1371 823 1476 879 καθέσθη
1497 828 1562 892 μετὰ
1581 826 1666 876 ἄλλαν.

1025 912 1072 981 με’.
1092 913 1183 972 Μηδεὶς
1202 912 1324 982 δράξητειι
1343 917 1386 974 τῆς
1399 918 1478 983 χειρὸς
1492 917 1534 966 τεθ
1547 915 1629 984 ὶτέρεο
1648 915 1732 984 αὐτοῦ,

990 1005 1055 1053 ἀλλὰ
1075 1003 1172 1058 στήηων
1191 1001 1206 1060 ή
1224 1005 1356 1072 θδειπερών
1371 1003 1464 1072 μεταξύ
1484 1006 1612 1074 διάστημα
1631 1007 1732 1076 ποιήσῃ,

988 1093 1043 1146 ὅσον
1062 1095 1152 1160 πήχεν,
1173 1095 1290 1154 ὡσαύτως
1309 1101 1353 1148 οιαὶ
1371 1097 1516 1166 καθήμενος.

1025 1185 1073 1254 μς’.
1093 1188 1185 1246 Μηδεὶς
1199 1186 1326 1237 εειώλωπα
1340 1184 1453 1259 ἐξενέγκῃ
1468 1190 1517 1239 θπθ
1532 1191 1605 1248 ποδὸς
1626 1191 1734 1258 ὶιδελρεῦ

988 1283 1061 1344 τενὶς,
1081 1280 1100 1330 εί
1115 1282 1177 1349 μήτε
1190 1281 1201 1330 ὶ
1215 1280 1299 1350 πατήρ
1314 1283 1356 1340 τῆς
1371 1283 1446 1349 μονῆς
1459 1277 1474 1336 ἢ
1489 1281 1500 1332 ὅ
1515 1279 1624 1349 δεύτερος
1638 1278 1653 1336 ή
1667 1281 1736 1340 ὅστις

989 1367 1017 1419 ἂν
1037 1371 1182 1439 προσταχθῇ
1191 1367 1222 1437 ⁵).

1025 1458 1076 1528 μί’.
1090 1462 1183 1518 Μηδεὶς
1197 1459 1222 1511 ού
1237 1460 1272 1529 μή
1287 1459 1331 1515 τήν
1345 1459 1456 1530 κεφαλήν
1470 1461 1557 1512 ὶαυτεῦ
1571 1461 1645 1532 εεαίρῃ
1659 1465 1734 1530 χωρὶς

988 1547 1120 1609 ἐξετάσεως
1131 1545 1164 1620 ⁸).

1024 1639 1076 1708 μη’.
1096 1642 1189 1698 Μηδεὶς
1209 1637 1304 1709 μηθένα
1323 1641 1397 1710 καίρῃ
1418 1645 1492 1710 χωρὶς
1512 1639 1677 1710 προστάξεως.

1025 1727 1073 1796 μθ’.
1093 1730 1185 1788 Μηδεὶς
1205 1728 1408 1800 θντιειαταλαγήν
1433 1729 1564 1784 ποιήσεται
1585 1729 1612 1781 εἐε
1630 1731 1673 1781 τού
1692 1731 1736 1799 δρ-

988 1835 1067 1885 ματες
1086 1823 1160 1887 χωρὶς
1179 1821 1223 1878 τῆς
1243 1820 1353 1888 κεφαλῆς
1364 1816 1395 1890 7)

1024 1903 1053 1955 ν’.
1072 1909 1165 1966 Μηδεὶς
1183 1903 1258 1959 λοὶδοι
1277 1906 1336 1978 παρ’
1350 1907 1439 1977 έτερεν,
1454 1903 1511 1959 ἀλλ’
1530 1909 1567 1960 ὅτε
1580 1904 1650 1978 εἶδες,
1671 1905 1734 1959 ὥστε

989 1995 1153 2046 έπικενώσθαε.

1024 2083 1068 2138 να’.
1090 2087 1182 2146 Μηδεὶς
1197 2087 1230 2145 εἰς
1244 2089 1271 2138 τδ
1286 2085 1389 2157 φόρημα
1404 2085 1480 2138 αὐτοῦ
1495 2087 1636 2157 φιλοκαλῶν
1652 2085 1734 2157 βεὶλλῃ

988 2181 1058 2246 παρὰ
1079 2179 1104 2228 τὸ
1124 2179 1264 2248 πρεστσγὶν
1285 2175 1360 2244 αύτῷ.

1024 2263 1069 2328 νβ’.
1089 2268 1180 2326 Μηδεὶς
1204 2267 1325 2320 ειτήστται
1348 2266 1422 2317 τύπον
1450 2265 1635 2337 ἠσφαλισμένην
1661 2268 1735 2335 χωρὶς

987 2353 1089 2426 γνώμης
1109 2358 1152 2408 τού
1172 2356 1274 2424 πατρός.

1024 2443 1070 2516 νγ.
1090 2447 1181 2503 Μηδεὶς
1202 2447 1297 2514 δαιλθῇ
1317 2445 1349 2504 εὶς
1370 2450 1403 2496 τὰ
1421 2441 1573 2516 ἐργαστήρια
1591 2447 1641 2497 τῶν
1661 2463 1736 2515 χειρο-

988 2535 1088 2603 τέχνων.

1023 2623 1067 2678 νδ’.
1087 2627 1178 2684 Μηδεὶς
1197 2619 1264 2695 λα’ύῃ
1279 2619 1350 2690 εἶδες,
1364 2624 1396 2684 ύς
1411 2621 1433 2675 έν
1447 2623 1580 2693 παραθήεεῃ
1599 2622 1673 2693 μέχρι
1691 2625 1734 2674 τοῦ

988 2715 1051 2767 ίδίεν
1072 2717 1187 2785 ὶιδελῃού.

1023 2804 1065 2860 νε’.
1084 2809 1176 2866 Μηδεὶς
1195 2805 1294 2874 λαλήσῃ
1315 2807 1364 2856 τών
1384 2806 1499 2875 ὰδελερόν
1517 2803 1648 2875 φερόντων,
1669 2806 1735 2854 ἀλλὰ

988 2895 1156 2966 μιλετήσωσιν
1177 2895 1246 2962 δμεδ,
1266 2893 1310 2953 ὶως
1329 2893 1359 2944 ἂν
1379 2894 1549 2959 ἂποσχῶνται.

1024 2983 1065 3044 νς’.
1085 2982 1142 3036 Ἐδιν
1162 2983 1271 3053 χρήζωσι
1291 2981 1368 3042 εἴδεος
1388 2985 1458 3047 τινὸς,
1480 2981 1506 3034 εύ
1531 2981 1565 3052 μή
1585 2981 1735 3048 λαλήσωσιν,

990 3077 1056 3127 ἀλλὰ
1075 3073 1215 3145 εερεύσωσιν.

1023 3164 1067 3226 νζ’.
1087 3167 1178 3225 Μηδεὶς
1199 3165 1218 3217 εί
1233 3164 1267 3234 μή
1282 3166 1361 3232 σταθῇ
1373 3160 1414 3215 έπὶ
1426 3165 1475 3215 τών
1490 3158 1613 3214 ειλιύάνων
1630 3163 1679 3214 τῶν
1694 3164 1737 3232 ὶιρ-

991 3257 1101 3309 τοειύπων
1115 3255 1265 3320 πιπτόντων,
1280 3255 1300 3305 εὶ
1316 3253 1350 3322 μή
1365 3254 1438 3322 μένον
1452 3255 1474 3304 εὶ
1488 3253 1691 3322 προσταχθέντες.

1024 3346 1071 3402 νη’.
1091 3345 1149 3398 ’mm
1168 3366 1204 3404 τις
1225 3341 1286 3406 εὶδες
1300 3344 1409 3414 ἀπολέσῃ
1421 3343 1452 3415 ⁸),
1473 3341 1598 3411 ἐπιτιμίαν
1616 3338 1734 3412 λαμύάνῃ

989 3439 1123 3508 ἔμπροσθεν
1144 3439 1186 3488 τού
1205 3435 1440 3506 θυσιαστηρίεαῇὶὰν
1459 3437 1485 3508 δὶ
1503 3429 1519 3503 ᾗ
1540 3435 1590 3485 ὰπδ
1610 3435 1653 3484 τοῦ
1672 3433 1735 3485 ίδίον

990 3530 1134 3600 φορήματες
1154 3529 1255 3582 ποιήσαι
1275 3528 1339 3594 τρεῖς
1358 3521 1499 3593 ὶύδομεὶδας
1519 3523 1554 3593 μή
1573 3518 1667 3589 λαύών,
1682 3519 1735 3576 εἶτα

988 3618 1171 3686 μετανοήσαντα
1189 3615 1318 3669 δεθήσεται
1337 3613 1412 3681 αύτῷ.

1023 3706 1064 3757 νθ’.
1084 3706 1177 3764 Μηδεὶς
1196 3702 1223 3755 ού
1243 3703 1277 3772 μή
1299 3703 1452 3770 πελεποιήσῃ
1476 3706 1551 3770 χωρὶς
1570 3701 1672 3773 γνώμης
1693 3703 1735 3752 τού

988 3799 1089 3867 πατρὸς,
1109 3801 1152 3847 εαὶ
1170 3799 1220 3844 πᾶν
1239 3793 1383 3863 πρόσφατον
1400 3789 1477 3860 πάρεξ
1497 3790 1579 3852 αὐτοῖς
1600 3797 1643 3852 τὶες
1664 3794 1736 3843 συνά-

987 3887 1036 3948 Ειῖς
1055 3889 1164 3942 ποιῆσαι

1024 3975 1052 4037 ξ’.
1073 3978 1164 4034 Μηδεὶς
1184 3973 1246 4044 ιύρεε
1266 3971 1389 4042 πρύρασεν
1403 3970 1468 4039 μήτε
1485 3972 1508 4022 ἰν
1528 3973 1607 4042 ἄγρῃ,
1627 3972 1692 4040 μήτε
1710 3971 1734 4022 έν

989 4069 1059 4136 μονῇ,
1080 4067 1144 4135 μήτε
1163 4066 1212 4116 τῶν
1232 4063 1306 4116 ὄντων
1326 4061 1349 4113 έν
1370 4063 1401 4130 τῇ
1419 4061 1531 4131 διακονίᾳ
1540 4059 1572 4132 ⁹).

1023 4259 1046 4330 ⁶)
1064 4257 1147 4316 Hier.
1166 4272 1245 4316 εσνε.

1022 4349 1045 4422 ⁷)
1064 4347 1146 4404 Hier.
1164 4360 1257 4402 xovn.

1023 4439 1045 4508 ⁸)
1065 4435 1147 4493 Hier.
1166 4450 1266 4493 cxxxx.

967 4583 971 4594 ,
1023 4531 1046 4599 ⁹)
1064 4527 1147 4585 Ηίεε.
1166 4539 1243 4597 cm,
1262 4537 1351 4581 oxon.
