3978 6070
282 552 334 608 104
713 542 812 614 Inter
831 547 981 615 eoetrema
995 534 1150 635 praestat
1168 543 1393 618 ικοάίοοαίῖαε.

283 718 377 806 μένης
395 721 435 790 είς
454 715 537 799 βίους
556 713 670 790 ἀλλους
687 713 740 777 καί
756 713 880 790 ἄλλους,
900 712 1104 804 ἀνθρωπίνους
1121 715 1139 786 θ,
1158 715 1302 806 ἀλόγους,
1322 717 1463 800 βελτίους
1479 716 1498 789 ἣ
1516 719 1667 808 χείρονας.
1686 725 1748 784 Ποῦ
1765 718 1825 810 γάρ

283 829 403 914 αἵρεσις,
422 828 452 887 ἐν
469 833 534 898 τοῖς
552 821 759 912 ἀπροαιρέτως
776 815 885 900 ζῶσινς
902 831 960 887 ποῦ
978 813 1012 888 δὲ
1026 825 1210 913 προαίρεσις,
1225 827 1256 888 έν
1272 835 1337 899 τοῖς
1354 819 1485 914 ὀρέξεσιν
1504 827 1627 917 ἀλόγοις
1644 853 1666 917 χ
1670 831 1826 916 ρωμένοιςς

283 942 413 1001 Σκοπεῖν
443 923 476 996 δὲ
492 931 552 1020 χρὴ
572 928 625 994 καί
641 932 721 1006 ὅπως
738 925 827 1009 τάξιν
845 934 875 997 ἐν
894 943 962 1007 ταῖς
977 929 1002 1014 ¹)
1026 942 1246 1021 προαιρετικῶς
1270 926 1382 1010 ζώσαις
1407 937 1463 999 ούκ
1486 929 1567 1000 εἶπεν
1593 937 1635 1025 μθ.
1662 931 1748 1002 εἶναι·
1774 940 1827 1002 καὶ

282 1043 342 1134 γάρ
356 1047 439 1107 ἐστιν
456 1046 530 1104 κατ’
547 1043 652 1103 ούσίαν
670 1038 767 1116 αότάς
785 1031 959 1130 διορίζουσα
975 1033 1073 1123 τάξις,
1090 1039 1127 1114 ἢν
1145 1047 1163 1116 η
1184 1032 1371 1133 δημιουργία
1388 1041 1503 1118 πάσαις
1519 1042 1675 1127 ἐνέθηκεν,
1694 1045 1763 1108 ἀλλ’
1780 1051 1827 1111 ἑν-

243 1177 255 1213 ι
283 1165 360 1216 ε“ναι
377 1150 436 1220 τὴν
454 1149 515 1212 ἀπό
531 1157 589 1223 τῆς
604 1147 806 1236 προαιρέσεως
824 1142 913 1226 τάξιν
929 1139 1169 1236 ἐνδεικνύμενος,
1186 1149 1229 1238 μὴ
1249 1143 1343 1214 οὖσαν
1359 1150 1542 1239 ὡρισμένην·
1563 1152 1600 1216 τό
1623 1152 1682 1242 γάρ
1707 1157 1827 1234 ἐνεῖναι,

282 1259 341 1331 τλν
365 1252 476 1336 ἔξωθεν
501 1256 677 1346 ἐρήκουσαν
703 1249 797 1328 δηλοῖ
813 1251 915 1340 τάξιν,
931 1257 985 1322 καί
1001 1250 1283 1349 ἑπισυμόαίνουσαν
1307 1262 1342 1324 ἐκ
1366 1269 1423 1336 τῆς
1440 1252 1596 1351 προύολῆς
1613 1272 1674 1326 τῶν
1699 1253 1827 1328 τοιῶνδε

286 1380 341 1445 τῆς
366 1363 426 1449 ζω-

285 1587 308 1652 f.
328 1586 408 1651 156:
428 1584 475 1668 [ῆς
499 1573 625 1646 εἰδῶνά
649 1585 664 1645 ό
687 1580 794 1672 παρὼν
818 1574 1045 1671 χαρακτηρίζει
1070 1583 1145 1664 βίος,
1169 1581 1268 1666 ἠνύίει
1285 1580 1326 1671 γά
1362 1574 1432 1648 οὐδὲ
1451 1583 1520 1670 [τὴν
1536 1637 1543 1652 .
1558 1638 1589 1652 ..
1612 1585 1667 1650 τόν
1689 1588 1826 1676 χείρονα]

286 1696 350 1777 βίον
367 1689 623 1782 προχειρίσασθαι
639 1691 692 1755 καί
707 1743 713 1758 .
729 1744 758 1758 ..
782 1691 905 1779 χείρονα
922 1699 1064 1779 κρεῖττον
1093 1680 1172 1764 εἶδος
1188 1682 1330 1776 ζωῆς]...
1355 1690 1603 1780 προστήσασθαι·
1621 1694 1675 1757 τόν
1694 1693 1748 1783 μὲν
1768 1689 1829 1782 [ούν

232 1820 258 1857 1⁰
287 1805 364 1886 βίον]
470 1799 520 1864 θαι
535 1811 604 1875 ταῖς
622 1799 783 1890 αἱρέσεσιν.
802 1797 850 1862 Tb.
868 1789 901 1864 δὲ
918 1797 1002 1862 ἄλλα
1018 1797 1123 1862 πάντα
1143 1788 1259 1884 [διττά]
1278 1803 1372 1881 ἐστιν,
1390 1801 1447 1863 όσα
1471 1798 1553 1889 μετά
1577 1800 1634 1878 τάς
1659 1793 1829 1893 διαιρέσεις,

284 1915 318 1976 ἐκ
342 1921 397 1975 τοῦ
421 1910 538 1984 παντός
563 1900 746 1997 διανέμεται
775 1918 844 1982 ταῖς
873 1906 1033 1995 ἑλομέναις
1058 1905 1228 1996 μεμίχθαι·
1253 1906 1294 1972 τά
1319 1906 1374 1997 μὲν
1397 1908 1544 1985 πλούτοις
1576 1911 1630 1974 καὶ
1651 1913 1785 1994 πενίαις,
1810 1911 1830 1976 ἅ

285 2023 369 2086 ἐστιν
393 2029 456 2084 τῶν
481 2017 585 2094 ἐκτός
610 2015 651 2082 τά
675 2007 709 2082 δὲ
737 2016 835 2093 νόσοις
866 2016 919 2080 καί
950 2017 1085 2106 ύγείαις,
1109 2015 1129 2080 ά
1156 2020 1239 2080 ἐστιν
1270 2025 1333 2080 τῶν
1365 2008 1513 2106 δευτέρων
1546 2017 1628 2106 μετά
1656 2017 1698 2084 τά
1728 2016 1829 2110 ψυχῆς

286 2127 391 2220 ἀγαθά
414 2128 468 2192 καί
492 2125 585 2191 κακά·
611 2124 653 2191 τά
677 2117 710 2191 δέ
734 2126 826 2216 φησίν
851 2125 904 2189 καί
929 2135 1040 2213 μεσοῦν
1054 2121 1080 2208 ¹)
1104 2124 1235 2208 τούτων,
1262 2123 1281 2189 ά
1306 2115 1343 2196 δὴ
1370 2125 1424 2188 καί
1446 2119 1669 2191 εἶναιπάντων
1694 2130 1831 2216 άσραλέ-

287 2259 402 2302 στατα·
428 2245 490 2300 τῶν
514 2233 575 2326 γάρ
599 2234 703 2299 ἄλλων
729 2239 761 2299 αί
784 2234 839 2324 μὲν
863 2227 1034 2324 ύπερόολαί
1057 2243 1233 2323 χαυνοῦσιν,
1258 2239 1290 2297 αί
1311 2224 1344 2299 δὲ
1368 2224 1482 2299 ἔνδειαι
1505 2245 1713 2301 ταπεινοῦσιν
1736 2239 1774 2300 τό
1798 2228 1832 2301 δὲ

233 2355 259 2393 ¹⁵
286 2351 317 2412 ἑν
334 2347 459 2421 ἐκείνοις
477 2344 601 2434 μέτριον
619 2345 672 2408 καί
688 2354 755 2419 ταῖς
773 2346 895 2433 ἀρεταῖς
914 2341 1115 2433 μετριότησιν
1133 2343 1235 2417 οὔσαις
1260 2343 1442 2432 ἐναρμονίοις
1460 2341 1613 2406 σύνεστιν·
1633 2344 1686 2406 καὶ
1709 2345 1832 2434 γίνεται

284 2462 374 2545 ημῶν
398 2459 414 2518 ό
439 2457 503 2538 βίος
528 2453 608 2529 ἀπας
632 2450 717 2517 κατά
732 2451 838 2517 πάντα
855 2451 978 2541 μέτριος
988 2449 1025 2533 ³),
1041 2449 1083 2514 τά
1100 2447 1229 2539 ψυχικά,
1245 2448 1287 2514 τά
1311 2448 1488 2538 σωματικά,
1509 2448 1551 2515 τά
1574 2451 1673 2527 ἐκτός·
1699 2441 1750 2516 διά
1774 2451 1829 2540 μὲν

285 2557 337 2628 οὖν
358 2562 496 2626 πλούτου
513 2560 567 2624 καί
582 2562 688 2635 πενίας
705 2549 861 2630 ἐδήλωσεν
878 2557 982 2622 πάντα
999 2557 1099 2622 ὁπόσα
1117 2556 1262 2645 σώματος
1280 2558 1380 2638 ἐκτός,
1398 2556 1503 2646 τιμάς,
1521 2560 1659 2647 ἀτιμίας,
1677 2549 1831 2646 δυνάμεις,

286 2663 470 2760 ἀδυναμίας,
484 2667 592 2758 ἀρχάς,
606 2657 767 2744 ἰδιωτείας·
783 2658 834 2732 διά
846 2658 879 2732 δὲ
892 2668 994 2756 ὑγείας
1008 2666 1061 2730 καὶ
1074 2667 1175 2746 νόσου,
1191 2663 1297 2729 πάντα
1313 2663 1355 2728 τά
1373 2663 1529 2753 σώματος,
1548 2665 1645 2754 ἰσχύς,
1662 2665 1830 2751 ἀσθενείας,

287 2781 404 2862 κάλλη,
423 2778 647 2868 αίσχρότητας,
665 2775 873 2858 εὐαισθησίας,
892 2767 1122 2849 δυσαισθησῖας·
1141 2767 1182 2836 ὧν
1200 2772 1340 2838 ἑκάστων
1356 2773 1394 2837 τό
1412 2773 1504 2861 μέσον
1529 2774 1640 2839 οἰκεῖόν
1664 2779 1747 2840 ἐστιν
1763 2787 1833 2852 ταῖς

233 2915 260 2952 ιο
287 2886 399 2979 ψυχαῖς
422 2893 512 2976 ἡμῶν
536 2885 589 2950 καί
612 2885 817 2977 προσήγορον·
835 2887 865 2949 ἐν
883 2877 934 2948 ούν
951 2894 1020 2960 ταῖς
1038 2882 1187 2974 αἱρέσεσιν
1205 2891 1314 2973 μακρῷ
1339 2881 1462 2970 ἄμεινον
1486 2881 1543 2958 τάς
1568 2883 1777 2974 μετριοτάτας
1802 2889 1833 2949 ἐν

287 2998 409 3074 τούτοις
425 3006 501 3062 πᾶσι
518 2986 639 3060 διώκειν
656 3002 719 3058 τῶν
738 2992 931 3083 ἀκροτάτων,
948 2997 987 3067 ὡς
1004 2991 1055 3057 ἐπὶ
1069 2991 1107 3056 τό
1122 2993 1269 3056 πλεῖστον
1287 2995 1329 3066 είς
1342 2993 1453 3056 κακίαν
1470 2996 1718 3080 παρακαλουσῶν
1729 2991 1756 3077 ⁴)
1774 2991 1833 3070 τάς

289 3103 400 3196 ψυχάς.
426 3105 557 3193 Εἴρηται
580 3094 614 3168 δὲ
638 3103 675 3166 τό
701 3103 800 3166 αίτιον
824 3101 878 3165 καί
903 3103 952 3165 ότι
975 3111 1044 3178 ταῖς
1062 3126 1097 3166 τε
1113 3098 1224 3189 ψυχαῖς
1242 3099 1340 3190 μέσην
1363 3099 1534 3189 λαχούσαις
1558 3103 1675 3185 οὐσίαν,
1698 3102 1835 3194 συμφυὲς

289 3215 326 3278 τό
350 3221 407 3288 τῆς
433 3215 545 3301 ἀρετῆς
569 3201 648 3285 εἶδος
671 3211 701 3273 ἐν
728 3207 882 3296 μεσότητι
914 3205 1136 3298 θεωρούμενον,
1161 3208 1215 3272 καί
1238 3219 1288 3302 τῇ,
1305 3212 1399 3299 ἀρετῇ
1426 3209 1463 3272 τό
1486 3218 1549 3273 τῶν
1574 3209 1711 3300 ὁργάνων
1736 3214 1835 3288 αύτῆς

291 3319 416 3411 μέτριον
440 3317 579 3408 ὑπάρχον
604 3316 762 3407 συγγενές·
786 3327 889 3381 ταῦτα
914 3315 968 3405 μὲν
993 3310 1055 3394 οὖν,
1080 3317 1281 3406 μυριόλεκτα·
1306 3316 1347 3381 τά
1372 3308 1405 3383 δὲ
1427 3317 1564 3407 ἑπόμενα
1587 3319 1642 3384 τού

235 3557 262 3595 ²⁵
290 3539 312 3604 f.
333 3537 395 3602 155
412 3559 454 3615 v..
472 3557 558 3600 nunc
574 3556 685 3599 versus
705 3535 724 3599 7
749 3533 900 3620 fugiunt:
928 3533 1058 3616 [τοις...
1083 3533 1133 3596 ότι
1157 3523 1402 3621 δαιμονέστατυς
1426 3537 1526 3626 γι...]
1554 3533 1693 3622 μυθικοῖς
1709 3536 1732 3622 ⁵)
1755 3533 1837 3598 πλά-

291 3667 404 3734 σμασιν
432 3640 549 3727 [ἠθικά]
574 3641 830 3731 παραγγέλματα
854 3639 1027 3730 μιγνύμενα
1047 3639 1273 3729 [σαρεστάτως]
1299 3629 1461 3723 δείκνυσιν,
1479 3645 1584 3706 ὁποῖον
1603 3641 1671 3706 ἐστὶ
1693 3643 1731 3706 τό
1756 3633 1835 3717 εἶδος

289 3761 352 3815 τῶν
375 3754 582 3814 πλατωνικῶν
607 3746 719 3836 μύθων·
743 3749 796 3814 καὶ
820 3749 869 3812 ότι
884 3748 1048 3813 πολιτικόν
1066 3770 1102 3810 τε
1119 3747 1172 3811 καί
1188 3737 1400 3829 παιδευτικόν,
1417 3749 1471 3814 καί
1488 3739 1525 3822 δὴ
1545 3749 1598 3814 καὶ
1616 3752 1648 3815 ἒν
1671 3760 1737 3825 τοῖς
1761 3773 1835 3842 προ-

291 3859 442 3944 κειμένοις
468 3859 591 3947 είρηται
616 3855 690 3945 μέν,
713 3855 766 3922 ότι
790 3867 854 3932 τοῖς
887 3846 997 3920 εἴδεσιν
1022 3865 1079 3930 τῆς
1106 3849 1186 3936 ζωῆς
1209 3846 1421 3932 παντοδαποῖς
1446 3850 1529 3922 ούσιν
1562 3859 1710 3948 μίγνυται
1737 3857 1779 3922 τά
1802 3881 1837 3923 τε

291 3963 456 4055 σωματικά.
481 3965 533 4029 καί
558 3967 615 4028 όσα
639 3966 728 4039 ἐκτός
753 3963 856 4055 ἀγαθά
880 3988 915 4028 τε
938 3964 991 4029 καί
1008 3964 1101 4042 κακά,
1119 3964 1172 4029 καὶ
1189 3966 1247 4029 ὅσα
1264 3964 1344 4053 μέσα
1360 3965 1493 4051 τούτων,
1509 3966 1563 4031 καί
1582 3965 1640 4038 τὴν
1665 3967 1836 4056 ἀπέραντον

237 4097 264 4134 ιο
290 4075 448 4141 ποικιλίαν
465 4073 638 4164 παρέχεται
654 4082 715 4138 τῶν
735 4076 819 4157 βίων.
837 4071 965 4149 Τούτοις
984 4063 1016 4138 δὲ
1032 4073 1187 4162 ἑπομένως
1203 4072 1262 4163 ἄρα
1279 4073 1531 4164 παρακελεύεται
1548 4073 1687 4164 μάλιστα
1701 4086 1836 4152 σκοπεῖν,

290 4194 355 4259 πῶς
381 4181 416 4247 ἀν
442 4182 571 4258 ἕκαστος
595 4187 685 4270 ἡμῶν
711 4175 876 4272 ἀξιόχρεως
900 4181 1033 4272 γένηται
1057 4181 1212 4272 κριτὴςῆ
1239 4179 1345 4270 μαθὼν
1371 4181 1456 4272 παρά
1480 4192 1536 4252 τοῦ
1562 4175 1693 4247 δυνατόν
1717 4181 1837 4270 μαθεῖν,

291 4292 310 4364 ἢ
337 4291 440 4382 εύρόιν·
459 4282 566 4355 διτταί
582 4289 642 4380 γάρ
662 4296 692 4355 αἱ
708 4296 749 4367 είς
766 4290 944 4380 ἐπιστύμην
963 4280 1038 4368 ὁδοί,
1056 4289 1189 4381 μάθησις
1207 4291 1259 4355 καί
1277 4290 1400 4379 εὕρεσις,
1418 4295 1457 4366 ὡς
1480 4291 1533 4354 καὶ
1556 4295 1571 4355 ό
1596 4294 1627 4356 ὲν
1651 4283 1835 4378 Ἀλκιύιάδῃ

294 4401 463 4493 Σωκράτης
488 4390 639 4482 ἐδίδαξεν,
656 4411 718 4464 τῶν
743 4400 911 4489 ἀμεινόνων
928 4400 982 4463 καί
997 4400 1144 4492 χειρόνων
1163 4401 1248 4485 βίων,
1266 4397 1309 4489 μὴ
1328 4402 1368 4475 εὶς
1385 4397 1426 4463 τά
1443 4391 1501 4477 ἔξω
1518 4399 1639 4483 βλέπων
1661 4399 1716 4464 καί
1737 4424 1839 4489 παρα-

292 4512 421 4603 γόμενος
443 4514 493 4574 ὑπ’
520 4514 622 4576 α”ιτῶν
647 4509 701 4573 καί
724 4510 1039 4596 καταπληττόμενος,
1063 4507 1115 4574 ἐάν
1140 4512 1272 4573 πλοῦτοι
1295 4509 1349 4574 καί
1372 4509 1464 4598 τιμαί
1488 4499 1687 4597 διαφέρουσαι
1710 4511 1839 4598 προτεί-

238 4632 266 4670 ⁸³
292 4645 418 4703 νωνται,
442 4620 496 4686 καί
520 4610 666 4707 δυνάμεις
690 4618 743 4682 καί
768 4618 862 4708 ἀρχαί
885 4617 1006 4682 πόλεων
1030 4617 1084 4681 καί
1107 4614 1212 4692 ἐθνῶν,
1230 4616 1283 4681 καί
1298 4617 1447 4709 εύγένειαι
1470 4615 1524 4682 καί
1548 4615 1702 4704 σωμάτων
1727 4620 1838 4706 ῥῶμαι,

293 4730 347 4794 καί
370 4728 476 4793 πάντα
500 4726 542 4792 τά
566 4736 710 4800 τοιαῦτα,
736 4718 773 4788 δι’
798 4720 840 4790 ὧν
865 4734 898 4790 αί
920 4725 1037 4790 πολλαί
1061 4721 1160 4814 ψυχαί
1183 4725 1307 4800 πάντως
1333 4726 1547 4814 ἁλισκόμεναι,
1564 4725 1671 4790 πάντα
1690 4724 1732 4790 τά
1755 4724 1838 4790 ἄλλα

293 4847 478 4929 παρορῶσιν·
499 4845 624 4900 σκοπεῖν
642 4834 701 4925 γάρ
720 4825 793 4916 δεῖν,
812 4833 854 4922 μα’,
874 4833 929 4909 τάς
945 4833 1067 4898 τούτων
1083 4827 1262 4912 πλεονεξίας
1284 4834 1337 4898 καί
1360 4833 1417 4910 τάς
1441 4843 1503 4898 τῶν
1528 4837 1675 4900 ἐναντίων
1699 4832 1840 4899 ἐλαττώ-

332 5125 354 5198 1)
374 5131 424 5185 τοῖς
444 5121 506 5178 cod.
526 5119 614 5176 simul
633 5125 664 5176 et
682 5119 717 5176 A.
1094 5120 1229 5176 Platonis
1248 5119 1386 5194 paginam
1404 5119 1465 5189 315,
1479 5138 1567 5194 quam
1586 5123 1639 5176 aut
1657 5124 1840 5176 commenta-

333 5217 357 5290 ἵ)
377 5213 524 5286 Scriptum
543 5208 601 5266 fuit
618 5209 748 5284 primum
768 5213 849 5282 μέσον,
872 5211 974 5268 statim
994 5230 1042 5268 su·
1095 5211 1159 5268 rius
1178 5211 1270 5268 citare
1290 5212 1430 5284 neglexit,
1450 5217 1503 5268 ιιυῖ
1522 5211 1614 5268 codex
1633 5209 1741 5267 omisit.

298 5321 389 5376 supra
401 5303 450 5359 lin·
465 5303 630 5362 correctum
644 5306 740 5371 μισοῦν,
753 5307 788 5358 ub
801 5319 898 5375 supra.
911 5301 948 5358 Α.
961 5304 1042 5374 μέσον.
1132 5303 1155 5376 ⁴)
1174 5303 1208 5359 A.
1230 5301 1452 5376 παραύαλλσυσῶν.

334 5393 358 5468 ³)
376 5393 527 5464 Interpros
548 5390 639 5449 tacite
664 5397 695 5449 οῖ
720 5393 869 5464 gradatim
887 5392 985 5466 pergit
1004 5393 1042 5449 ad
1133 5393 1156 5466 ⁵)
1176 5395 1209 5449 A.
1229 5393 1248 5448 f.
1268 5395 1311 5448 87.
