3978 6070
563 509 804 585 Αιίοηιιιηίὶηιι
822 509 899 583 axis
917 516 948 582 οι
962 505 1120 600 polorum
1138 509 1299 602 symbola.
1668 517 1704 575 65

156 678 271 772 ψυχὴν,
295 682 349 748 καὶ
372 684 501 759 κινήσας
526 681 558 747 όν
583 685 741 757 εἰστησαν.
760 689 795 748 Εἰ
815 674 848 748 δέ
873 674 920 747 δεῖ
943 692 1005 746 τῶν
1023 681 1070 746 ἀεί
1086 681 1243 764 ἑστώτων,
1260 681 1330 772 περὶ
1354 681 1374 746 ἀ
1397 681 1451 746 καὶ
1474 682 1515 747 τά
1539 683 1705 773 κινούμενα

157 802 288 855 κινεῖται
304 801 366 881 τῶν
381 791 568 880 ἀσωμάτων,
583 791 742 858 αἰτιᾶσθαί
754 817 796 875 τι,
810 783 959 865 δηλονότι
976 800 1044 854 νοῦν
1059 791 1230 874 αἰτιατέον,
1247 789 1278 866 θς
1295 790 1349 854 καί
1365 789 1424 864 τήν
1442 787 1545 880 ψυχὴν
1562 794 1705 864 ἐποίησεν

159 897 201 987 μὴ
227 897 378 963 κινεῖσθαι
395 899 498 986 μόνον,
516 903 587 963 ἀλλ’
606 899 753 976 ὡσαύτως
771 899 932 982 κινεῖσθαι,
948 899 1013 974 νόες
1031 897 1090 988 ἀρα
1107 898 1186 974 τινὲς
1203 904 1278 986 ήμῖν
1297 899 1492 987 ἀνεφάνησαν
1511 895 1606 978 οὖτοι,
1623 901 1706 990 λέγω

159 999 202 1089 δὲ,
220 1000 300 1084 ἄξων
318 1009 371 1070 καί
388 1012 403 1070 6
420 1010 526 1088 πόλος,
543 1008 596 1072 καί
613 1010 675 1090 ὅτῳ
693 998 889 1098 διαφέροντες
906 1009 1054 1079 ἀλλήλων
1072 1030 1106 1070 τε
1123 1007 1176 1070 καί
1192 1017 1246 1070 τοῦ
1264 1017 1423 1096 κεντρικοῦ
1440 1019 1492 1072 νοῦ
1509 1011 1707 1099 προείπομεν.

117 1142 129 1178 ε
160 1113 295 1189 Τούτους
320 1117 423 1179 τοίνυν
448 1119 464 1178 ό
489 1113 582 1203 μῦθος
599 1107 653 1180 όδε
670 1125 827 1204 μυστικῶς
851 1121 926 1203 ήμῖν
945 1115 1156 1203 ἀνισσόμενος,
1174 1106 1357 1203 ἀδάμαντας
1382 1116 1493 1193 αὐτούς
1517 1118 1708 1208 προείρηκεν,

160 1211 210 1286 διά
233 1222 271 1284 τό
296 1220 342 1286 ἀεί
365 1221 512 1298 ὡσαύτως
529 1226 672 1312 ἐνεργεῖν·
689 1224 743 1287 καί
759 1222 819 1313 γάρ
836 1224 873 1288 τό
891 1223 1006 1288 ἄλυτον
1024 1221 1206 1311 κυριώτατα
1229 1233 1286 1298 τῆς
1307 1222 1411 1314 νοεράς
1427 1221 1466 1299 ήν
1491 1216 1567 1289 ἴδιον
1593 1227 1708 1301 οὐσίας.

160 1332 260 1400 Δηλοῖ
274 1320 308 1394 δέ
323 1332 339 1392 6
356 1333 386 1393 ἐν
405 1332 527 1420 Τιμαίῳ
545 1321 743 1422 δημιουργός,
762 1355 804 1420 μη
811 1323 843 1395 δὲ
858 1330 915 1407 τάς
932 1330 1015 1407 θείας
1027 1328 1128 1420 ψυχάς
1141 1330 1275 1418 πάμπαν
1289 1331 1421 1407 ἀλύτους
1435 1327 1511 1398 εἶναι
1528 1342 1708 1424 συγχωρῶν,

159 1436 300 1512 καὶπῶς
324 1435 383 1526 γάρ
407 1440 538 1525 ἔμελλον
562 1432 640 1516 ἕξειν
664 1449 769 1515 τοῦτο,
794 1433 911 1528 μεταξύ
936 1449 993 1516 τῆς
1018 1442 1187 1529 ἀμερίστου
1212 1442 1453 1530 γεγονυῖαι,καί
1477 1453 1534 1519 τῆς
1559 1453 1708 1534 μεριστῆς

159 1545 280 1622 ούσίαςς
298 1547 374 1609 ὅπου
398 1545 459 1636 γάρ
476 1547 513 1610 τό
532 1544 687 1636 μεριστόν,
704 1545 827 1639 ἀνάγκη
846 1547 933 1611 λύσιν
950 1546 1137 1613 ἐπινοεῖσθαι
1154 1547 1238 1612 κατά
1263 1549 1317 1613 τόν
1342 1550 1501 1640 μερισμόν·
1520 1553 1624 1626 αὐτοῖς
1650 1550 1709 1640 ἀρα

105 1679 130 1714 ιο
161 1663 223 1729 τοῖς
248 1663 319 1729 νοῖς,
344 1651 387 1730 οῖς
411 1655 448 1718 τό
473 1654 638 1745 ἀμέριστον
662 1655 822 1744 προσήκει,
841 1655 943 1745 μόνοις
960 1656 997 1720 τό
1016 1655 1142 1722 ἄλυτον.
1160 1660 1195 1719 Εἰ
1211 1649 1263 1718 οὖν
1288 1657 1342 1721 τόν
1368 1648 1539 1746 ἀδάμαντα
1563 1656 1708 1748 σύνθημα

159 1771 218 1836 τῆς
242 1761 358 1827 ἀλότου
383 1763 505 1835 οἰητέον
523 1765 626 1840 οὐσίας
646 1767 692 1848 (ού
708 1762 767 1854 γάρ
784 1768 867 1828 ἐστιν
886 1755 956 1828 ούδέ
971 1765 1044 1853 πυρί
1061 1764 1154 1838 αὐτός
1171 1765 1287 1829 ταυτόν
1310 1764 1346 1829 ἀν
1364 1768 1437 1848 εἴη),
1454 1777 1522 1830 νοῦν
1542 1789 1579 1830 τε
1604 1764 1708 1832 θεολο-

160 1879 293 1960 γοῦντας
315 1869 418 1962 λέγειν
442 1889 482 1944 -ζζ-
506 1863 752 1960 καί-ἀδάμαντα
778 1871 1046 1962 μυθολογοῦντας·
1073 1871 1143 1935 ἀλλ’
1169 1877 1184 1936 ὁ
1210 1871 1264 1960 μέν
1288 1875 1384 1949 πόλος
1408 1875 1462 1938 καί
1486 1879 1501 1938 6
1526 1868 1617 1953 ἄξων,
1641 1875 1709 1952 νούς

159 1978 305 2068 ἑκάτερος
329 1978 382 2061 ὢν,
407 1980 499 2068 μόνον
524 1971 576 2045 διά
599 1979 659 2050 τήν
686 1981 815 2070 μόνιμον
840 1981 892 2045 καί
916 1981 1082 2071 ἀμέριστον
1108 1974 1190 2060 ζωήν

161 2200 183 2264 f.
204 2201 276 2280 144,
295 2201 315 2266 4
331 2223 413 2266 νοτε.
430 2200 589 2266 truncati:
610 2252 616 2267 .
633 2198 770 2272 ..οὕτως
788 2189 911 2285 ἀδάμας
936 2201 1019 2266 ἐστι.
1033 2249 1058 2265 ..
1075 2197 1258 2275 πάντως...
1272 2210 1384 2282 νεῖται,
1401 2199 1494 2287 φησίν
1510 2205 1526 2264 6
1551 2203 1710 2277 Πλωτῖνος

107 2326 132 2362 ¹⁵
161 2305 210 2369 ότι
234 2315 368 2372 νοῦν...
393 2305 467 2394 πρός
492 2297 525 2371 δέ
548 2316 593 2389 τῷ
618 2313 659 2388 νῷ
683 2301 843 2393 καὶψυχὴ
869 2305 923 2368 καί
946 2313 1103 2393 σῶμα...
1128 2307 1255 2383 εἰκότως
1280 2307 1374 2371 αὐτόν
1403 2310 1438 2373 ἔκ
1465 2333 1500 2374 τε
1525 2299 1707 2396 ἀδάμαντος

164 2413 294 2502 [φη]σίν,
318 2414 370 2478 καί
393 2407 426 2492 ἐξ
451 2413 555 2478 ἀλλων
571 2423 678 2504 γενῶν,
696 2423 759 2477 τῶν
776 2437 811 2477 τε
828 2408 966 2500 ψυχικῶν
991 2411 1077 2502 λέγει
1094 2413 1147 2476 καί
1163 2423 1225 2478 τῶν
1251 2423 1448 2504 σωματικῶν·
1467 2416 1522 2479 καί
1546 2409 1711 2505 συμθαίνει

160 2521 266 2587 πάντα
281 2532 346 2596 τοῖς
362 2545 397 2586 τε
413 2521 577 2611 πράγμασι
593 2522 647 2586 καὶ
665 2521 826 2600 ἀλλήλοις,
843 2518 885 2583 τά
903 2522 1003 2608 ἀμερῆ
1022 2530 1087 2595 τοῖς
1104 2521 1236 2610 μερέσιν,
1249 2519 1291 2586 τά
1307 2523 1445 2595 ἀκίνητα
1458 2533 1522 2598 τοῖς
1537 2523 1710 2606 ἀκινήτοις,

161 2627 481 2719 τάκινούμενατοῒς
506 2628 779 2718 κινουμένοις,τά
808 2627 987 2718 μεμιγμένα
1010 2638 1075 2703 τοῖς
1107 2631 1294 2716 συμμίκτοις
1326 2633 1447 2706 αἰτίοις.
1480 2637 1515 2696 Ei
1543 2623 1712 2712 δήποτῦτα

162 2727 394 2825 διηρθρωμένως
418 2736 598 2826 νοήσαιμεν,
622 2730 730 2826 ἕξομεν
755 2736 809 2799 καί
832 2733 874 2799 τά
891 2734 1011 2799 τούτων
1037 2736 1275 2826 ἀπορρητότερα
1300 2748 1388 2802 νοεῖν·
1413 2728 1520 2808 ἐπειδή
1547 2737 1631 2804 κατά
1655 2739 1709 2802 τόν

106 2863 133 2898 ²⁰
163 2844 304 2931 Τίμαιον,
323 2842 519 2932 ἀγαλμάτων
538 2833 634 2908 ἀϊδίου
652 2843 735 2908 ἐστίν
754 2842 831 2908 θεῶν
856 2833 908 2907 όδε
935 2849 949 2906 6
966 2843 1091 2932 κόσμος,
1109 2843 1265 2916 τελέστην
1283 2845 1338 2934 μὲν
1357 2839 1434 2910 εἶναι
1451 2857 1505 2912 τοῦ
1523 2846 1709 2938 ἀγάλματος

161 2950 275 3015 τούτου
292 2952 346 3016 τόν
367 2942 567 3041 δημιουργόν,
584 2952 614 3028 ὃς
632 2955 774 3017 ἔπνευσεν
791 2957 831 3028 εἰς
850 2953 943 3016 αότόν
960 2945 1043 3028 ζωήν
1062 2953 1227 3042 ἀμήχανον
1245 2946 1337 3034 όσην,
1350 2954 1403 3018 καί
1420 2957 1562 3026 ἐποίησεν
1580 2953 1710 3044 ἄγαλμα

161 3059 265 3124 ἔννουν
289 3053 485 3146 χρηματίζον
503 3051 554 3124 διά
570 3070 628 3134 τῆς
646 3065 740 3124 αὐτοῦ
758 3061 907 3135 κινήσεως
922 3070 987 3135 τοῖς
1004 3064 1076 3148 όρῖιν
1094 3053 1357 3148 δυναμένοις,καί
1375 3051 1425 3124 διά
1449 3069 1512 3125 τῶν
1536 3065 1568 3125 ἑν
1593 3064 1711 3151 ούρανῶ

164 3167 301 3253 σημείων
315 3163 356 3230 τά
369 3165 501 3252 ἐσόμενα
513 3167 613 3257 λέγων
626 3166 660 3250 ¹)·
675 3176 721 3250 τῷ
735 3158 769 3232 δέ
781 3177 838 3241 τῆς
856 3163 957 3254 ψυχῆς
974 3175 1153 3257 χαρακτῆρι
1170 3166 1223 3230 καί
1236 3177 1305 3242 ταῖς
1318 3177 1505 3257 περιφοραῖς,
1521 3163 1567 3243 αἷς
1581 3171 1713 3256 όμματα

164 3277 257 3350 αύτός
281 3272 401 3360 έθηκεν,
424 3267 608 3366 περιέλαόεν
634 3276 710 3340 αὐτό
739 3275 793 3339 καί
815 3264 999 3346 συνέδησεν·
1025 3273 1224 3364 φυλακτήρια
1249 3265 1283 3339 δέ
1307 3278 1391 3357 αύτῷ
1415 3271 1580 3364 περιῆψεν,
1604 3275 1659 3338 καί
1681 3277 1712 3339 ἑν

108 3415 135 3452 ιε
166 3383 267 3471 μέσοις
291 3375 423 3476 ήδρασεν
448 3395 513 3460 τοῖς
537 3385 664 3458 κόλποις
688 3383 759 3458 τούς
783 3383 961 3472 εἰρημένους
984 3383 1065 3460 νόας·
1091 3379 1153 3446 οἷον
1179 3385 1293 3466 αὐτῶν,
1318 3388 1345 3447 εί
1370 3382 1484 3465 βούλει,
1510 3391 1573 3447 τῶν
1600 3384 1713 3474 ἰύγγων

165 3489 363 3580 συνθήματα,
386 3501 448 3556 τῶν
473 3493 600 3581 ἀτόμων
624 3492 677 3556 καί
699 3481 848 3555 ἑνοειδῶν·
873 3495 900 3554 εἰ
917 3481 950 3556 δὲ
967 3488 1008 3578 μὴ
1028 3493 1161 3568 ἐκείνων,
1183 3495 1222 3566 ὡς
1247 3483 1465 3581 ξενικωτέρων,
1484 3490 1567 3556 ἀλλά
1591 3501 1653 3556 τῶν
1677 3515 1714 3581 γε

164 3611 324 3690 προσεχῶν
350 3603 443 3666 αὐτοῦ
468 3598 557 3664 θείων
583 3601 700 3680 αἰτίων,
723 3607 779 3664 τοῦ
805 3597 858 3688 μὲν
878 3600 994 3688 Κρόνου
1011 3599 1066 3660 τόν
1082 3599 1179 3662 πόλον
1196 3591 1274 3662 εἶναι
1298 3598 1373 3686 φασί
1397 3590 1564 3686 σύμύολον·
1588 3588 1636 3662 διό
1660 3599 1715 3662 καί

167 3709 334 3798 ἄγκιστρον
359 3710 473 3784 οἰκείως
492 3710 623 3797 εἴρηται,
641 3708 694 3772 τόν
712 3707 941 3797 ἀγκυλομήτην
953 3707 977 3789 ²)
994 3710 1120 3784 ἐκεῖνον,
1137 3711 1177 3781 ὡς
1195 3704 1319 3780 ἀληθῶς
1337 3704 1527 3794 μιμούμενον
1552 3715 1630 3768 νοῦν·
1655 3714 1713 3780 τῆς

165 3806 198 3880 δέ
221 3808 376 3905 ζωογόνου
402 3814 470 3891 θεᾶς
494 3820 510 3878 6
535 3809 627 3897 άξων,
650 3807 781 3905 πρόοδον
807 3813 1061 3902 ἀποτυποόμενος
1086 3813 1238 3902 μένουσαν
1264 3815 1337 3876 ἀκλι

108 4059 135 4096 ιι
166 4031 189 4096 f.
211 4033 272 4098 144
291 4054 333 4109 v.‚
349 4033 369 4096 3
389 4053 470 4097 vers.
487 4032 726 4100 desiderantur:
753 4031 873 4098 ...καὶ
895 4032 950 4096 τόν
973 4031 1138 4098 πόλον...
1161 4029 1235 4120 πρός
1251 4030 1362 4095 ἑαυτόν
1385 4031 1546 4118 ἑπεστραμ
1562 4081 1569 4096 .
1584 4081 1590 4095 .
1607 4079 1614 4095 .
1637 4029 1713 4119 πρός

165 4137 224 4214 τάς
249 4139 350 4216 αἰτίας
376 4139 425 4229 ἀφ’
443 4133 485 4204 ὧν
501 4137 667 4229 προῆλθεν,
693 4140 746 4204 καί
763 4138 854 4229 μέχρι
871 4139 992 4205 τούτων
1009 4145 1084 4228 ήμῖν
1102 4143 1118 4202 ό
1135 4137 1205 4228 περί
1228 4137 1348 4202 τούτων
1372 4137 1465 4229 λόγος
1490 4136 1590 4225 ἐχέτω
1614 4135 1715 4211 τέλος·

430 4367 474 4430 ÷2
498 4353 563 4426 Τήν
589 4345 622 4420 δέ
651 4365 705 4420 τοῦ
719 4353 746 4442 ³)
772 4348 944 4444 σφονδύλου
969 4355 1057 4443 φύσιν
1083 4351 1160 4420 εἶναι
1183 4347 1317 4422 τοιάνδε·
1342 4354 1380 4420 τό
1403 4369 1449 4431 -ζ-

431 4477 476 4539 ÷
499 4464 553 4553 μέν
571 4473 682 4552 σχῆμα
699 4467 807 4552 οίαπερ
824 4470 843 4536 ή
870 4475 925 4528 τοῦ
946 4455 1065 4529 ἐνθάδε·
1093 4467 1214 4549 [νοῆσαι
1231 4455 1264 4529 δὲ
1281 4456 1328 4530 δεῖ
1351 4457 1383 4542 ἐξ
1406 4478 1452 4539 ÷

430 4585 473 4647 ÷
498 4568 539 4637 ὧν
565 4575 666 4662 ἔλεγε,
690 4563 811 4637 τοιόνδε
828 4572 921 4636 αὐτόν
939 4567 1026 4656 εἶναι,
1051 4573 1152 4662 ὥσπερ
1175 4573 1210 4637 ἀν
1235 4577 1261 4636 εἰ
1284 4576 1315 4636 έν
1339 4573 1384 4637 ἑνί
1405 4586 1451 4647 ÷

431 4695 474 4755 ÷
499 4679 628 4771 μεγάλῳ
652 4671 813 4768 σφονδύλῳ
843 4683 939 4762 κοίλῳ
963 4680 1017 4744 καί
1041 4673 1258 4770 ἐξεγλυμμένῳ
1283 4670 1382 4769 διαμ-
1404 4693 1449 4755 ÷

432 4800 476 4861 -ζ-
497 4787 586 4876 τερές
607 4787 701 4862 ἄλλος
718 4797 858 4862 τοιοῦτος
875 4787 1017 4852 ἐλάττων
1039 4788 1181 4877 ἐγκέοιτο
1206 4787 1382 4876 ἁρμόττων,
1407 4799 1451 4862 ÷

432 4909 476 4969 ÷
499 4893 638 4985 καθάπερ
662 4900 691 4959 οἱ
718 4887 809 4959 κάδοι
842 4900 870 4958 σί
893 4899 933 4971 εἰς
966 4895 1123 4971 ἀλλήλους
1153 4895 1380 4986 άρμοττόντες·
1407 4908 1450 4970 -ζ-

203 5163 226 5236 ¹)
246 5162 316 5220 Cod·
334 5164 414 5236 λέγει·
1004 5165 1028 5238 ³)
1047 5164 1184 5237 Reipubl.
1203 5181 1231 5234 x,
1251 5181 1278 5236 p.
1297 5163 1358 5234 312,
1379 5160 1439 5216 313.
1459 5160 1534 5217 Post
1553 5159 1634 5214 ἑνοιὶῖι
1653 5158 1718 5215 οοᾱ.

202 5255 225 5328 ²)
247 5254 364 5326 Orphic.
385 5256 495 5326 Hymn.
515 5269 580 5321 xlll,
601 5256 632 5310 9:
652 5259 827 5328 ἀγκυλομήτα,
849 5256 914 5330 φέρι·
968 5252 1068 5326 pergit
1086 5255 1159 5324 μέχρι
1179 5258 1220 5306 τοῦ
1240 5254 1333 5310 ἐκείνην
1353 5259 1407 5304 κτλ.

166 5363 207 5396 στι
228 5348 282 5394 κτλ.

309 5467 405 5526 Anah.
424 5437 457 5535 v.¹
472 5469 497 5524 ο.
