4006 6074
266 511 303 566 οε
678 501 854 576 Sententia
864 507 969 594 juxta
987 505 1096 578 animi
1114 507 1266 600 vitaeque
1284 515 1403 581 ιιιοῖιιε.

267 674 415 740 ἀτάκτων
440 673 620 764 ἀντέχεται,
644 676 697 740 καὶ
713 681 744 742 ἑν
762 678 888 753 ἐκείνοις
906 671 1031 746 σπεύδει
1047 680 1199 772 γενέσθαι·
1215 684 1269 748 καὶ
1285 683 1344 775 γάρ
1365 688 1447 750 ἐστιν
1472 687 1503 750 ἐν
1528 688 1632 762 αὐτοῖς
1656 687 1733 752 ὅπου
1759 686 1814 776 μέν

265 783 359 872 λόγος
383 783 436 848 καὶ
460 793 527 860 νοῦς
552 789 593 861 εἰς
617 784 654 849 τὸ
679 786 826 872 φωτεινόν
853 786 986 877 ἀνάγων·
1011 790 1088 854 ὅπου
1113 781 1146 855 δὲ
1167 795 1280 885 ἀλογία
1301 793 1355 856 καὶ
1378 793 1524 882 σώματος
1549 793 1686 884 βαρύτης
1712 798 1753 870 εἰς
1777 795 1815 859 τὸ

266 881 422 967 σκοτωδὲς
444 901 641 957 κατασπῶσαι
665 893 718 957 καί
742 895 888 983 ἔσχατον·
913 895 965 959 καί
989 895 1140 962 συνάπτει
1161 897 1203 961 τά
1220 897 1275 987 μέν
1293 897 1440 980 θεοῖς,τά
1464 890 1497 964 δέ
1521 904 1636 975 ῦλικοῖς
1661 892 1816 990 δαίμοσιν·

267 999 315 1061 ἵνα
339 999 392 1062 καί
417 990 455 1064 δι’
481 1003 584 1064 αὐτῶν
608 993 650 1064 ὧν
681 1003 748 1090 ἔχει
771 1001 894 1080 παθῶν,
919 1001 968 1068 ὑπ’
994 1004 1114 1069 ἐκείνων
1139 998 1336 1095 κολαζόμενοι
1367 1006 1449 1097 φύγῃ
1482 1005 1524 1072 τά
1547 1007 1644 1081 πάθη.
1670 1010 1731 1074 Καὶ
1754 1009 1814 1100 γάρ

225 1133 237 1172 ο
264 1103 439 1196 πάσχοντες
463 1112 514 1173 ὑπ’
541 1111 655 1193 αύτῶν,
681 1119 830 1200 μισοῦμεν
855 1109 897 1175 τά
920 1110 1018 1195 πάθη,
1039 1115 1183 1177 ἀλλὀὐκ
1208 1117 1401 1205 ἐνεργοῦντες
1426 1121 1498 1178 κατ’
1524 1117 1614 1180 αύτά.
1634 1116 1756 1206 Τριττά
1781 1109 1816 1183 δέ

264 1213 313 1302 τά
326 1209 514 1294 κολάζοντα,
531 1218 573 1283 τά
591 1219 645 1309 μέν
663 1219 719 1298 τάς
736 1218 898 1308 ἐπιθυμίας
916 1225 946 1284 ἑν
964 1221 1043 1296 ὅσοις
1061 1232 1171 1311 κρατεῖ
1185 1223 1222 1287 τὸ
1239 1221 1476 1310 ἐπιθυμητικόν·
1493 1221 1535 1286 τά
1553 1213 1586 1287 δέ
1602 1221 1673 1299 τοὺς
1691 1222 1815 1311 θυμοὺς,

265 1325 295 1387 έν
321 1323 402 1399 ὅσοις
418 1325 455 1388 τό
472 1318 641 1414 θυμοειδές·
659 1327 700 1392 τά
716 1320 752 1394 ’δὲ
767 1328 825 1406 τάς
842 1320 1044 1418 διαστρόφους
1062 1319 1164 1407 δόξας,
1182 1335 1212 1394 ὲν
1230 1330 1311 1406 ὅσοις
1328 1339 1439 1420 γνῶσις
1457 1332 1512 1418 μέν
1532 1333 1616 1395 ἐστιν
1641 1321 1812 1410 δοξαστική

264 1456 323 1514 τις,
348 1424 472 1523 ἀμυδρά
496 1425 529 1498 δέ
553 1435 632 1508 αὐτή
652 1438 706 1501 καὶ
722 1439 891 1512 ἐπίκτητος
916 1437 965 1501 ἀεὶ
989 1433 1178 1527 γιγνωμένη,
1196 1436 1249 1502 καὶ
1272 1447 1374 1502 ταῦτα
1397 1437 1504 1502 πάντα
1528 1439 1722 1527 ἑναλλόμενα
1745 1451 1815 1517 ταῖς

264 1537 306 1604 τά
331 1541 424 1628 ὅμοια
447 1541 644 1618 πεπονθυίαις
661 1541 773 1634 ψυχαῖς
791 1545 902 1634 ἐπάγει
919 1543 975 1622 τάς
992 1545 1145 1622 κολάσεις,
1165 1537 1329 1635 μὀνονουχὶ
1347 1544 1468 1630 βσώσης
1485 1557 1543 1622 τῆς
1560 1536 1659 1624 δίκης,
1684 1548 1734 1612 ὅτι
1758 1548 1815 1626 τάς

210 1669 236 1708 ιο
264 1647 307 1714 τά
331 1660 463 1715 τοιαῦτα
487 1645 568 1731 ζωῆς
602 1644 668 1726 εἴδη
703 1655 1010 1744 φιλοφρονησαμένας
1043 1653 1163 1745 ἀνάγκη
1198 1664 1333 1718 συνεῖναι
1356 1664 1421 1729 τοῖς
1449 1657 1583 1744 ὁμοίοις·
1607 1655 1756 1732 συνούσας
1782 1648 1816 1721 δὲ

264 1756 398 1846 πάσχειν
422 1757 472 1823 ὑπ’
499 1763 601 1824 αὐτῶν
619 1760 677 1825 ὅσα
694 1771 758 1837 τοῖς
774 1763 926 1841 τοιούτοις
942 1765 1093 1854 προσήκει
1109 1775 1219 1847 ποιεῖν,
1238 1765 1340 1854 ὥσπερ
1358 1754 1395 1835 δή
1415 1763 1469 1828 καὶ
1485 1763 1541 1841 τάς
1558 1769 1599 1839 εἰς
1623 1764 1660 1829 τό
1685 1764 1816 1842 ἄναντες

264 1865 442 1956 φερομένας·
466 1867 523 1944 τάς
549 1869 603 1959 μέν
628 1868 712 1934 κατά
735 1871 830 1961 λόγον

263 2084 287 2149 f.
312 2086 332 2150 4
355 2084 469 2151 lacuna
496 2088 513 2151 7
536 2110 617 2152 vers.
642 2075 860 2174 δαιμόνων...
886 2086 957 2160 τοὺς
982 2091 1149 2152 τελευτῶν·
1173 2090 1203 2151 ἑν
1230 2084 1312 2173 μέσῳ
1330 2076 1363 2150 δὲ
1380 2085 1500 2151 τούτων
1524 2088 1732 2178 στρεφομένας
1757 2086 1815 2164 τάς

264 2185 382 2278 ψυχάς,
407 2193 479 2256 οὔτε
502 2201 564 2255 τῶν
590 2192 773 2282 ἀκροτάτων
806 2184 977 2282 δυναμένας
1008 2193 1153 2284 γενέσθαί
1183 2217 1262 2258 ποτε
1287 2194 1462 2284 κρείττους,
1487 2197 1558 2260 ούτε
1583 2206 1646 2260 τῶν
1671 2196 1814 2286 ἐσχάτων

210 2317 235 2354 1⁵
263 2300 393 2389 χείρους·
416 2299 544 2364 πάντων
567 2310 630 2364 τῶν
655 2304 686 2365 έν
711 2303 820 2376 αὐταῖς
844 2293 933 2366 εἱδῶν
957 2313 1019 2377 τῆς
1040 2295 1121 2379 ζωῆς
1145 2301 1230 2366 κατά
1255 2302 1379 2390 σχέσιν,
1403 2305 1434 2367 έν
1459 2304 1584 2378 ἐκείνοις
1610 2310 1682 2368 κατ’
1707 2308 1814 2370 οὐσίαν

262 2407 538 2497 προυπαρχόντων,
554 2409 607 2473 καὶ
631 2419 693 2473 τῶν
711 2413 741 2473 ἐν
758 2408 888 2484 ταύταις
904 2409 988 2499 παρά
1005 2409 1104 2498 φύσιν,
1124 2413 1154 2473 ἑν
1172 2412 1296 2487 ἐκείνοις
1314 2411 1398 2476 κατά
1415 2410 1512 2500 φύσιν·
1530 2403 1617 2476 οὐδέν
1634 2412 1695 2503 γάρ
1715 2405 1814 2478 ἀίδιον

264 2513 350 2604 παρά
367 2513 464 2603 φύσιν.
482 2512 639 2588 Ἐκάστην
656 2509 708 2580 οὖν
724 2522 744 2580 6
764 2516 914 2606 ὁμοιότης
931 2517 999 2610 ἄγει
1015 2517 1089 2608 πρὸς
1106 2517 1144 2582 τό
1161 2518 1318 2606 συγγενές·
1335 2518 1394 2592 τήν
1413 2519 1467 2608 μέν
1485 2520 1535 2584 ἐπὶ
1552 2518 1619 2585 θεόν
1636 2525 1652 2584 6
1676 2526 1707 2586 ἑν
1732 2526 1813 2606 αὐτῇ

265 2620 342 2697 θεός·
364 2621 424 2693 τήν
449 2613 483 2687 δέ
506 2623 557 2688 ἐπὶ
581 2633 649 2688 νοῦν
673 2629 689 2687 6
714 2628 745 2688 ἐν
771 2628 850 2712 αύτῇ
877 2636 954 2702 νοῦς·
977 2624 1037 2696 τήν
1063 2616 1096 2690 δέ
1119 2626 1169 2689 ἐπὶ
1188 2625 1284 2716 λόγον
1308 2630 1323 2690 6
1348 2631 1378 2691 έν
1404 2629 1484 2712 αὐτῇ
1509 2628 1612 2720 λόγος·
1633 2629 1687 2692 καὶ
1709 2629 1815 2695 πάντα

264 2731 315 2796 ἐπὶ
338 2732 375 2795 τό
399 2731 593 2822 τεταγμένον
617 2737 637 2806 6
663 2737 694 2799 ἐν
719 2736 825 2810 αὐτοῖς
847 2726 950 2810 τάξις·
972 2733 1027 2796 καὶ
1049 2731 1101 2796 ἐπὶ
1123 2731 1257 2813 τούτοις,
1281 2732 1341 2804 τήν
1367 2732 1421 2821 μέν
1446 2733 1496 2799 ἐπὶ
1518 2734 1613 2823 λόγον
1638 2725 1773 2826 ἀμυδρόν
1790 2733 1813 2819 ¹)

207 2859 235 2897 ιο
264 2843 279 2902 ὅ
303 2842 335 2904 έν
359 2843 456 2924 ἑαυτῇ
481 2839 574 2929 λόγος
599 2838 775 2934 ἀλογωθείς·
799 2839 858 2912 τήν
884 2833 917 2906 δὲ
941 2841 992 2905 ἐπὶ
1007 2841 1044 2904 τό
1063 2831 1329 2930 θυμοειδέστερον,
1348 2845 1363 2905 6
1380 2845 1411 2906 ἐν
1435 2846 1532 2927 ἑαυτῇ
1559 2841 1654 2931 θυμός
1679 2842 1813 2933 ῥωσθείς·

263 2945 323 3017 τήν
341 2937 374 3012 δέ
390 2947 440 3011 ἐπὶ
463 2947 501 3012 τὸ
526 2938 785 3039 φιληδονώτερον,
802 2953 821 3020 6
841 2952 871 3013 έν
888 2952 986 3034 ἑαυτῇ
1005 2945 1153 3034 ἐπιθυμία
1178 2947 1374 3036 κρατήσασα·
1392 2948 1446 3013 καὶ
1461 2948 1566 3013 πάντα
1591 2953 1697 3025 ἁπλῶς
1721 2949 1758 3014 τό
1782 2954 1814 3014 ἐν

266 3057 374 3130 αὑταῖς
399 3054 539 3120 ἄτακτον
563 3056 614 3121 ἐπὶ
638 3057 675 3121 τό
692 3057 797 3146 ὅμοιον
822 3057 876 3120 καὶ
899 3055 958 3130 τήν
976 3049 1117 3134 ἀταξίαν.
1136 3061 1245 3119 Ταῦτα
1262 3055 1316 3142 μὲν
1334 3048 1385 3118 οὖν
1402 3048 1509 3130 λάύοις
1530 3055 1567 3120 ἀν
1591 3058 1626 3120 έκ
1649 3065 1707 3132 τῆς
1731 3056 1816 3122 κατά

264 3163 302 3226 τό
326 3153 446 3228 δίκαιον
469 3163 525 3228 καὶ
542 3155 649 3228 ἄδικον
667 3157 853 3255 διαιρέσεως,
870 3175 932 3230 τῶν
950 3169 990 3240 εἰς
1007 3165 1064 3241 τάς
1081 3157 1411 3258 ἀντικειμέναςλήξεις
1428 3164 1639 3254 πορευομένων
1663 3167 1734 3231 είσω
1758 3177 1814 3230 τοῦ

265 3273 392 3361 ούρανοῦ
409 3270 463 3334 καὶ
479 3272 551 3335 εἴσω
568 3281 626 3348 τῆς
642 3281 709 3361 γῆς.
727 3262 911 3361 Κατίδωμεν
930 3264 1031 3337 δὲκαὶ
1048 3269 1105 3347 τάς
1123 3271 1183 3336 ἀπό
1199 3279 1261 3335 τῶν
1280 3270 1413 3362 σχέσεων
1430 3283 1493 3337 τῶν
1513 3283 1650 3338 τοπικῶν
1668 3262 1814 3364 διαφοράς

209 3395 237 3434 ²⁵
264 3379 299 3456 ἀς
322 3376 513 3469 προσέθηκεν
538 3383 555 3443 6
580 3378 683 3468 μῦθος·
706 3377 763 3456 τάς
787 3381 842 3468 μὲν
866 3379 938 3470 γάρ,
963 3380 1068 3469 φησὶν,
1092 3381 1230 3468 ἔπεμπον
1254 3377 1310 3456 τάς
1335 3381 1503 3470 ἀμεί[νους]

265 3597 289 3664 f.
315 3599 336 3663 4
359 3621 390 3664 v.
414 3597 528 3665 Ιιιουιιο
550 3618 631 3663 νοτε.
656 3597 693 3661 5:
719 3584 818 3673 δεξιόν
847 3596 884 3662 τό
909 3595 971 3661 ἄνω
995 3596 1033 3660 τό
1056 3594 1157 3686 τρέπ.
1172 3645 1198 3658 ..
1222 3593 1392 3670 λοιπάς...
1418 3595 1566 3671 ἀλλήλοις
1590 3595 1627 3660 τὸ
1653 3596 1812 3686 ἀριστερόν

263 3700 351 3766 κάτω
375 3702 411 3766 τδ
428 3699 565 3767 όπισθεν·
581 3699 687 3765 πάντα
703 3691 737 3765 δέ
753 3713 889 3795 συγγενῆ
912 3703 1067 3775 κινήσεσιν
1084 3701 1138 3767 καὶ
1154 3692 1302 3790 δυνάμεσι
1317 3711 1379 3766 τῶν
1398 3710 1530 3791 μερικῶν
1555 3698 1671 3792 ψυχῶν.
1689 3707 1727 3766 Αἱ
1752 3702 1807 3790 μέν

263 3809 324 3901 γάρ
348 3810 420 3874 ὅλαι
444 3806 542 3900 ψυχαί
565 3809 649 3876 κατά
674 3810 788 3876 κύκλον
812 3811 1036 3901 περιάγονται,
1059 3811 1112 3874 καὶ
1134 3809 1204 3901 περὶ
1226 3809 1267 3875 τά
1290 3814 1409 3876 ἑαυτῶν
1441 3810 1554 3900 κέντρα
1577 3822 1734 3876 κινοῦνται
1758 3811 1812 3876 καὶ

262 3918 334 3996 τοὺς
349 3919 473 3998 πόλους·
489 3919 603 4012 κέντρα
617 3912 650 3987 δέ
663 3923 777 4003 αὐτῶν,
794 3925 826 3984 αί
843 3924 874 3984 έν
891 3924 1000 3995 αύταῖς
1016 3907 1156 3994 ἑνοειὸεῖς
1169 3911 1323 4008 ὑπάρξεις,
1339 3917 1408 3983 καθ’
1427 3917 1461 3995 ἀς
1475 3920 1610 4007 μονίμως
1627 3909 1811 4009 ἑδράζονται

208 4039 235 4077 ³⁰
262 4031 293 4093 ἐν
316 4031 453 4104 ἑαυταῖς·
476 4027 568 4094 πόλοι
594 4021 636 4106 δέ,
662 4035 690 4094 οἱ
713 4029 789 4104 νόες,
814 4027 883 4119 περὶ
907 4025 956 4103 οθς
981 4032 1009 4091 οἱ
1032 4025 1141 4092 κύκλοι
1163 4037 1319 4092 κινοῦνται
1343 4035 1461 4105 πασῶν,
1484 4019 1516 4104 ἐξ
1540 4019 1581 4090 ὧν
1606 4018 1814 4118 ἐδημιουργή-

263 4135 372 4208 θησαν·
395 4147 465 4214 ταῖς
490 4130 523 4202 δέ
548 4147 698 4228 μερικαῖς,
717 4143 749 4202 αἱ
766 4136 884 4228 σχέσεις
903 4130 996 4199 αὗται
1012 4135 1066 4199 καὶ
1083 4140 1115 4197 αῖ
1132 4134 1202 4199 κατ’
1221 4134 1317 4210 αύτάς
1335 4135 1549 4224 προσήκουσαι
1573 4135 1716 4210 κινήσεις·
1740 4144 1810 4210 ταῖς

266 4245 322 4335 μὲν
335 4244 421 4311 κατά
437 4252 491 4312 τὸν
508 4249 626 4312 ταὺτοῦ
643 4245 757 4313 κύκλον
775 4243 977 4336 ἑνεργοὸσαις,
992 4249 1010 4317 6
1026 4248 1066 4318 εἰς
1086 4233 1173 4320 δεξιά
1189 4243 1317 4318 κίνησις·
1330 4253 1398 4316 ταῖς
1413 4234 1455 4318 δὲ,
1472 4241 1555 4307 κατά
1569 4243 1623 4306 τὸν
1638 4241 1765 4332 θάτερον
1775 4241 1812 4326 ²),

263 4345 359 4428 δῆλον
384 4360 424 4430 ὡς
447 4361 466 4429 ή
491 4361 532 4432 εἰς
557 4355 713 4447 ἀριστερά·
737 4353 791 4419 καί
814 4364 884 4430 ταῖς
909 4351 964 4439 μέν
988 4356 1029 4427 εἰς
1053 4361 1121 4415 νοῦν
1139 4348 1445 4441 έπιστρεφομέναιςή
1471 4349 1521 4414 ἐπὶ
1544 4349 1581 4414 τό
1606 4349 1669 4414 ἄνω
1692 4351 1811 4440 πορεία·

262 4471 332 4537 ταῖς
356 4452 406 4538 δέ,
429 4467 470 4537 εἰς
493 4462 535 4528 τά
557 4462 642 4536 πάθη
669 4460 948 4553 καταρρεποόσαις,
972 4463 992 4532 6
1017 4462 1058 4533 εἰς
1082 4459 1119 4522 τὸ
1145 4456 1232 4522 κάτω
1255 4465 1382 4532 πτῶσις·
1400 4455 1454 4520 καὶ
1477 4466 1545 4531 ταῖς
1570 4455 1624 4544 μὲν
1649 4447 1811 4538 εἰδυίαιςῧ)

209 4577 235 4614 ³⁵
262 4567 387 4650 ἑαυτάς,
412 4569 465 4632 καὶ
488 4579 556 4646 ταῖς
574 4562 625 4634 διά
642 4570 786 4662 γνώσεως
802 4567 994 4655 κινουμέναις
1011 4573 1031 4640 6
1049 4577 1104 4630 τοῦ
1121 4565 1251 4655 πρόσθεν
1276 4566 1390 4655 σχέσις·
1407 4576 1476 4642 ταῖς
1494 4556 1527 4631 δὲ
1551 4563 1733 4654 ἀγνοούσαις
1758 4564 1812 4627 καὶ

263 4681 305 4753 εἰς
329 4676 457 4767 ἄγνοιαν
467 4675 492 4760 ⁴)
516 4677 714 4759 πίπτούσαις,
739 4683 758 4750 6
784 4686 839 4740 τοῦ
863 4673 995 4739 ὄπισθεν·
1019 4672 1189 4763 ἔμπροσθεν
1214 4673 1275 4763 γάρ
1299 4678 1383 4737 ἐστιν
1408 4677 1453 4762 ἐφ’
1479 4673 1495 4737 ὅ
1519 4679 1551 4737 αἱ
1575 4671 1741 4748 αἰσθήσεις·
1764 4662 1812 4737 διδ

262 4785 404 4877 γνωστόν
428 4784 465 4847 τό
488 4783 593 4874 πρόσω
616 4795 685 4859 ταῖς
711 4784 898 4857 αἰσθήσεσιν·
922 4783 1058 4870 ἔμπαλιν
1076 4772 1109 4846 δέ
1125 4779 1250 4845 ὄπισθεν
1268 4781 1305 4845 τό
1326 4791 1388 4844 τῶν
1407 4778 1579 4854 αἰσθήσεων
1604 4779 1811 4869 ἀπόστροφον·

263 4885 310 4957 διδ
335 4890 479 4980 συνθημά
503 4894 586 4956 ἐστιν
611 4892 737 4981 ἀγνοίας
761 4901 819 4966 τῆς
842 4893 981 4974 ἑαυτῶν,
1006 4888 1059 4953 καὶ
1083 4899 1145 4954 τῶν
1169 4893 1200 4953 ὲν
1224 4894 1300 4978 ήμῖν
1324 4887 1448 4953 παθῶν·
1474 4889 1527 4952 καὶ
1550 4897 1616 4964 νοῦς
1641 4887 1695 4975 μὲν
1719 4891 1810 4976 ήμῶν

300 5157 322 5228 ¹)
341 5157 411 5215 cod.
431 5157 537 5216 inserit
556 5159 619 5226 ηπ,
640 5124 762 5216 ωιέιο
776 5157 873 5216 tribus
891 5157 1009 5231 punctis
1100 5157 1123 5228 ν)
1142 5157 1186 5214 ιι.
1206 5159 1314 5218 ιιιιως.

263 5245 322 5302 atri
340 5247 455 5304 calculi.
1098 5250 1121 5322 ⁴)
1140 5249 1177 5304 In
1195 5263 1288 5319 marg.
1308 5267 1347 5320 γρ.
1367 5243 1399 5299 δι’
1418 5249 1528 5320 ἄγνοιαν.

301 5337 324 5409 ²)
343 5336 413 5394 Cod.
432 5337 453 5391 θ’
472 5357 571 5409 αταρου.
