4022 6072
876 481 1024 555 Sanctus
1043 481 1198 555 Baailius

482 898 512 940 v.
537 877 590 941 36.
616 869 785 961 Eburpclea
808 872 863 938 τὸν
889 873 1042 962 βραχίονα
1066 882 1121 936 τοῦ
1146 875 1333 962 ἀμαρτωλοῦ
1358 874 1411 938 καί
1433 887 1577 966 πονηροῦ.

668 981 801 1049 Cauterc
825 983 988 1048 brachium
1005 984 1182 1064 peccatoris
1205 989 1235 1049 et
1256 985 1403 1068 caralippi.

305 1197 433 1288 Ἑτέρως
459 1189 491 1262 δὲ
516 1189 755 1284 συντριίίήσεται
781 1205 836 1260 τοῦ
861 1200 1006 1285 ἁμαρτω·
1104 1197 1209 1264 Aliter
1222 1192 1260 1283 ¹),
1284 1201 1461 1283 peccatoria
1484 1205 1669 1267 conteretur
1691 1203 1801 1270 efficax

258 1312 314 1373 λοῦ
331 1313 351 1380 ἡ
369 1305 529 1396 πρακτικὴ
548 1315 605 1382 τῆς
622 1305 778 1394 ἁμαρτίας
795 1296 935 1394 δύναμις,
952 1305 1006 1369 καί
1057 1305 1205 1390 patrandi
1227 1308 1350 1390 peccati
1374 1307 1521 1388 facultas,
1537 1330 1639 1392 neque
1662 1310 1800 1394 amplius

258 1421 292 1482 οὐ
311 1417 353 1505 μὴ
380 1414 500 1504 εὑρέθη.
525 1423 673 1480 Τοιοῦτον
690 1415 738 1480 τό·
764 1418 928 1480 ἀποκτενῶ
951 1415 1005 1478 καί
1056 1413 1186 1480 inventa
1209 1419 1268 1480 est.
1289 1414 1367 1480 Tale
1383 1416 1486 1482 istud:
1513 1415 1688 1482 “Occidam
1705 1421 1737 1482 ct
1753 1417 1801 1484 vi·

257 1519 314 1604 ζῆν
345 1527 483 1598 ποίησω·
515 1524 693 1589 ἀποκτείνει
723 1522 783 1615 γάρ
814 1524 870 1587 τὸν
901 1531 1004 1597 κακῶς
1056 1543 1130 1586 vere
1146 1521 1261 1587 faciam
1279 1521 1441 1602 „Occidit
1456 1524 1540 1589 enim
1557 1546 1629 1590 eum
1645 1524 1699 1608 qui
1717 1525 1799 1590 male

257 1625 371 1710 ζῶντα,
396 1633 445 1695 ίνα
470 1630 553 1720 μετὰ
569 1630 629 1704 τὴν
646 1631 796 1722 κάθαρσιν
820 1640 879 1705 τῆς
901 1631 1004 1719 χείρο·
1056 1629 1144 1710 vivit,
1156 1632 1194 1694 ut
1207 1629 1376 1714 purificata
1387 1632 1495 1715 pejore
1507 1632 1583 1712 vita,
1596 1654 1710 1698 novam
1723 1653 1798 1718 gra-

257 1763 305 1814 νος
330 1733 411 1818 ζωῆς
441 1737 502 1808 τὴν
531 1737 643 1809 καινὴν
675 1739 858 1828 χαρίσηται.
883 1737 917 1801 Ἡ
949 1730 1002 1800 οὖν
1055 1737 1132 1803 tiam
1157 1738 1310 1804 obtineat.
1335 1737 1506 1806 Peccatum
1528 1740 1631 1826 igitur
1643 1743 1712 1826 jam
1735 1763 1799 1807 non

257 1851 394 1939 ἁμαρτία
418 1848 486 1915 ἐστὶ
510 1848 565 1936 μὲν
591 1843 758 1930 οὐδέποτε,
782 1839 853 1929 οὐδὲ
883 1851 914 1912 ἑν
941 1837 1003 1929 ἰδίᾳ
1054 1852 1113 1928 eet,
1137 1869 1241 1933 neque
1264 1849 1332 1933 ejus
1355 1849 1535 1914 substantia
1558 1850 1746 1934 concipitur.
1761 1851 1798 1915 In

255 1957 427 2022 ὑποστάσει
440 1949 735 2045 καταλαμῧάνεται.
746 1955 797 2018 Ἐν
809 1946 843 2021 δὲ
853 1964 917 2029 τοῖς
929 1945 1004 2043 δρῶ-
1054 1955 1104 2020 his
1127 1955 1182 2039 qui
1206 1959 1351 2039 peceant,
1368 1954 1423 2020 aed
1439 1955 1576 2020 maxime
1588 1955 1621 2020 in
1637 1955 1701 2022 illia
1717 1979 1799 2041 quae

256 2087 303 2127 σιν
321 2063 432 2145 αὐτὴν,
450 2067 570 2151 μᾶλλον
587 2053 622 2127 δὲ
637 2066 668 2128 ἐν
686 2073 749 2138 τοῖς
767 2054 932 2152 δρωμένοις
949 2084 1004 2125 κα·
1055 2067 1239 2147 peccantur,
1253 2067 1427 2143 evanescet,
1444 2062 1548 2129 locum
1565 2063 1666 2128 bonae
1682 2064 1799 2130 actioni

255 2181 327 2254 κῶς,
342 2168 502 2260 ἀπολείψει
519 2182 575 2235 τοῦ
588 2176 685 2237 καλοῦ
700 2171 757 2242 τὴν
771 2163 899 2260 ὕπαρξιν
915 2171 1003 2258 ἔχου-
1053 2173 1176 2252 cedens,
1199 2193 1259 2238 nec
1282 2171 1349 2236 siue
1372 2172 1495 2238 ratione
1511 2168 1537 2258 ²)
1553 2173 1726 2240 ementitur
1742 2195 1799 2258 ap·

256 2305 307 2361 σα,
333 2279 461 2356 εἰκότως
484 2288 641 2344 τυποῦται
659 2289 724 2355 τοῖς
749 2269 924 2364 ἀδικήμασι
946 2299 1002 2341 πε·
1052 2278 1230 2362 parentiam
1254 2277 1472 2363 iniquitatum,
1497 2279 1799 2368 tumquemaligno·

253 2387 429 2476 παρμένων,
455 2386 509 2451 καὶ
526 2395 588 2452 τῶν
604 2395 747 2476 πονηρῶν
769 2379 921 2476 πράξεων,
947 2384 1001 2448 καί
1053 2407 1124 2450 rum
1140 2388 1279 2463 actuum,
1295 2389 1364 2450 tum
1382 2383 1522 2450 malitiae
1538 2387 1718 2470 praesentia
1734 2387 1798 2453 tol·

252 2488 414 2584 ήῦπαρξις
427 2505 485 2570 τῆς
498 2495 646 2584 πονηρίας
664 2486 931 2582 σοναφαινίζεταν
943 2483 1001 2570 Kb·
1051 2491 1140 2559 litua.
1167 2497 1180 2527 ⁸
1202 2493 1390 2574 Quaeretur,
1406 2493 1521 2578 inquit,
1539 2504 1704 2579 peecatum
1728 2498 1796 2581 ejus
1869 2493 1874 2501 ’

250 2601 428 2674 τηάήσεται
441 2600 512 2693 γάρ,
525 2599 814 2690 ρησίν,ἠάμαρτία
828 2602 934 2676 αὑτοῦ,
948 2599 1002 2662 καί
1058 2622 1161 2685 neque
1193 2600 1358 2666 inventum
1390 2596 1663 2682 est,³),etiamai
1696 2625 1799 2688 poena

255 2714 289 2774 οὐ
315 2710 358 2799 μὴ
384 2708 501 2799 εὑρέθη,
516 2709 574 2773 κάν
599 2709 689 2780 cccl
705 2718 770 2782 τοῖς
795 2707 1001 2796 ἁμαρτήμασι
1056 2730 1117 2792 pro
1142 2708 1267 2774 delictis
1290 2708 1462 2774 distributa
1485 2709 1652 2793 contingat
1675 2709 1797 2792 iisdem,

252 2820 387 2908 τιμωρία
410 2817 641 2908 τεταμιευμένη
664 2816 747 2904 τύχῃ
766 2827 832 2891 τοῖς
856 2815 1001 2904 ἀμαρτή-
1055 2839 1156 2901 neque
1173 2817 1316 2882 solvatur
1337 2817 1529 2901 injustorum
1551 2817 1714 2883 hominum
1731 2839 1798 2884 cas·

253 2946 341 3010 μαοι,
355 2924 408 2988 καί
425 2923 540 3002 ἄλυπος
557 2931 576 2997 ἠ
595 2924 646 2990 ἐπὶ
663 2933 728 2999 τοῖς
753 2913 924 2994 ἀδικήκασι
948 2920 1000 2984 ab·
1054 2923 1181 3008 tigatio.

251 3032 353 3126 ὶιασις.

893 3349 1091 3419 psalmus
1115 3353 1155 3422 X.

532 3592 563 3636 v.
588 3570 619 3634 4.
644 3574 682 3633 Ol
705 3563 861 3656 ὀφθαλμοί
885 3567 979 3632 αὐτοῦ
1004 3570 1045 3642 εἰς
1069 3565 1123 3631 rba
1147 3564 1271 3638 actiaca
1293 3557 1517 3646 acottlaoccr,

558 3673 600 3740 τά
619 3673 758 3764 βλέφαρα
776 3679 870 3740 αὑτοῦ
888 3667 1028 3752 ἐξετάζει
1044 3673 1115 3750 τοὺς
1131 3671 1212 3748 υίοίις
1229 3681 1291 3738 τῶν
1308 3670 1488 3761 ἀνθρώπων.

297 3785 389 3852 Oculi
411 3787 480 3872 rjus
503 3787 539 3852 iu
557 3805 733 3868 perciperem
756 3785 943 3868 respiciunt,
964 3786 1137 3870 palpebrae
1160 3784 1231 3869 ejus
1255 3785 1454 3867 iuterropcat
1473 3782 1562 3866 (ilica
1578 3783 1751 3850 bominum.

294 3995 496 4086 Ὀφθαλμοὺς
520 3989 629 4067 δὲτὴν
650 3995 849 4086 εὐεργετικὴν
874 3999 999 4061 tarcac-
1097 3997 1134 4064 In
1157 3995 1257 4092 oculis
1280 3997 1439 4084 signifieat
1462 3998 1636 4064 beneficam
1659 3997 1796 4084 vigilan·

249 4105 313 4180 τὴν
330 4096 432 4183 δηλοῖ,
451 4105 593 4195 βλέφαρα
617 4097 651 4170 bl
674 4105 733 4176 τὴν
755 4104 898 4194 κριτικὴν
921 4105 998 4194 πρί-
1051 4107 1141 4188 tiam,
1158 4107 1191 4173 ia
1207 4107 1370 4192 palpebris
1393 4106 1558 4192 providem
1574 4104 1689 4191 judicie
1706 4129 1797 4172 meu·

250 4237 336 4278 νοιαν
353 4212 486 4276 καὶτῶν
503 4210 700 4302 πραγμάτων
717 4205 897 4290 ἒξαστικήν.
922 4217 999 4300 Ὀφ·
1051 4219 1115 4282 tem
1140 4221 1173 4283 et
1196 4237 1301 4282 rerum
1319 4237 1462 4282 examen.
1478 4214 1540 4281 Per
1563 4213 1671 4281 oculos
1693 4215 1796 4300 igitur

251 4319 381 4408 eulpam
407 4319 462 4408 μὲν
487 4313 538 4384 οὖν
565 4319 675 4403 βλέπει
699 4320 754 4384 τὀν
777 4319 912 4400 πένητα,
936 4318 995 4389 τὴν
1035 4325 1181 4416 ⁸rcapicit
1202 4347 1388 4412 pauperem,
1412 4326 1488 4390 dum
1510 4323 1665 4390 beneficia
1694 4323 1796 4410 largi-

252 4430 429 4520 εὐεργεσίαν
461 4429 662 4516 ποιούμενος·
698 4427 861 4517 βλεφάροις
892 4418 926 4493 δὲ
954 4427 996 4492 τά
1049 4438 1113 4500 tur.
1136 4433 1175 4499 In
1197 4433 1362 4519 palpebris
1385 4437 1511 4498 nostros
1546 4432 1669 4498 excutit
1692 4437 1794 4514 aetus,

250 4532 319 4598 καθ’
337 4539 421 4621 ἡμᾶς
439 4526 587 4616 ἐξετάζει,
601 4532 671 4598 ἀλλ’
689 4537 744 4598 οὐκ
761 4533 996 4623 caturcorum
1048 4561 1113 4606 aon
1133 4541 1200 4624 jam
1223 4539 1333 4620 oculis,
1357 4561 1393 4606 ac
1418 4538 1444 4606 ai
1466 4561 1529 4605 non
1553 4539 1660 4606 omnia
1686 4539 1778 4605 obser

248 4639 285 4706 ἀν
304 4639 346 4730 μὴ
372 4639 648 4731 παρατηρούμενοι
665 4640 770 4704 πάντα
791 4639 833 4706 τά
852 4642 996 4731 ecapi-
1048 4650 1139 4712 varet
1161 4649 1311 4731 peccata;
1328 4646 1360 4711 id
1383 4645 1467 4730 quod
1482 4646 1627 4712 homines
1642 4667 1705 4710 uon
1729 4643 1794 4709 fcr-

249 4773 348 4838 paaa‚
371 4759 465 4814 τοῦτο
490 4745 660 4838 ἀνθρώποις
681 4748 847 4840 ἀφόρητον.
1049 4757 1130 4820 rent.

284 4996 307 5070 ¹)
319 4999 398 5056 Nota
411 4996 641 5072 disjunctionem
651 4996 777 5056 alteriue
787 4997 901 5069 acholii,
915 4997 995 5072 quod
1085 4999 1107 5072 ²)
1126 4999 1224 5054 Locus
1243 5001 1409 5070 corruptae.

247 5103 353 5145 veram
372 5093 403 5146 et
420 5087 564 5146 fusiorem
583 5087 828 5146 commentarium
846 5087 953 5146 innuit.
1084 5087 1107 5161 ³)
1126 5088 1175 5145 Ps.
1193 5105 1223 5158 x,
1247 5087 1289 5142 15.
