4008 6068
229 695 313 769 έκιίνιρ
332 699 404 771 λόγος

230 883 264 935 πῆ
284 884 328 949 μέν
347 880 408 951 λέγῃ

228 973 279 1025 έοδί
295 972 387 1040 μιλέτη
399 974 432 1024 τί.
447 971 495 1028 Sic
505 971 539 1031 Τ,

192 1058 246 1114 001.
264 1060 289 1114 4.
303 1067 423 1114 κοινωνεῖν
438 1067 488 1123 τοῖς
501 1083 538 1115 νι-

263 1148 379 1218 νομίνοις,
399 1147 442 1204 οἱα
460 1147 493 1203 Τ.

770 531 808 602 in
836 531 948 602 codice
973 531 1155 604 darnuensi.

1704 543 1740 598 49

596 700 650 756 001.
675 701 729 756 905
745 701 780 756 A.
805 702 901 755 ίκιίιων
928 703 939 752 ὅ
993 697 1048 754 001.
1060 699 1086 757 4.
1100 701 1165 768 μένιι
1178 708 1227 774 γὰρ
1247 707 1273 755 τὸ
1294 707 1341 756 σῶν
1394 703 1427 761 B.
1448 705 1513 775 μένιι
1535 712 1584 777 γάρ
1608 710 1634 758 τὸ
1657 708 1741 777 σῶμα,

667 796 748 865 λόγος.

568 899 570 904 ·
628 888 664 940 πῆ
684 887 727 952 μέν
746 883 820 956 λέγοι.

630 977 662 1043 τῇ
680 978 704 1026 δί
725 976 816 1044 μελέτῃ
836 976 872 1027 τά.

628 1068 749 1115 κοινωνεῖν
772 1069 822 1122 τοῖς
845 1067 939 1134 άκροω-

666 1150 754 1219 μένοις.
797 1199 802 1208 ,

191 1233 241 1290 fol.
260 1235 286 1305 3,
306 1236 360 1291 001.
381 1237 405 1291 1.
425 1243 468 1289 καί
490 1238 540 1290 ένια
595 1235 625 1293 C.
639 1239 689 1290 ἔνια
703 1242 746 1308 μὶν
761 1239 835 1305 οὔπω,
849 1239 900 1291 ίνια
913 1243 938 1291 δέ

262 1329 305 1397 μέν
317 1327 388 1393 οὕτω,
399 1327 450 1380 ένια
461 1331 486 1378 δέ
497 1328 535 1379 οὗ·

262 1434 296 1466 τω
305 1414 535 1488 πέφυκι,ιλδοολλ],

262 1505 332 1563 edit.
351 1508 465 1564 Patrol.

226 1598 304 1668 τούτῳ
325 1597 405 1650 αὐτῶν
420 1599 517 1670 ὀλίγος

188 1687 243 1746 001.
262 1689 286 1742 2.
306 1691 404 1758 μήποτι
427 1689 535 1759 ῥαθυμί-

260 1798 321 1830 σωσι
345 1777 377 1831 δι’
403 1779 535 1848 άμέλειαν·

258 1875 346 1924 Πολλά
358 1876 407 1942 γάρ
422 1871 470 1925 θθη
486 1872 532 1921 τῶν

259 1959 291 2018 ιίς
303 1959 459 2028 σωφροσύνην
470 1977 533 2029 γνωῚ

259 2047 388 2118 ροζομένων
409 2051 531 2116 σωμάτων

257 2138 340 2207 ἠρίον,
360 2135 403 2192 σία
421 2135 454 2192 Τ.

185 2226 240 2282 001.
250 2228 276 2282 3.
288 2230 401 2300 φαίνεται
416 2231 531 2299 μεθόριον,

257 2321 292 2372 ut
311 2316 387 2389 conj.
407 2315 452 2376 ed.

221 2407 270 2457 τῶν
290 2406 471 2478 πεπραγμένων
487 2407 530 2476 έχῃ

184 2493 240 2554 001,
258 2496 284 2550 4.
298 2497 358 2565 ὑπέρ
378 2516 403 2548 τε
420 2497 531 2549 ὅκουσίαν

255 2585 364 2655 κρίνεται

182 2671 233 2730 fol.
253 2675 278 2744 4,
299 2673 353 2730 001.
368 2676 392 2729 1.
413 2678 451 2727 ῖνα
471 2681 530 2746 πρὸς

255 2768 371 2835 άριτθνῆ
387 2770 481 2819 διάνοια
495 2768 530 2838 ῥέ-

254 2875 335 2910 πουσα
353 2863 396 2909 καί
409 2860 437 2909 το
455 2859 529 2925 σῶμα

253 2950 312 3017 πρὸς
333 2947 422 3017 άριτθν
435 2946 527 3018 έφίλκῃ

182 3037 237 3092 001.
258 3036 284 3092 2.
299 3039 331 3097 ιίς
346 3039 440 3098 ζῶντας
459 3037 529 3092 ηλιθ·

252 3132 318 3198 θιρον
341 3131 381 3180 τὸν
408 3130 527 3181 τιθνιῶτα

253 3217 347 3286 ἔπεμψε

217 3307 333 3376 σώματος
353 3311 401 3377 γάρ
422 3300 451 3360 ἦν
471 3311 529 3357 σκιά

253 3401 296 3448 καί
315 3395 489 3466 ῖφαπλουμίνη

217 3487 289 3545 οὔσης
300 3488 346 3546 τοῖς
355 3487 529 3544 ἀποδεικτικῆς

180 3574 235 3630 001.
255 3573 282 3632 3,
300 3575 402 3626 λέλυται
415 3579 530 3645 θρυλλου-

251 3666 312 3734 μένη

214 3759 228 3811 θ.
254 3763 309 3827 περὶ
337 3759 380 3809 τοῦ
407 3756 523 3825 νεωτέρου

249 3849 264 3904 ἦ
284 3849 337 3898 υίοῦ
360 3851 428 3916 παρά
449 3847 523 3915 πατρί

178 3935 232 3991 001.
252 3935 277 3991 4.
291 3937 429 3995 πολυτιλθς
442 3953 524 4007 γιγνο-

249 4026 310 4096 μένη

175 4115 228 4172 fol.
247 4115 272 4184 5,
291 4114 346 4171 001.
360 4114 384 4167 1.
399 4117 521 4184 προιλθῶν

248 4205 332 4276 ιυλιο
353 4202 417 4274 ὧροι

212 4296 261 4367 ίγῶ
282 4299 323 4348 διά
343 4297 421 4347 τοῦτο.

213 4385 304 4454 μηκέτι
323 4383 466 4454 σφαλέντων

209 4481 243 4527 τά
253 4479 335 4526 πολλά
346 4473 466 4544 έσφάλθαι
477 4479 519 4526 καί

246 4568 274 4616 τὸ
288 4562 378 4632 μηκέτι
392 4563 519 4632 ἐσφάλθαι,

247 4653 266 4704 οἱ

208 4746 342 4812 σφαλέντες

174 4831 229 4888 001.
247 4833 273 4888 2.
293 4837 320 4884 τὸ
338 4834 458 4902 άσφαλῶς
480 4831 520 4895 βο-

244 4917 359 4973 Ειωκέναι

173 5010 227 5066 001.
246 5009 271 5066 8.
291 5015 334 5062 τοῦ
353 5010 466 5082 ίναρίτου

207 5190 342 5244 ῖστηκινθ.
364 5191 468 5242 ἑκάστου

662 1329 732 1382 οὕτω.

626 1600 704 1669 τούτῳ
726 1602 737 1651 ὁ
755 1601 828 1672 λόγος
848 1599 935 1652 αὐτῶν.

577 1687 625 1744 ⁴D.
651 1692 748 1759 μήποτι
778 1687 935 1760 ῥαθυμοίσωσι

663 1817 703 1832 ...
717 1777 837 1851 (lacuna
858 1778 935 1854 edd.)

658 1869 739 1941 ἦρέθη.

587 2228 641 2286 001.
655 2228 708 2284 908
718 2229 751 2284 Β.
766 2231 879 2300 φαίνεται
892 2249 935 2298 μι·

659 2319 745 2371 θέδιον.

588 2409 636 2458 τῶν
656 2410 813 2478 πραγμάτων
833 2410 886 2482 ἔχῃ.

587 2495 618 2552 O.
631 2496 691 2566 ὑπέρ
706 2516 731 2548 τε
749 2499 798 2547 τῶν
818 2499 931 2551 ἑκουσίων

656 2587 770 2654 κρίνεται

585 2675 640 2732 001.
659 2675 713 2730 909
722 2675 759 2730 A.
781 2678 819 2727 ένα
837 2679 852 2732 ἢ
879 2679 932 2728 διά-

656 2785 709 2818 νοια
724 2767 829 2837 ῥέπουσα
843 2787 865 2818 κ.
877 2787 898 2819 τ.
909 2788 930 2819 σ.

655 2861 714 2928 προς
732 2859 770 2927 άρ.
784 2858 822 2928 ίφ.

580 3035 613 3089 Β.
628 3037 660 3096 ιὶς
676 3038 768 3098 ζῶντας
780 3036 873 3106 ίπιμρι
890 3041 930 3090 τδν

653 3129 781 3180 τιθνεῶτα.

619 3305 735 3376 σώματος
746 3312 795 3378 γάρ
805 3303 833 3363 ἧν
844 3309 859 3363 ἢ
871 3313 929 3359 σκιά

656 3401 698 3446 καί
719 3393 900 3465 ίφαπτουμένη.

620 3485 691 3558 οὖρος
712 3488 784 3536 απυδ.

585 3572 616 3631 Ο,
635 3575 736 3626 λιλυται
753 3577 769 3628 A
789 3578 871 3645 θρυλλ.

613 3757 628 3812 ἢ
649 3759 691 3809 τοῦ
710 3761 765 3828 περὶ
782 3777 849 3810 νιωτ.
869 3779 889 3811 υ.
910 3762 925 3816 ᾗ

650 3865 675 3896 π.
695 3865 722 3898 π.

577 3934 631 3991 001.
658 3936 712 3990 912
724 3935 760 3990 A.
787 3939 924 4000 πολυτιλὴς

650 4027 776 4098 γενομένη.

575 4113 610 4170 Β.
629 4119 757 4186 παρελθὼν
776 4137 803 4187 μ.
825 4117 852 4168 ὦ.

613 4296 671 4367 ἐγὼ,
692 4298 758 4348 άλλδ
777 4299 818 4348 διὰ
829 4317 851 4348 τ.

614 4403 674 4453 μηκ.
695 4385 848 4454 σφαλιιίτωι.

575 4473 605 4532 0.
629 4480 660 4526 τά
686 4480 768 4527 πολλά
794 4476 922 4547 ίσφάλθαι,

647 4582 674 4614 ει.

612 4741 756 4810 σφαλιύτις.

611 4835 637 4884 τὸ
659 4834 768 4902 ἀσφαλές
790 4829 841 4896 βὸ.

574 5011 629 5068 001.
649 5010 702 5066 913
712 5012 748 5067 A.
762 5015 803 5064 τοῦ
824 5013 922 5082 ιῦαρέσ-

647 5123 696 5154 του.

611 5191 669 5245 ἔστη
690 5194 734 5260 μὲν
753 5193 768 5246 θ.
789 5193 900 5243 ἑκάστου.

762 5375 796 5382 ...-...
834 5375 953 5382 ---.-.

312 5493 407 5550 Anat..
427 5505 454 5562 v,
474 5493 524 5549 fol.
543 5510 584 5550 ιν.

1065 809 1111 859 μα,
1120 793 1194 860 σῶμα
1205 793 1248 859 οὐχ
1259 793 1338 863 ίτίρον

992 875 1043 932 fol.
1062 878 1079 934 5
1098 877 1151 948 bis,
1166 879 1219 935 ool.
1234 882 1259 936 1.
1273 886 1299 934 το
1314 885 1339 934 οι

1064 968 1139 1036 σῶμα
1167 968 1341 1038 ἐκδιδιητημέ·

1063 1074 1110 1121 νον,
1131 1054 1182 1111 sio.
1196 1056 1280 1114 Turr.
1294 1057 1337 1116 vi-

1063 1143 1151 1201 detur
1163 1147 1275 1218 legisse
1288 1149 1337 1203 ἐοι-

1063 1238 1109 1288 δίιι
1128 1240 1233 1308 τήμερον

1028 1323 1053 1374 οὗ
1064 1325 1179 1394 σώματος
1192 1330 1207 1384 η
1220 1329 1336 1400 ῥᾳθυμία,

1064 1415 1083 1465 οἱ
1103 1417 1128 1466 δέ
1149 1420 1198 1475 τοῖς

1028 1503 1143 1574 γλώττης
1156 1501 1185 1560 ἦν
1204 1511 1296 1573 λαλεῖν,
1311 1507 1337 1559 οὐ

1062 1596 1115 1654 πῶς
1135 1599 1228 1662 λαλεῖν,
1241 1598 1256 1651 ÷.
1269 1601 1319 1667 γάρ

1025 1681 1111 1738 θιὶαίο
1133 1683 1216 1751 βλέρις

989 1771 1043 1826 001.
1056 1771 1082 1828 2.
1096 1773 1140 1830 τὴν
1154 1773 1241 1844 πρᾶξιν
1256 1781 1336 1846 μιμιῖ-

1062 1883 1103 1916 ται

1024 1957 1066 2014 ττῖς
1087 1955 1228 2023 ι’πιμιλιίας

1024 2048 1143 2104 πολλάκις
1157 2049 1182 2097 δὲ
1195 2047 1319 2102 λέλυνται.

987 2133 1041 2189 001.
1060 2133 1086 2188 3.
1107 2141 1150 2186 καί
1164 2137 1186 2186 οί
1200 2134 1227 2188 έκ
1247 2139 1335 2208 φρονή-

1059 2243 1118 2283 σιως

988 2339 992 2346 ·
1023 2311 1065 2362 οὐκ
1085 2311 1135 2378 έχιι
1154 2315 1165 2365 δ
1185 2311 1249 2385 οὗρις

986 2401 1040 2456 001.
1059 2401 1085 2456 4.
1105 2403 1192 2472 πρᾶξιν
1208 2407 1232 2456 δί
1246 2408 1336 2472 wad.

1058 2511 1115 2548 Τθῖί

1021 2582 1048 2634 ίκ
1068 2583 1115 2633 τῶν
1135 2587 1253 2652 μαθητῶν

985 2667 1072 2741 1016,
1087 2671 1141 2726 001.
1156 2675 1181 2727 l.
1197 2679 1256 2745 προς
1276 2697 1333 2728 παι·

1056 2763 1171 2833 διυτήρια

1021 2849 1109 2906 ἑαυτὴν
1129 2853 1270 2924 διιγιίρασα

1020 2942 1194 3012 διανισταμίνη

1022 3033 1042 3083 οἱ
1064 3034 1225 3103 διεγείραντος

984 3118 1036 3172 001
1057 3120 1083 3174 2.
1103 3128 1145 3174 καί
1163 3127 1221 3174 ποτέ
1236 3127 1330 3193 σεμνῶν

983 3207 1036 3262 001.
1056 3209 1081 3263 3.
1102 3214 1205 3263 τοιοῦτοι
1224 3213 1250 3265 ίκ
1269 3217 1313 3273 τῆς

1019 3301 1055 3350 ὅτι
1075 3304 1134 3352 ποτὲ
1155 3303 1235 3362 άλιιύς

1018 3393 1166 3460 πράγματος
1187 3391 1310 3461 έπιτιμίας

981 3475 1031 3530 sol.
1051 3478 1076 3548 7,
1097 3477 1152 3533 001.
1172 3479 1196 3532 1.
1216 3499 1332 3551 προιιρη-

1053 3568 1126 3636 μένου

1018 3657 1164 3730 φθέγγομεν,
1183 3661 1223 3710 τὸν
1235 3625 1327 3712 Ιδοῦλον

1016 3753 1056 3800 τίν
1078 3750 1167 3819 ΙΙέτρον
1182 3751 1328 3821 προκικέμι-

1052 3857 1085 3888 κα

1016 3927 1238 3998 διποτετελισμένον

979 4016 1032 4071 001.
1052 4017 1082 4072 2.·
1099 4019 1317 4089 άποταμιουόμιθα

978 4106 1037 4162 001.,
1052 4106 1077 4162 3.
1091 4108 1236 4170 ἐξαπιναίως
1249 4109 1281 4162 δι’
1295 4113 1326 4162 ά-

1050 4200 1149 4270 μέλιιαν

1013 4293 1046 4340 τά
1065 4291 1113 4341 τῶν
1132 4293 1216 4342 κακῶν
1236 4291 1324 4344 πταίει

1049 4399 1119 4449 ματα

1011 4471 1157 4536 λελάληται,
1169 4465 1324 4526 έκθιὸληκα-

1048 4576 1071 4608 σι
1084 4564 1132 4628 γάρ
1148 4559 1191 4615 τὴν
1205 4557 1321 4616 διαάολὴν

975 4646 1030 4702 001.
1050 4646 1075 4702 4.
1099 4647 1143 4718 ἄρ’
1168 4646 1201 4701 ὧν
1224 4656 1322 4722 φιλολο·

1046 4740 1110 4810 γῶσι

974 4827 1024 4885 fol.
1043 4831 1069 4900 8,
1089 4831 1142 4886 001.
1162 4832 1188 4888 2.
1202 4832 1319 4904 ὑπανοίὶῃ

1011 4923 1116 4990 κροῦσιν,
1137 4925 1205 4988 τάχα

1011 5013 1138 5083 ὑπανοίγει

1011 5101 1064 5153 οὐδὲ
1084 5107 1242 5172 τοιχωρυχεῖν

1011 5194 1097 5244 διὰτὸ
1117 5193 1281 5265 ἐγρηγορέναι.

1465 796 1507 848 οὐκ
1527 796 1614 867 ίτίρου.

1394 883 1424 940 G.
1446 887 1472 936 τὸ
1492 887 1517 936 δί
1531 887 1605 954 σῶμα
1622 887 1741 940 ίκδιδιαι-

1467 974 1578 1042 τθμινον.

1428 1333 1481 1384 οῡτι
1507 1333 1623 1403 σώματος
1645 1337 1660 1392 ἦ
1684 1337 1736 1407 ῥρθ.

1463 1419 1517 1472 οὐδέ
1537 1426 1593 1482 τοῖς.

1390 1507 1426 1564 D.
1440 1510 1555 1582 γλιέττης
1567 1507 1597 1566 ἧν
1614 1517 1707 1580 λαλεῖν,
1721 1516 1736 1569 ὴ

1462 1603 1520 1670 7⁶²?-

1390 1686 1445 1746 001.
1458 1687 1511 1742 916
1523 1687 1558 1742 A.
1577 1693 1630 1742 θοία
1645 1689 1735 1760 βλίψις.

1427 1779 1471 1834 τήν
1485 1780 1595 1850 πρέθισιν
1615 1786 1735 1850 μιμεῖται.

1352 1976 1354 1981 ·
1426 1961 1469 2018 τῆς
1489 1961 1589 2028 μιλιίας

1392 2048 1425 2102 Β.
1445 2055 1517 2100 πολλ.
1537 2053 1563 2101 81
1582 2051 1690 2105 λύονται.

1429 2145 1472 2191 καί
1491 2137 1518 2192 ἐκ
1538 2159 1605 2210 φρον.

1387 2315 1418 2374 O.
1437 2317 1481 2384 οὐχ
1501 2318 1570 2385 ίχιις·
1590 2315 1661 2388 εὔρις.

1396 2482 1398 2490 ¹
1425 2426 1466 2477 πρ.
1487 2411 1512 2459 δὲ
1525 2409 1662 2474 καινότητα
1682 2406 1732 2465 010.

1420 2588 1448 2640 έκ
1466 2590 1515 2638 τῶν
1533 2591 1696 2658 μαθημάτων.

1388 2675 1441 2732 001.
1453 2677 1506 2731 917
1516 2677 1552 2732 A.
1562 2681 1621 2747 προς
1633 2681 1732 2731 παιδιυ-

1455 2769 1554 2837 τηρὶων.

1422 2857 1510 2912 ἑαυτὴν
1529 2859 1688 2930 διιγιίρουσοι.

1421 2949 1606 3017 διανισταμένη.

1423 3041 1445 3089 οί
1464 3041 1628 3110 διιγείροντις.

1386 3124 1417 3182 C.
1436 3135 1479 3180 καί
1497 3131 1513 3184 ἢ
1534 3132 1593 3182 ποτί
1613 3149 1635 3180 σ.

1385 3214 1421 3270 D.
1441 3220 1545 3268 τοιοῦτοι
1561 3217 1607 3270 ὀὐκ
1620 3219 1646 3270 ιἰι
1660 3221 1710 3277 της.

1422 3307 1487 3364 ὅστις
1509 3309 1568 3358 ποτί
1588 3312 1627 3360 άλ.

1420 3398 1569 3466 πράγματος
1587 3397 1697 3466 ῥήματος
1710 3395 1727 3448 ί.

1423 3484 1599 3554 προηρημίνου.

1382 3660 1414 3716 G.
1434 3663 1519 3734 φθίγγ.
1538 3667 1581 3714 καῖ
1601 3667 1642 3716 τὸν
1661 3667 1682 3715 δ.

1417 3755 1458 3805 τθν
1478 3757 1509 3804 ΙΙ.
1530 3756 1727 3825 προσκικέμικα.

1388 3947 1390 3951 ’
1418 3930 1619 4002 άποτελισμένον.

1417 4023 1591 4092 ταμιιυόμοθα.

1380 4111 1416 4169 D.
1436 4115 1561 4184 αἰφνιδίως
1582 4115 1615 4166 δι’
1630 4115 1703 4186 άμέλ.

1378 4291 1431 4348 001.
1450 4293 1504 4348 924
1514 4295 1549 4353 A.
1563 4301 1595 4346 τά
1613 4298 1661 4347 τῶν
1680 4315 1725 4347 κα-

1449 4387 1498 4434 λῶν
1518 4404 1559 4436 πο.
1575 4382 1619 4441 sic
1638 4382 1723 4440 Turr.

1412 4477 1572 4540 λιλάληνται,
1592 4471 1722 4530 ίκθιῶληκ.

1447 4567 1496 4634 γάρ
1515 4559 1642 4619 διαδολήν.

1376 4650 1407 4708 0.
1427 4650 1472 4723 ἀφ’
1493 4649 1525 4704 ὧν
1546 4656 1709 4724 φιλολογοῦσι.

1375 4832 1429 4889 001.
1448 4833 1502 4888 925
1511 4835 1546 4889 A.
1566 4833 1697 4896 ὖπανοέξιι.

1413 4925 1517 4994 κροῦσιν,
1538 4924 1570 4983 ὡς
1590 4926 1664 4989 τάχα.

1412 5015 1535 5085 θπανοίγῃ

1411 5103 1463 5156 οὐδέ
1484 5109 1510 5159 τθ
1530 5124 1591 5171 τοιχ.

1411 5198 1452 5247 διὰ
1471 5199 1497 5248 τί
1517 5195 1665 5267 ίγρηγορεῖν.
