3944 6074
292 477 345 533 162
734 469 861 544 Amelii
879 474 1100 547 ακοντισαι
1118 474 1191 548 Deo
1210 481 1241 548 et
1261 477 1398 550 mundo.

293 635 363 711 οὐδὲ
379 641 438 734 γάρ
454 643 599 732 πέφυκεν·
623 645 676 707 καί
700 645 760 709 ταύ
774 695 780 707 .
794 695 821 708 ..
848 647 918 728 (fol.
943 649 998 727 44)
1022 657 1063 731 τῇ
1087 657 1190 736 χεῖρον
1202 643 1226 731 ¹)
1250 673 1355 738 πραττ
1370 703 1377 716 .
1391 702 1398 718 .
1414 703 1421 717 .
1445 649 1464 722 ἢ
1491 641 1639 742 δυσγονία
1663 661 1768 716 τοῦτον
1781 703 1786 714 .
1799 703 1822 720 ..

295 752 421 841 με’τερον
446 753 542 842 γένος,
567 750 624 816 ἅτε
649 745 834 842 διαλέγομεν
859 755 913 818 καὶ
936 746 1179 843 χρησμῳδοῦσαι
1197 756 1255 827 τὴν
1274 759 1424 846 ἐσομένην
1445 762 1606 823 λῦσαν...
1631 770 1687 836 τῆς
1713 765 1825 849 ἀριστῆς

293 861 463 934 πολιτείας·
489 853 574 924 οὐδέν
600 854 651 924 οὖν
671 885 776 948 μα...
803 855 1011 950 [τεύ]ξονται,
1032 853 1083 924 διά
1099 863 1136 924 τ“ο
1153 865 1293 951 λογισμῷ
1313 863 1513 953 χρῆσθαι...
1539 867 1612 955 ὅπερ
1636 865 1672 929 ἀν
1695 891 1741 940 τις
1764 867 1827 929 ύπέ-
1909 867 1910 876 ’

294 958 389 1029 λαόεν
414 966 509 1036 τὴν..
522 991 585 1033 ,σιν
604 958 827 1053 διπλασιάζειν,
843 979 883 1052 τῇ
903 961 1005 1044 τεύξει
1022 963 1056 1032 ού
1074 971 1150 1052 βουλ
1163 1021 1169 1035 .
1181 1023 1206 1037 ,.
1224 971 1405 1036 τούναντίον
1422 970 1482 1062 γάρ
1498 972 1590 1062 φασίν
1608 977 1642 1037 ού
1659 975 1827 1060 μᾶλλον...

254 1097 267 1135 ε
295 1067 458 1150 τεύξονται
475 1085 529 1138 τοῦ
546 1087 652 1165 καιροῦ
670 1067 721 1140 διά
738 1076 798 1146 τὴν
824 1073 966 1146 αἴσθησιν
983 1129 989 1143 .
1005 1129 1011 1142 .
1027 1129 1034 1143 .
1049 1077 1221 1141 στήσονται
1237 1078 1296 1170 γάρ
1315 1069 1353 1144 δι’
1372 1079 1470 1153 αὐτὴν
1488 1081 1659 1145 καὶταῦτα
1680 1080 1773 1157 όντως
1786 1130 1793 1143 .
1806 1131 1829 1143 ..

298 1180 505 1272 [ἀ]κρότατοι
529 1173 580 1248 διά
604 1181 662 1254 τὴν
686 1175 832 1250 παιδείαν
856 1188 884 1250 οί
908 1182 1054 1274 φύλακες.

1035 1506 1109 1573 ΚΘ’.
1178 1518 1185 1524 “

344 1727 422 1794 ’Ότι
443 1717 626 1816 παραδόξως
650 1726 827 1816 ὁἈμέλιος
845 1720 1038 1818 ἐξηγήσατο,
1056 1728 1109 1791 τὀν
1127 1727 1261 1815 γενητόν
1278 1732 1312 1792 ού
1328 1728 1383 1792 τὸν
1399 1727 1528 1815 κόσμον,
1549 1718 1620 1794 ούδέ
1636 1729 1690 1793 τόν
1708 1726 1838 1811 οὐρανόν,
1918 1776 1919 1790 ,

301 1844 340 1914 ὡς
354 1837 481 1918 πάντες,
495 1836 578 1900 ἀλλά
595 1836 661 1900 θεόν
677 1835 731 1923 μὲν
749 1835 841 1901 εἰπὼν
855 1847 916 1901 πᾶν
930 1839 967 1901 τὀ
981 1837 1131 1922 νοίητύν],
1146 1835 1225 1900 θεῖον
1240 1826 1273 1899 δὲ
1285 1845 1346 1900 πᾶν
1360 1837 1396 1900 τὸ
1410 1835 1560 1925 ούράνιον,
1575 1835 1654 1902 θεῖον
1669 1827 1702 1902 δὲ
1715 1839 1839 1927 γενητόν
1919 1886 1920 1904 ,

302 1943 441 2033 εἰρῆσθαι
466 1947 558 2032 ῳησίν
582 1955 643 2009 πᾶν
667 1946 705 2007 τ“ο
737 1945 937 2033 ὑπουράνιον,
962 1945 1069 2032 κυρίως
1094 1941 1266 2018 ἀκουούσας
1296 1943 1370 2007 τότε
1394 1944 1539 2032 γενητόν·
1564 1942 1622 2014 τὴν
1653 1938 1705 2008 ούν
1735 1944 1840 2009 τούτου

300 2043 451 2142 περίοδον,
476 2052 604 2140 ἀριθμόν
621 2052 739 2117 τέλειον
755 2044 998 2141 περιλαμόάνειν
1016 2052 1070 2114 τὀν
1085 2051 1205 2140 χρόνον,
1226 2051 1276 2140 [ού
1295 2041 1343 2138 δὲ]
1361 2049 1403 2114 τά
1419 2059 1482 2114 τῶν
1499 2051 1585 2115 ὄκτω
1602 2043 1753 2141 περιόδων
1771 2051 1810 2115 τά
1820 2053 1841 2134 ²)

302 2160 344 2250 μὴ
364 2160 483 2249 σχόντα
507 2159 657 2250 κεφαλὴν,
685 2153 922 2250 περιλαμθάνειν
947 2150 980 2224 δὲ
1004 2170 1048 2242 τῷ
1073 2158 1156 2223 κατά
1173 2159 1232 2230 τὴν
1250 2161 1370 2230 κίνησιν
1388 2161 1522 2236 ἐκείνων,
1541 2161 1594 2224 καί
1609 2151 1750 2248 περίοδον
1776 2163 1841 2224 ἀνα-

303 2266 484 2332 κυκλεϊσθαι
509 2267 550 2333 τά
581 2259 677 2354 τῇδε,
703 2271 756 2332 καί
787 2267 1087 2356 ἀποκαθισταμένων
1121 2277 1232 2356 σχῆμα
1262 2269 1378 2331 ταυτὸν
1407 2267 1460 2330 καὶ
1490 2261 1580 2346 τάξιν
1611 2261 1842 2356 ἀπολαμόάνειν

303 2377 355 2438 καί
387 2366 486 2440 δοκεῖν
510 2379 565 2440 τόν
590 2377 710 2441 τέλειον
735 2376 881 2466 ἀριθμόν,
907 2376 1076 2463 συμφώνως
1102 2375 1223 2439 ἀκούειν
1249 2379 1278 2438 έν
1305 2377 1427 2462 Τιμαίῳ
1459 2379 1473 2466 ῥ
1501 2375 1602 2441 θέντι·
1626 2378 1679 2441 καί
1703 2377 1764 2469 γάρ
1788 2379 1845 2442 ἐκεῖ

303 2484 422 2549 τέλειον
447 2483 576 2574 ἀριθμόν
600 2485 712 2574 χρόνου
736 2487 947 2575 προσείρηκεν,
965 2485 1019 2550 τόν
1044 2489 1079 2549 ἑκ
1103 2494 1165 2548 τῶν
1189 2475 1338 2574 περιόδων
1363 2495 1425 2549 τῶν
1442 2485 1526 2550 ὀκτὼ
1550 2496 1607 2561 τῆς
1629 2511 1845 2553 ουναποκατα-

305 2592 460 2667 στάσεως·
485 2592 531 2657 ὅτ’
557 2593 593 2656 ἂν
624 2593 743 2658 τούτων
768 2604 875 2658 πασῶν
900 2593 942 2657 τά
967 2593 1052 2682 τάχη
1087 2592 1343 2683 συμπερανθέντα
1375 2595 1432 2681 ἔχῃ
1459 2595 1537 2672 (fol.
1562 2597 1605 2661 44
1628 2599 1678 2677 v.)
1706 2599 1844 2670 ...ῶςό

304 2701 448 2790 λόγος...
473 2700 590 2790 κόσμον
609 2701 839 2789 ἀκούσωμεν.,.
864 2703 972 2790 κόσμῳ
990 2705 1008 2774 ἢ
1028 2711 1073 2785 τῷ
1090 2707 1207 2790 οὐρανῷ
1224 2702 1261 2765 τό
1278 2706 1362 2768 αἰ...
1388 2701 1487 2788 μόνος·
1506 2702 1664 2790 κατορθῶν
1688 2697 1753 2784 οὖν,
1777 2705 1844 2791 ὅπερ

304 2811 381 2897 έῳην
397 2859 402 2870 .
417 2857 444 2872 ..
468 2818 513 2891 τῷ
530 2811 567 2873 τ“ο
584 2809 731 2899 προσεχὲς
747 2803 920 2898 λαμθάνειν
937 2821 982 2892 τῷ
1008 2809 1077 2891 θείῳ
1094 2819 1228 2899 γενητῷ,
1246 2809 1299 2872 καὶ
1317 2817 1361 2890 τῷ
1378 2809 1414 2874 τό
1431 2809 1551 2874 τέλειον
1569 2807 1743 2900 ἀρίιρθμύυ]
1769 2837 1845 2900 συμ-

306 2916 411 3005 φώνως
435 2915 554 2981 ἀκούειν
579 2918 653 3006 πρός
678 2917 732 2981 τόν
757 2923 787 2982 έν
813 2925 838 2982 Τ
843 2919 955 3006 ιμ[αίῳ
982 2917 1133 3008 ρη]θέντα
1157 2921 1275 2982 τέλειον
1300 2917 1450 2993 ἐνιαυτόν,
1475 2918 1579 2982 οὐκέτι
1605 2919 1664 2990 τὴν
1688 2931 1745 2985 τοῦ
1771 2921 1846 2985 θείου

305 3036 439 3116 γενητοῶ
464 3029 674 3116 προσηγορίαν
699 3021 883 3115 ἐφαρμόζειν
908 3017 1048 3101 δύναται,
1073 3025 1218 3089 Πλάτωνι
1242 3025 1391 3114 σύμῳωνα
1406 3025 1517 3115 λέγων·
1533 3036 1578 3110 τῷ
1595 3028 1653 3092 ὑπὸ
1678 3025 1845 3119 σελή[νην]

305 3139 468 3224 πολλαχοῦ
494 3134 626 3198 Πλάτων
652 3139 682 3199 ἐν
707 3137 853 3216 σπηλαίῳ
876 3127 1090 3224 προσείκαζεν,
1108 3132 1162 3196 καί
1185 3129 1291 3220 ψυχῶν
1316 3131 1413 3197 τόπον
1431 3124 1651 3224 δυστυχουσῶν
1675 3135 1730 3200 καί
1752 3137 1848 3210 λήθης

306 3241 418 3332 χῶρον,
443 3244 498 3305 ούκ
515 3241 550 3305 ἂν
567 3241 791 3333 προσαγορεύοι
808 3241 889 3306 θεῖον
906 3241 1039 3333 γενητόν
1050 3239 1075 3324 ⁸)
1094 3240 1200 3316 τόπον,
1219 3245 1259 3315 ὡς
1276 3239 1330 3304 καί
1344 3245 1375 3305 ἑν
1392 3241 1561 3323 Θεαιτήτῳ
1577 3241 1673 3332 λέγει,
1690 3241 1733 3306 τά
1757 3241 1847 3324 κακά,

306 3347 439 3415 ἐνταῦθα
463 3349 539 3438 ῳάς,
565 3349 617 3413 καί
647 3340 739 3413 τόνδε
769 3349 823 3412 τόν
856 3347 969 3419 θνητὸν
994 3348 1090 3411 τόπον
1114 3351 1309 3436 περιπολείν’
1334 3349 1383 3411 ότι
1407 3341 1473 3424 οὖν,
1498 3351 1565 3412 ἐστι
1588 3348 1641 3412 καί
1664 3353 1694 3413 ὲν
1719 3359 1766 3432 τῷ
1791 3351 1847 3413 ὑπό
1929 3403 1930 3414 ,

308 3459 435 3528 σελένην
456 3457 526 3542 [ἀεὶ]
546 3455 766 3546 κυκλούμενον,
783 3455 801 3527 ἢ
822 3454 896 3519 θεῶν
914 3455 1035 3546 γένοςῆ
1055 3445 1209 3544 δαιμόνων
1227 3465 1291 3530 τοῖς
1316 3455 1464 3544 οὐρανίοις
1485 3455 1632 3542 ἑπόμενον
1648 3457 1696 3522 ἀεὶ
1713 3459 1751 3522 τό
1777 3459 1850 3522 αὑτό
1929 3533 1930 3542 γ

308 3564 380 3628 κατ’
406 3563 533 3654 ἀριθμόν
558 3557 618 3642 ζῶν
642 3555 834 3653 περιοδικῶς,
851 3573 946 3626 τοῦτο
962 3553 1024 3626 ἔδει
1042 3561 1093 3624 καί
1110 3559 1243 3625 ἐνταῦθα
1261 3560 1400 3626 τίθεσθαι
1424 3561 1503 3626 θεῖον
1521 3565 1668 3652 γενητὸν,
1687 3565 1759 3628 ὅσον
1785 3555 1849 3632 δέθ
1929 3545 1930 3588 ³

309 3676 339 3736 έν
364 3683 429 3746 τοῖς
453 3673 534 3746 όλοις
559 3682 623 3746 τοῖς
647 3672 852 3759 στοι-ζζ-χείοις
870 3673 936 3734 ἐστι
954 3661 1168 3756 μεταόάλλον,
1186 3669 1376 3757 μιμούμενον
1394 3669 1447 3734 τόν
1465 3670 1603 3758 οὐράνιον
1628 3670 1753 3735 κύκλον·
1779 3671 1798 3742 ἣ
1823 3673 1850 3733 ἐν

309 3793 373 3854 τοῖς
398 3793 530 3870 μερικοῖς
554 3775 653 3860 ζώοις,
679 3781 739 3843 ἀπὸ
763 3789 825 3842 τῶν
851 3781 954 3841 αὐτῶν
978 3777 1028 3840 ἐπὶ
1045 3775 1086 3840 τά
1104 3776 1185 3841 αύτά
1202 3777 1273 3841 κατ’
1291 3769 1368 3854 εἶδος
1385 3777 1477 3864 μόνον
1501 3777 1736 3867 περιαγόμενον,
1761 3787 1851 3842 τοῦτο

310 3888 409 3976 μόνως
433 3892 539 3952 καλεῖν
562 3885 704 3977 γενητόν·
723 3889 779 3950 ούκ
802 3887 874 3974 ἔχον
898 3885 935 3949 τὸ
953 3885 1068 3949 ταυτὸν
1088 3886 1188 3974 ὥσπερ
1212 3886 1250 3950 τύ
1268 3883 1347 3950 θεῖον
1372 3885 1504 3976 γενητόν
1522 3887 1594 3950 κατ’
1619 3883 1759 3976 ἀριθμόν,
1785 3883 1850 3948 ἀλλ’

310 3996 413 4083 ὥσπερ
438 3995 559 4084 εἴρηται
583 3995 697 4082 καίίοί.
723 3983 906 4076 45)τάδοσις
930 4001 1076 4058 πᾶσα...
1101 3995 1138 4059 τὸ
1162 4002 1290 4058 τῶν...

1063 4318 1108 4386 Λ’.

360 4533 454 4620 [Ὅτι]
472 4587 479 4602 .
495 4587 524 4602 ..
547 4543 634 4598 πᾶσα
650 4586 656 4600 .
672 4585 700 4601 ..
724 4532 784 4604 τὴν
802 4531 974 4624 ἀριθμητὸν
993 4585 1000 4600 .
1016 4585 1022 4599 .
1038 4522 1187 4607 ,ναδικῶς
1197 4527 1224 4617 ⁴)
1243 4583 1271 4598 ..
1287 4582 1293 4597 .
1307 4553 1364 4594 σαν
1381 4527 1499 4604 πλῆθος
1519 4519 1692 4617 μοναδικῶς
1708 4579 1714 4594 .
1730 4580 1737 4594 .
1754 4580 1761 4595 .
1780 4532 1798 4599 ἡ
1821 4551 1854 4589 ω-

259 4657 286 4696 ⁸⁰
316 4643 410 4732 μένην
431 4641 485 4706 καί
501 4647 540 4717 ὡς
557 4641 813 4731 έπεστραμμένης
828 4641 903 4730 πρός
973 4639 1137 4722 κύκλικῶς,
1153 4647 1321 4703 κατιοῦσαν
1339 4629 1372 4702 δὲ
1388 4661 1485 4729 γεννω
1496 4689 1503 4703 .
1516 4689 1542 4703 ..
1559 4636 1612 4700 καί
1629 4637 1787 4725 τρίγωνον·
1805 4633 1854 4698 καί

315 4756 354 4826 ὡς
371 4749 426 4838 μὲν
445 4749 645 4840 ῥυῑσκομένης
661 4803 667 4816 .
683 4802 712 4817 ..
737 4740 869 4839 μονάδος
886 4753 1011 4828 ἑαυτῆς,
1026 4749 1080 4813 τόν
1098 4756 1220 4837 πρῶτον
1239 4746 1366 4838 ἀριθμὸν
1381 4797 1387 4810 .
1403 4795 1432 4810 ..
1457 4748 1561 4809 τελεῖν
1578 4743 1633 4808 τόν
1650 4743 1731 4828 τρία·
1750 4745 1781 4806 ἐν
1798 4739 1853 4832 γάρ

353 5036 376 5108 ¹)
396 5037 465 5095 God.
484 5036 560 5107 444,
574 5053 641 5094 oum
654 5035 759 5094 iisdem
778 5036 893 5094 lacunis
906 5035 937 5093 in
950 5038 967 5092 6
979 5052 1059 5094 vers.
1114 5035 1193 5112 quod
1211 5034 1242 5091 in
1259 5031 1394 5106 margine
1413 5029 1544 5089 evanuit.

353 5129 377 5200 ¹)
397 5126 465 5184 Ood.
483 5126 612 5200 primum
630 5131 705 5196 τάχη.
724 5127 798 5185 Post
810 5134 842 5181 τὰ
854 5145 928 5184 σοι-ε.
941 5127 1061 5187 videtur
1148 5126 1171 5199 ⁴)
1190 5123 1259 5182 cod.
1272 5122 1323 5179 fol.
1337 5122 1380 5178 45.
1393 5121 1466 5178 Post
1479 5120 1497 5175 6
1510 5117 1673 5176 versiculos
1690 5115 1753 5172 fore
1771 5113 1855 5170 nmis-

317 5215 426 5289 partim
445 5232 535 5288 supra
550 5213 601 5270 lin.
621 5219 665 5286 μή.
1114 5231 1172 5286 sos,
1191 5213 1295 5288 incipit
1308 5231 1370 5286 cap.
1384 5213 1424 5268 A'.
1436 5209 1521 5266 Idem
1533 5207 1634 5265 hiatus
1647 5206 1678 5261 in
1695 5203 1747 5262 fol.
1760 5220 1853 5272 verso,

354 5303 379 5371 ³)
401 5303 504 5360 Monet
532 5303 641 5363 codicis
668 5305 787 5380 signum
815 5305 919 5364 deesse
948 5305 1061 5380 aliquid
1112 5309 1143 5361 et
1161 5303 1205 5359 its
1222 5301 1285 5359 fero
1304 5301 1334 5358 in
1353 5299 1478 5357 σοεοοείε
1498 5295 1700 5372 sequentibus.
