3978 6070
209 489 246 550 48
724 443 726 447 v
743 485 984 579 Interroyatur
996 475 1039 560 de
1051 483 1221 578 ἰμνοαιιίσ.

209 658 233 725 f.
250 659 322 738 123,
336 659 449 725 eadem
461 658 593 726 lacuna:
607 668 671 735 πῶς
684 653 722 734 ήν
735 659 905 748 ἐχόντων...
915 671 981 735 τοῖς
994 664 1103 751 ὁρῶσιν
1116 659 1174 731 ἀνή
1180 685 1227 750 ρ...
1243 661 1469 751 [ἐπανε]ρωτῶν
1482 663 1574 724 ἐστιν·
1585 659 1655 750 περὶ
1667 649 1758 727 τοῦδε

208 777 264 832 τοῦ
283 758 424 854 ἀνδρός...
441 765 591 845 κάθωθεν,
610 765 693 833 ἀλλά
709 777 771 832 τῶν
788 772 824 832 ἐκ
839 779 893 832 τοῦ
908 771 1068 858 οὐρανοῦ...
1085 779 1148 834 τῶν
1163 769 1218 860 ἥγ’
1236 762 1288 834 οόν
1303 768 1553 859 ἀποκρινόμενος,
1571 775 1610 846 ῶς
1629 769 1756 834 πάντων

209 866 243 940 δὲ
266 875 450 964 ἑωρακότων
467 885 529 940 τῶν
553 875 695 942 κάτωθεν
711 877 853 950 ἡκόντων
871 878 925 940 τόν
942 867 1109 965 Ἀρδιαῖον,
1126 877 1241 942 οότωσί
1255 879 1343 968 λέγει
1366 887 1453 962 κοινῇ
1478 875 1549 967 περὶ
1572 872 1718 942 ἁπάντων
1733 877 1757 966 ¹)

208 981 259 1048 ότι
275 989 380 1060 αὐτοῖς
398 976 562 1062 ἐδείκνυον,
586 984 698 1048 τοῦτόν
715 984 821 1049 τεκαὶ
838 983 951 1058 ἄλλους
969 983 1089 1049 τοότων
1105 987 1344 1075 παραπλησίους
1359 991 1399 1060 ὡς
1415 990 1443 1050 οἱ
1459 979 1655 1070 κολάζοντες,
1675 988 1758 1052 ὥστε

168 1111 181 1149 ο
209 1095 225 1155 6
249 1087 451 1180 ἐπανερωτῶν
475 1089 516 1168 εἷς
540 1095 625 1157 ἐστιν
649 1101 712 1156 τῶν
729 1089 855 1157 ἀνωθεν.
880 1095 916 1155 Εἰ
932 1081 965 1156 δὲ
988 1089 1082 1181 ὀρθῶς
1106 1092 1323 1180 ἐπεστήσαμεν
1349 1093 1461 1176 τοότῳ,
1486 1104 1610 1158 σκοπεῖν
1634 1094 1695 1184 χρὴ
1720 1093 1757 1159 τό

209 1188 391 1284 συμόαῖνον,
414 1195 463 1264 ότι
485 1199 544 1288 πρό
567 1209 625 1274 τῆς
645 1200 785 1288 οὐρανίας
801 1191 931 1280 λήξεως,
955 1188 1024 1270 ήδει
1043 1199 1099 1263 τόν
1117 1189 1273 1288 Ἀρδιαῖον
1290 1203 1306 1263 ό
1322 1204 1454 1290 ἐρωτῶν,
1469 1179 1534 1267 ’καί
1556 1197 1637 1293 εἶχεν
1662 1207 1756 1269 αὐτοῦ

208 1303 306 1368 τόπον
330 1306 384 1370 καί
408 1307 537 1393 μνήμην
561 1305 616 1368 καί
638 1307 702 1370 ἐκεῖ
724 1303 776 1372 ὤν.
794 1311 829 1369 Εἰ
853 1297 886 1371 δὲ
902 1314 997 1370 τοῦτο
1014 1305 1138 1388 ἀληθὲς,
1155 1309 1211 1370 οὐκ
1227 1302 1265 1381 ήν
1282 1316 1345 1372 τῶν
1369 1308 1483 1385 τελέως
1506 1310 1755 1401 κεκαθαρμένων·

209 1403 280 1478 οὐδὲ
304 1415 360 1501 μία
383 1413 443 1505 γάρ
468 1411 551 1504 ψυχή
578 1415 736 1502 φαντασία
766 1423 828 1476 τῶν
852 1413 968 1478 ἐνόλων
990 1425 1126 1503 χρῆται,
1151 1414 1204 1478 καί
1231 1415 1419 1493 τυποτικοός
1451 1419 1517 1507 ἔχει
1539 1419 1651 1509 λόγους
1676 1417 1759 1508 μετά

209 1519 268 1592 τήν
292 1521 417 1586 τέλειαν
442 1521 601 1612 κάθαρσιν·
628 1525 692 1588 ἀλλ’
723 1521 895 1611 ἀποθεμένη
923 1521 995 1598 τοὺς
1019 1526 1053 1587 ἐκ
1069 1532 1133 1586 τῶν
1157 1521 1329 1596 αἰσθήσεων
1353 1523 1479 1608 τόπους,
1504 1518 1671 1592 συνδιοικεῖ
1692 1538 1757 1603 τοῖς

158 1651 181 1689 ιο
209 1627 288 1706 θεοῖς
312 1628 397 1695 κατά
419 1641 488 1695 νοῦν
512 1630 613 1696 ἔνθεον
637 1633 692 1696 τόν
716 1632 842 1719 κόσμον.
861 1632 895 1696 ‘0
913 1631 967 1719 μὲν
992 1633 1095 1696 τοίνυν
1119 1633 1241 1721 ἐρωτῶν
1264 1631 1348 1708 ὅστις
1372 1633 1467 1716 ἐστίν,
1484 1633 1659 1725 ἀνεόρομεν·
1683 1639 1700 1698 6
1725 1627 1758 1702 δὲ

208 1736 418 1828 ἐρωτώμενος·
440 1743 504 1805 Οόκ
520 1739 601 1820 ἥκει,
618 1739 723 1828 φησίν,
742 1737 824 1829 μετά
839 1748 902 1802 τῶν
920 1731 1165 1810 ἀναόεόηκότων
1181 1745 1282 1828 ήμῶν,
1300 1731 1363 1806 οὐδ’
1382 1733 1450 1819 ἥξει
1470 1734 1568 1831 δεῦρο.
1593 1748 1694 1808 Τοῦτο
1718 1734 1755 1815 δὴ

209 1849 247 1912 τό
270 1850 301 1912 ἐν
327 1849 442 1938 Γοργίᾳ
457 1847 511 1911 καί
528 1837 668 1911 Φαίδωνι
682 1848 794 1937 λέγων,
811 1853 851 1922 ὡς
868 1847 927 1934 ἄρα
945 1847 1021 1912 εἰσίν
1039 1849 1160 1912 ἀνίατοι
1177 1843 1274 1936 ψυχαί
1289 1873 1381 1933 τινες,
1398 1855 1454 1914 οόκ
1475 1841 1672 1914 ἐκόαίνουσαι
1695 1857 1757 1913 τῶν

209 1944 432 2046 δεσμωτηρίων
456 1956 591 2036 ἐκείνων,
608 1945 678 2020 οὐδὲ
694 1955 907 2042 ἀπολυόμεναι
922 1963 986 2020 τῶν
1004 1954 1173 2032 κολάσεων,
1190 1956 1243 2018 καὶ
1259 1961 1349 2044 ἡμεῖς
1366 1947 1542 2046 ἐδείκνυμεν
1562 1955 1617 2021 καί
1639 1957 1670 2020 ἐν
1693 1965 1758 2030 τοῖς

209 2067 250 2138 εἰς
275 2066 406 2140 ἐκείνους
431 2063 502 2140 τοὺς
527 2063 639 2154 μύθους
663 2063 842 2154 εἰρημένοις,
866 2069 906 2139 ὡς
931 2063 989 2152 ἀρα
1012 2054 1153 2153 περίοδον
1181 2062 1262 2137 όλην
1285 2090 1356 2130 τινα
1380 2058 1521 2143 κολάζων
1546 2068 1562 2128 6
1585 2064 1679 2155 λόγος
1702 2062 1758 2139 τάς

154 2189 181 2228 ¹⁵
209 2171 354 2249 ἀνιάτους
378 2168 489 2262 ψυχάς,
512 2181 646 2236 τοιαῦτα
669 2170 850 2262 φθέγγεται·
875 2171 913 2235 τό
937 2169 997 2260 γάρ
1021 2173 1183 2248 παντελῶς
1208 2173 1335 2237 ἀνίατον
1361 2167 1440 2238 εἶναι
1462 2167 1566 2261 ψυχήν

208 2391 232 2458 f.
251 2393 313 2458 123
329 2415 360 2458 ν.
377 2392 490 2458 eadem
513 2391 646 2456 lacuna:
674 2390 871 2478 ...μήχανον
895 2387 949 2453 καί
972 2392 998 2453 εἰ
1022 2387 1135 2478 μὲν...
1159 2391 1339 2461 τηλικαῦτα
1356 2392 1563 2478 ἁμαρτεῖν
1583 2387 1757 2477 γενέσεται,

207 2506 269 2562 πᾶν
293 2493 445 2585 ἐπιλείψει
468 2497 506 2562 τό
529 2497 648 2574 πλῆθος
672 2507 734 2563 τῶν
759 2496 866 2588 ψυχῶν
890 2497 949 2570 τήν
966 2496 1096 2589 γένεσιν,
1113 2500 1176 2563 ἐκεῖ
1197 2506 1365 2588 γεγονυιῶν
1384 2504 1491 2562 πασῶν
1516 2499 1547 2560 ἑν
1571 2504 1617 2579 τῷ
1642 2497 1758 2584 ἀπείρῳ

209 2611 311 2695 χρόνῳ
335 2605 389 2668 καί
412 2603 455 2692 μὴ
482 2607 649 2669 ἀνιουσῶν·
674 2611 701 2670 εἰ
725 2595 758 2670 δὲ
780 2629 813 2669 τι
835 2604 922 2697 γένος
946 2605 1030 2668 ἐστὶν
1054 2594 1131 2668 ἴδιον
1155 2600 1261 2691 ψυχῶν
1286 2603 1323 2666 τό
1347 2613 1451 2668 ταῦτα
1473 2603 1608 2694 πάσχον,
1633 2602 1757 2670 ἔσεσθαι

208 2713 330 2803 χρόνον,
355 2717 386 2777 έν
411 2707 435 2796 ᾧ
459 2722 522 2776 πᾶν
546 2715 584 2778 τό
607 2704 728 2778 τοιόνδε
750 2715 837 2804 γένος
868 2717 899 2777 ἐν
930 2722 995 2786 τοῖς
1019 2711 1078 2776 ὑπό
1101 2721 1160 2802 γῆς
1191 2710 1299 2786 τόποις
1330 2701 1494 2801 δεδεμένον
1523 2709 1675 2802 ἐπιλείψει
1698 2710 1757 2783 τήν

207 2820 336 2914 γένεσιν.
362 2821 490 2885 Τούτων
515 2813 549 2886 δὲ
572 2823 670 2886 όντων
695 2820 922 2904 ἀτοπωτάτων,
947 2819 1094 2909 ἐλέγομεν
1118 2817 1177 2890 τήν
1202 2820 1329 2883 ἀνίατον
1346 2812 1428 2896 ζωήν
1452 2825 1524 2909 παρ’
1542 2824 1657 2895 ἑαυτῆς
1682 2814 1759 2885 εἶναι

207 2927 361 3002 τοιαότην
385 2934 425 3004 ὡς
449 2927 706 3018 ἀμεταμέλητον·
730 2935 749 3002 ή
775 2927 835 3019 γάρ
861 2927 1057 3017 μεταμέλεια
1074 2917 1210 2991 δείκνυσι
1225 2926 1285 3000 τήν
1303 2929 1497 3018 κατηγορίαν
1522 2928 1576 2992 καί
1599 2927 1659 3002 τήν
1683 2930 1760 2994 ἐπα-

206 3033 364 3123 νόρθωσιν,
389 3025 476 3100 ἔνδον
499 3035 558 3124 πρό
582 3046 639 3111 τῆς
663 3026 805 3114 ἐξοδικῆς
829 3035 1040 3125 ὑπάρχουσαν,
1063 3043 1121 3108 τῆς
1146 3024 1180 3098 δὲ
1203 3035 1316 3110 οἰκείας
1339 3025 1528 3124 διορθώσεως
1552 3036 1759 3124 ἀνῃρημένης·

207 3142 288 3215 αότή
315 3143 370 3232 μέν
394 3148 479 3208 ἐστιν
503 3141 576 3232 παρ’
600 3146 715 3220 ἑαυτῆς
740 3145 866 3220 ἀνίατος
896 3148 917 3217 ή
949 3143 1081 3214 τοιαότη
1108 3151 1195 3206 πᾶσα
1218 3136 1302 3221 ζωὴ,
1327 3141 1480 3234 τυγχάνει
1506 3133 1540 3207 δὲ
1564 3141 1671 3218 ἰάσεως
1699 3141 1759 3206 ὑπό

208 3263 271 3318 τῶν
289 3255 369 3316 ὅλων
387 3251 472 3317 κατά
489 3276 561 3316 τινα
577 3244 718 3341 περίοδον
734 3252 870 3316 λόουσαν
889 3256 986 3327 αὐτῆς
1003 3250 1062 3322 τήν
1080 3253 1145 3315 ἐκεῖ
1159 3242 1345 3328 κατάταξιν.
1364 3253 1407 3314 Τό
1426 3248 1481 3339 μέν
1497 3247 1558 3338 γάρ
1581 3252 1633 3337 ἀφ’
1650 3253 1760 3314 ἑαυτοῦ

209 3357 433 3446 βοηθοόμενον,
457 3361 567 3440 πολλῷ
592 3350 738 3447 μειζόνως
763 3357 824 3422 ἀπό
847 3366 910 3422 τῶν
935 3359 1014 3422 ὁλων
1040 3356 1204 3442 βοηθεῖται
1227 3368 1385 3446 κοσμικῶν
1400 3347 1561 3445 περιόδων·
1585 3358 1623 3421 τό
1648 3347 1682 3420 δέ
1705 3360 1757 3444 ἀφ’

207 3471 319 3531 ἐαυτοῦ
345 3467 499 3556 σωτηρίας
515 3469 570 3530 οὐκ
587 3468 661 3554 ἕχον
678 3456 802 3548 ἐλπίδα,
818 3464 837 3537 ἢ
855 3457 1012 3554 λαμόάνει
1029 3468 1186 3557 σωτηρίας
1203 3465 1346 3556 ἀφορμήν
1371 3466 1432 3529 ἀπό
1456 3473 1519 3528 τῶν
1545 3466 1636 3542 όλων,
1661 3456 1758 3528 ἀίδιον

206 3573 252 3656 όν,
270 3573 290 3646 ἢ
309 3573 489 3639 ἀπόλλυται
505 3578 680 3656 παντελῶς,
697 3579 724 3639 εἰ
740 3574 782 3662 μή
803 3566 900 3640 ἀίδιον
917 3573 952 3640 όν
969 3574 1132 3664 τυγχάνοι.
1150 3573 1208 3638 Διά
1224 3583 1328 3639 ταῦτα
1344 3574 1446 3638 τοίνυν
1464 3573 1518 3636 καί
1533 3583 1588 3637 τοῦ
1603 3563 1759 3662 Ἀρδιαίου

207 3682 333 3758 πάντως
357 3682 612 3771 ἀπεγίγνωσκον,
641 3687 682 3758 ὡς
712 3675 949 3770 ἀναόησομένου
979 3681 1057 3748 ποτὲ
1081 3681 1140 3754 τήν
1168 3691 1326 3772 παροῦσαν
1358 3675 1441 3760 ζωήν
1469 3680 1630 3770 γέμουσαν
1655 3689 1759 3745 κακῶν

208 3794 337 3879 ὁρῶντες
362 3789 415 3854 καί
439 3791 592 3861 ἀνήκειτα
607 3789 802 3879 πάσχουσαν,
821 3791 923 3878 ὥσπερ
940 3791 994 3854 καί
1009 3781 1147 3880 ἔδρασεν,
1164 3788 1206 3854 τά
1224 3780 1258 3854 δὲ
1274 3791 1333 3853 ὅλα
1355 3791 1428 3853 τίνα
1448 3788 1564 3880 τρόπον
1589 3781 1679 3865 σώζει
1701 3786 1760 3866 τάς

207 3895 356 3973 τοιαότας
380 3893 492 3987 ψυχὰς,
517 3900 575 3987 οὐχ
598 3897 699 3988 ἑώρων
723 3897 850 3974 εἰκότως
875 3891 927 3962 οὖν
952 3898 1006 3962 καί
1029 3903 1044 3962 ὁ
1068 3899 1123 3964 τόν
1149 3897 1243 3988 μῦθον
1269 3899 1483 3989 ἀφηγούμενος

208 4115 232 4182 f.
248 4117 321 4195 124,
335 4115 369 4181 in
381 4117 499 4182 lacuna
512 4119 532 4182 3
546 4139 643 4183 vem:
658 4116 856 4206 Πάμφυλος...
870 4109 1024 4207 Ἀρδιαῖον
1038 4108 1208 4206 γνωρίζει...
1220 4114 1262 4179 τά
1274 4115 1471 4205 παρειληφώς
1484 4115 1690 4204 ἀκουόμενα...
1703 4116 1761 4180 ὅσα
1784 4179 1787 4186 ,

208 4213 338 4312 ἔπραξεν
363 4225 441 4306 ἀκοῇ
469 4213 502 4287 δὲ
526 4213 693 4313 δαιμονίᾳ.
709 4275 715 4288 .
731 4224 801 4291 ,θεν
826 4226 879 4292 καί
900 4218 952 4291 διά
968 4235 1031 4290 τῶν
1050 4225 1111 4290 ἀπό
1127 4235 1186 4300 τής
1205 4223 1435 4301 αἰσθήσεως...
1462 4215 1761 4315 [πα]ραδειγμάτων,

208 4328 333 4420 ἐναργὲς
356 4329 472 4418 ποιήσῃ
500 4329 648 4422 μέγιστον
667 4326 744 4396 εἶναι
760 4332 818 4406 τήν
835 4323 1004 4425 τυραννίδα
1021 4334 1128 4398 κακόν·
1145 4335 1192 4408 τίς
1210 4324 1277 4407 δέή
1302 4324 1442 4425 περίοδος
1467 4342 1531 4398 τῶν
1555 4338 1585 4398 ἐν
1609 4343 1654 4415 τῷ
1679 4339 1762 4422 Ταρ-

208 4437 295 4527 τάρῳ
319 4431 557 4525 κολαζομένων,
581 4439 634 4503 καί
658 4439 701 4527 μή
728 4433 936 4505 ἐκόαινόντων
960 4441 1075 4508 ἐκεῖθεν
1100 4443 1155 4518 ἕως
1181 4441 1216 4506 ἀν
1249 4433 1382 4507 δέωνται
1405 4441 1581 4518 κολάσεως,
1607 4441 1710 4528 ὥσπερ
1734 4443 1763 4504 οἰ

208 4539 403 4622 ἐκόαίνοντες
426 4551 469 4624 εἰς
492 4546 565 4622 τοὺς
588 4547 750 4636 ποταμοὺς
774 4547 859 4636 παρά
884 4550 972 4640 μέρος
998 4557 1039 4628 εἰς
1072 4552 1127 4616 τόν
1152 4549 1314 4640 Τάρταρον
1341 4549 1574 4639 ἐκπέμπονται,
1598 4549 1652 4612 καί
1676 4541 1760 4632 αὖθις

208 4655 324 4720 ἐκεῖθεν
342 4649 467 4734 ἐξίασιν,
486 4657 608 4746 εἴρηται
631 4661 707 4744 ήμῖν
725 4661 755 4721 ἐν
772 4667 837 4733 τοῖς
854 4661 895 4733 εἰς
911 4658 971 4730 τὴν
987 4670 1043 4724 τοῦ
1060 4650 1221 4734 Φαίδωνος
1240 4659 1363 4724 νέκυιαν
1372 4656 1409 4742 ἀ),
1428 4659 1481 4723 καί
1496 4660 1544 4724 ἔτι
1559 4669 1614 4723 τοῦ
1631 4659 1760 4747 οὐρανοῦ

209 4763 304 4852 μόνου
328 4755 468 4855 περίοδος
493 4764 564 4854 οὐχί
586 4766 705 4842 παντὸς
728 4775 783 4829 τοῦ
807 4777 952 4855 γενητοῦ,
978 4761 1012 4832 οὗ
1037 4768 1127 4858 μέρος
1150 4767 1235 4834 ἐστίν
1260 4771 1275 4831 ό
1305 4765 1486 4858 Τάρταρος,
1510 4765 1564 4830 καὶ
1587 4771 1606 4839 ή
1631 4774 1695 4829 τῶν
1720 4769 1761 4840 είς

888 4919 897 4942 0

246 4959 269 5033 ¹)
287 4959 324 5015 In
342 4959 477 5032 margine
496 4966 569 5017 nota
585 4959 770 5033 amplissima
788 4961 907 5019 circiter
927 4963 962 5018 18
1014 4970 1056 5018 καί
1070 4967 1271 5036 κατεπάγουσαν,
1286 4961 1389 5031 ἐχούσας
1402 4963 1446 5018 τήν
1461 4982 1487 5014 τι
1499 4963 1577 5033 κρίσιν
1595 4966 1639 5014 καί
1657 4961 1702 5017 τόν
1722 4961 1762 5014 ἐπὶ

208 5051 427 5107 versiculorum
445 5050 573 5109 evanida
586 5051 692 5125 evasit,
706 5071 830 5126 quorum
850 5053 888 5110 ab
907 5053 961 5110 ini·
1014 5060 1059 5114 τας
1078 5055 1160 5116 λήξεις
1181 5055 1244 5104 ὁδόν.

209 5137 253 5195 εἰσ
276 5157 372 5214 pauca
396 5148 569 5214 emergunt:
590 5145 647 5214 ρίων
658 5183 663 5195 ,
675 5183 681 5194 .
693 5183 699 5195 .
720 5147 757 5196 ὅτι
767 5182 772 5194 .
783 5183 789 5194 .
801 5183 806 5194 .
827 5145 905 5204 λήλας
917 5184 923 5198 .
935 5185 941 5198 .
954 5184 960 5199 .
1051 5145 1074 5217 ²)
1086 5145 1182 5196 νέκυιαν
1196 5141 1241 5198 εἰσ
1253 5141 1315 5198 cod.
1325 5142 1420 5214 vulgo
1431 5145 1534 5196 νιιυίιν.
1547 5140 1624 5197 'I'um
1634 5139 1761 5197 subinde

210 5249 298 5286 ται...
318 5236 344 5283 τό
365 5234 509 5287 ἀλλ.,.ναι
526 5234 636 5288 αὐτὰ...
658 5253 790 5306 συγκρι...
810 5239 961 5294 ταυταῖς...
1015 5233 1035 5288 f.
1054 5235 1113 5306 leg.
1133 5239 1176 5286 καί
1196 5235 1241 5285 ότι.
1260 5231 1305 5286 De
1317 5229 1417 5287 Procli
1433 5230 1552 5303 scriptis
1571 5230 1619 5288 hio
1636 5235 1668 5287 θῖ
1686 5228 1761 5286 alias

211 5323 261 5374 τῶν
281 5324 403 5392 σωμάτων
417 5323 674 5391 προσίχως...όιόσοιι
688 5325 744 5384 ὡς...
759 5323 960 5398 πριηγουμίνα...
1016 5320 1241 5379 occurrentibus
1260 5336 1315 5376 suo
1333 5320 1399 5378 1000
1418 5319 1576 5393 agendum.
