3978 6070
294 513 332 571 84
674 499 747 578 Cur
765 505 971 599 ἰαίσιιφιιίιιο,
989 504 1113 598 throni,
1134 506 1225 581 ίοσιω
1243 505 1462 600 οίιιςιιιίοιίεὲ

295 682 318 746 f.
337 681 390 759 78,
406 683 482 764 post
494 678 646 746 lacunam
663 681 683 745 4
699 701 791 746 vers:
817 728 845 742 ..
861 728 867 741 .
882 679 1037 756 ἀλλήλαις
1054 679 1107 743 καὶ
1123 683 1181 768 οὑχ
1198 685 1237 756 ὡς
1253 733 1260 747 .
1276 732 1305 747 ..
1331 679 1422 771 μόνον
1446 677 1582 769 ὑπεροχή
1607 676 1660 744 καί
1676 679 1778 768 ὑφεσις
1794 729 1801 742 .
1815 731 1844 743 ..

296 786 350 851 καί
365 795 459 851 τοῦτο
476 787 623 874 σημαίνει
639 786 677 868 τό
694 777 734 850 δι’
751 790 819 851 ἴσου
837 786 903 852 πάσ
916 838 922 852 .
937 838 944 850 .
959 838 966 851 .
979 792 1041 852 λων
1060 779 1227 853 διεστάναι·
1246 788 1300 853 καὶ
1316 788 1374 861 τήν
1387 787 1531 877 Λάχεσιν,
1549 797 1606 863 τῆς
1620 787 1774 868 Κλωθοῦς,
1790 789 1848 852 καί

296 903 354 970 τῆς
370 893 537 983 Ἀτρόπου,
553 892 675 966 ταύτην
692 894 745 958 καί
765 893 824 968 τήν
836 895 993 986 ’Ἄτροπον
1010 897 1153 988 περὶτῆς
1177 897 1340 986 Λαχέσεος·
1366 893 1427 961 οἷον
1452 901 1482 961 ἐν
1509 895 1686 986 ἰσοπλεύρῳ
1703 895 1845 986 τριγώνῳ

295 1001 509 1092 τεταγμένας·
532 1011 629 1067 τοῦτο
653 993 687 1068 δὲ
711 1004 783 1095 ὅπερ
809 1006 952 1094 εἴπομεν,
977 1005 1036 1077 τήν
1062 999 1206 1084 σύνταξιν
1232 1008 1334 1069 αὐτῶν
1360 1007 1506 1095 σημαίνει
1529 1004 1588 1076 τήν
1615 1009 1654 1080 ὡς
1686 1007 1747 1069 ἀπό
1773 1006 1846 1094 μίας

255 1140 267 1178 ι
297 1112 398 1188 αἰτίας
421 1109 523 1186 πάσας
548 1110 737 1196 ὑποσπάσας,
762 1113 847 1179 κατά
864 1116 937 1204 μίαν
957 1115 1091 1188 ἰσότητα
1108 1114 1355 1181 συντάττουσαν·
1373 1115 1411 1178 τό
1428 1105 1462 1179 δέ
1478 1105 1515 1187 δὴ
1534 1107 1631 1204 πέριξ,
1648 1111 1707 1184 τήν
1731 1107 1845 1191 ἔξωθεν

295 1219 587 1311 περικαλύπτουσαν
611 1223 667 1286 τόν
691 1221 849 1312 ἄτρακτον
874 1216 966 1302 ζωὴν·
984 1224 1162 1314 περιέχουσι
1177 1223 1236 1316 γάρ
1261 1226 1332 1289 ὅλον
1357 1225 1387 1288 ἐν
1412 1227 1537 1300 ἑαυταῖς
1560 1222 1614 1287 καί
1630 1219 1692 1288 οἷον
1715 1222 1846 1313 περικά-

298 1329 412 1403 θηνται
428 1339 473 1414 τῷ
491 1322 651 1421 σφονδύλῳ
668 1329 876 1420 πανταχόθεν·
894 1328 956 1397 οἰον
973 1338 1000 1398 εἰ
1015 1333 1155 1408 νοήσειας
1170 1332 1194 1416 ¹)
1218 1333 1269 1398 ἐπί
1285 1343 1342 1408 της
1359 1342 1474 1424 κυρτῆς
1495 1335 1673 1422 ἐπιφανείας
1696 1335 1846 1424 τρίγωνον

299 1443 335 1504 ἐκ
350 1449 548 1531 περιφερειῶν
573 1442 656 1517 ἴσων,
680 1439 734 1504 καί
757 1441 842 1507 κατά
865 1441 922 1518 τάς
939 1444 1051 1533 γωνίας
1070 1434 1231 1532 ἱδρυμένας
1255 1443 1306 1506 ἐπί
1326 1441 1438 1533 θρόνων
1456 1440 1512 1518 τάς
1538 1445 1659 1532 Μοίρας·
1683 1444 1763 1508 οὕτω
1786 1443 1849 1534 γάρ

298 1550 351 1614 καί
375 1541 414 1613 δι’
438 1551 505 1614 ἴσου
529 1548 582 1614 καί
611 1542 699 1638 πέριξ
722 1549 841 1627 ταύτας
865 1552 986 1628 νοήσεις
1010 1543 1210 1642 ἐφιδρυμένας
1234 1561 1280 1636 τῷ
1303 1553 1417 1629 παντί,
1441 1551 1496 1615 καί
1518 1550 1585 1640 ἅμα
1610 1551 1665 1639 μέν
1690 1553 1846 1626 ἀλλήλαις

244 1677 270 1715 1⁰
298 1662 476 1748 ὁμοταγεῖς,
501 1655 568 1746 ἅμα
593 1647 625 1723 δέ
649 1666 695 1740 τῷ
719 1661 836 1748 οὐρανῷ
859 1651 1107 1750 περιύάλλουσας
1124 1659 1183 1732 τήν
1201 1663 1321 1725 ἑαυτῶν
1338 1659 1493 1747 φυλακήν.
1510 1657 1588 1735 Τοὺς
1606 1647 1639 1722 δέ
1655 1649 1693 1730 δή
1712 1657 1847 1749 θρόνους,

300 1771 346 1856 ἐφ’
371 1761 412 1830 ὧν
445 1771 681 1842 αύτοξπτικῶς
706 1765 802 1843 αὑτάς
826 1770 953 1845 ἐκείνοις
977 1767 1057 1858 ἑώρα
1085 1767 1155 1832 καθ’
1180 1771 1315 1859 ἡμέρας,
1340 1771 1426 1845 τίνας
1458 1767 1494 1834 ἀν
1518 1770 1632 1859 φαίμεν
1656 1766 1676 1841 ή
1702 1759 1848 1857 δυνάμεις

300 1870 378 1940 εἶναι
402 1872 498 1951 αὑτάς
522 1866 753 1965 ὑποδεχομένας
778 1878 880 1940 αὑτῶν
904 1875 964 1948 τήν
993 1878 1122 1965 μόνιμον
1155 1877 1208 1941 καί
1232 1875 1385 1968 σταθερὰν
1417 1868 1553 1967 ίδρυσιν;
1577 1868 1683 1947 ἐπειδή
1709 1876 1769 1968 γάρ
1792 1877 1848 1941 καὶ

301 1985 442 2074 μένουσιν
467 1989 495 2049 οί
514 1982 582 2072 ,θεοί
597 1988 629 2049 έν
646 1987 751 2061 αὑτοῖς
768 1984 821 2049 καί
837 1986 962 2074 προΐασι
979 1976 1030 2049 διά
1046 1984 1184 2062 πάντων,
1202 1985 1256 2049 καί
1275 1985 1508 2076 ἐπιστρέφουσιν
1532 1990 1574 2061 εἰς
1597 1983 1639 2049 τά
1662 1986 1721 2076 πρό
1745 1991 1848 2050 αὐτῶν

300 2094 354 2158 καί
377 2095 450 2158 οότε
472 2093 510 2158 τό
535 2094 636 2183 μένειν
661 2096 811 2184 χαλῶσιν,
829 2085 882 2159 διά
897 2095 934 2158 τό
951 2095 1099 2184 προϊέναι,
1116 2092 1256 2182 καθάπερ
1274 2099 1306 2159 αί
1322 2092 1428 2184 ψυχαί.
1454 2093 1591 2170 Ταύταις
1614 2093 1673 2186 γάρ
1697 2098 1717 2168 ή
1744 2098 1786 2170 εἰς
1809 2094 1848 2157 τό

246 2215 272 2254 1⁵
301 2200 389 2266 κάτω
411 2192 553 2292 πρόοδος,
578 2199 808 2290 ἀποφοιτώσαις
833 2200 888 2291 μὲν
912 2211 975 2266 τῶν
1000 2203 1118 2278 αἰτίων,
1143 2195 1359 2291 ἐξισταμέναις
1384 2195 1417 2270 δὲ
1441 2205 1562 2294 γίνεται
1585 2207 1715 2268 ἑαυτῶν·
1737 2208 1771 2268 ού

302 2419 325 2484 f.
344 2420 386 2488 78
405 2443 447 2498 v.‚
465 2424 540 2504 post
556 2419 703 2485 eamdem
718 2418 888 2485 lacunam:
915 2418 1114 2508 ...μένειν...
1138 2423 1231 2500 ἐντῷ
1255 2441 1414 2508 καταφυ...
1439 2421 1523 2484 ἐστιν
1547 2421 1619 2482 ἀλλ’
1641 2417 1740 2507 ἅμα...
1765 2421 1849 2482 ἐστιν

301 2530 375 2615 παρ’
401 2527 505 2601 αὐτοῖς
529 2527 582 2590 καί
605 2527 642 2590 τό
666 2530 735 2592 ἐπι.
750 2575 756 2588 .
771 2575 778 2588 .
793 2526 904 2615 φεσθαι
927 2525 1009 2615 μετὰ
1033 2527 1163 2593 τούτων.
1181 2526 1245 2601 Τάς
1262 2525 1316 2614 μέν
1333 2520 1414 2603 ζωάς
1439 2525 1571 2602 ἁπάσας,
1589 2525 1646 2601 τάς
1664 2524 1723 2596 τήν
1749 2523 1847 2614 μονὴν

305 2641 408 2700 αὑτῶν
421 2625 662 2725 ὑποδεξαμένας,
678 2633 794 2724 θρόνοις
812 2629 996 2715 εἰκάζουσιν·
1014 2634 1072 2712 τάς
1089 2627 1122 2700 δὲ
1138 2645 1207 2710 ταῖς
1223 2625 1365 2726 προόδοις
1382 2631 1626 2726 ὑπηρετούσαςή
1642 2637 1851 2722 ἐπιστροφαῖς,

305 2744 465 2833 σχήμασίν
489 2767 580 2822 τισιν,
605 2743 658 2808 καὶ
681 2753 784 2808 ταῦτα
807 2745 1087 2835 παραπετάσματα
1111 2745 1233 2837 γίνεται
1257 2754 1321 2820 τοῖς
1346 2754 1449 2832 σοφοῖς
1472 2742 1578 2831 μύθοις
1601 2752 1660 2819 τῆς
1683 2743 1754 2832 περί
1777 2739 1852 2807 θεῶν

250 2878 277 2915 ιο
305 2850 465 2927 ἀληθείας·
483 2851 536 2916 καί
552 2852 655 2916 τοίνυν
673 2852 805 2918 καὶτῶν
822 2860 942 2945 Μοιρῶν
955 2853 1013 2931 τάς
1030 2847 1221 2944 ἐξηρημένας
1238 2865 1294 2918 τοῦ
1311 2858 1437 2944 ούρανοῦ
1453 2847 1545 2930 ζωάς,
1560 2851 1618 2928 τὰς
1634 2861 1697 2916 τῶν
1715 2853 1851 2940 μονίμων

305 2966 335 3027 ἐν
359 2964 485 3037 ἑαυταῖς
511 2953 672 3050 δυνάμεων
696 2953 865 3053 ὑποδοχάς,
889 2967 919 3029 ἐν
947 2959 992 3038 αῖς
1017 2953 1185 3052 ἱδρυμέναι,
1203 2961 1255 3025 καί
1271 2962 1326 3027 τόν
1343 2960 1469 3052 οὑρανόν
1486 2964 1516 3024 ἐν
1540 2959 1584 3023 ἑνί
1606 2959 1694 3043 τόπῳ
1719 2959 1853 3046 μένοντα

305 3062 581 3160 διαφυλάττουσιν,
607 3068 730 3160 θρόνους
754 3065 924 3137 ὑπολαύεῖν
949 3070 1009 3161 χρή
1035 3068 1196 3161 λέγεσθαι,
1221 3069 1360 3159 καθάπερ
1384 3075 1414 3135 ἐν
1439 3059 1565 3158 Φαίδρῳ
1598 3066 1673 3132 θεῶν
1702 3067 1853 3157 ὀχήματα

306 3190 374 3255 ταῖς
388 3203 424 3245 τε
435 3181 571 3269 πορείαις
588 3181 691 3244 αὑτῶν
705 3173 949 3272 συνεξορμῶσας·
966 3179 1103 3244 ἐλαύνων
1117 3177 1187 3270 γάρ,
1203 3179 1307 3268 φησὶν,
1321 3183 1336 3242 ὀ
1349 3177 1422 3255 Ζεύς
1438 3177 1558 3250 πτηνόν
1576 3175 1670 3266 ἅρμα,
1687 3175 1854 3266 πορεύεται

306 3297 438 3380 πρῶτος·
463 3288 517 3353 καί
539 3282 610 3367 ἑξῆς
635 3290 738 3379 φησὶν,
763 3291 813 3354 ὅτι
836 3288 878 3355 τά
902 3301 964 3355 τῶν
989 3287 1065 3354 θεῶν
1083 3290 1235 3378 ὀχήματα
1258 3288 1425 3379 ἰσορρόπως
1448 3287 1555 3359 εύήνια
1579 3285 1656 3349 ὄντα
1677 3283 1853 3375 πορεύεται,

252 3415 279 3453 2⁵
307 3395 349 3462 τά
374 3387 407 3462 δὲ
430 3396 514 3461 ἄλλα
539 3397 638 3488 μόγις·
663 3396 716 3461 καί
739 3397 798 3488 γάρ
822 3400 887 3464 ἐκεῖ
909 3403 938 3463 οἰ
960 3413 1001 3469 -ζ-ζ-
1023 3399 1146 3486 ήνίοχοι
1169 3405 1232 3460 τῶν
1257 3395 1430 3484 ὀχημάτων
1455 3395 1562 3484 ἕτεροι,
1587 3394 1641 3460 καί
1663 3392 1796 3458 ἐνταῦθα
1820 3399 1852 3457 αἱ

308 3502 575 3595 ἐντεθρονισμέναι
598 3513 660 3570 τῶν
686 3503 807 3594 θρόνων·
832 3497 987 3594 ὑποδοχαὶ
1011 3494 1045 3569 δέ
1061 3503 1154 3593 άμφω
1171 3514 1274 3568 ταῦτα
1292 3506 1405 3592 ἀμφοῖν
1415 3501 1454 3587 ²),
1470 3519 1510 3574 -ξζ-
1526 3500 1596 3566 ἀλλ’
1622 3507 1654 3565 αἰ
1675 3502 1729 3590 μὲν
1754 3519 1855 3566 κινου-

309 3612 417 3701 μένων,
443 3620 475 3676 αἰ
499 3601 532 3676 δέ
556 3611 722 3701 μένοντων·
746 3618 772 3678 εἰ
797 3604 830 3678 δέ
855 3606 892 3685 δή
919 3613 973 3677 καὶ
996 3613 1051 3678 τόν
1068 3612 1165 3677 τόπον
1184 3611 1320 3688 νοήσαις,
1338 3615 1368 3674 ἐν
1386 3617 1410 3696 ᾡ
1426 3609 1556 3695 κεῖσθαι,
1576 3601 1623 3676 δεῖ
1638 3609 1855 3700 φαντασθῆναι

309 3717 381 3795 τοθς
405 3718 527 3810 θρόνους
551 3724 647 3787 ἐκεῖνο
672 3722 708 3786 τό
733 3731 795 3811 φῶς
819 3731 864 3806 τῷ
888 3722 967 3785 κίονι
989 3720 1215 3811 παραπλήσιως
1240 3718 1371 3802 ἀκλινές,
1396 3719 1448 3783 καί
1475 3723 1506 3784 ἐν
1531 3721 1636 3802 ἐκείνῳ
1659 3717 1717 3794 τάς
1741 3719 1855 3808 Μοίρας

312 3819 485 3919 ἱδρυμένας,
508 3829 610 3919 λέγειν
635 3828 749 3894 ἐκεῑθεν
766 3831 821 3894 τόν
839 3820 1009 3919 σφόνδυλον
1029 3839 1122 3893 κινεῖν
1139 3831 1170 3893 ἐν
1187 3837 1232 3912 τῷ
1250 3830 1345 3910 αύτῷ,
1363 3825 1431 3917 τάχ’
1454 3826 1489 3893 ἀν
1508 3818 1669 3904 δυνηθείης
1685 3833 1715 3891 κ’
1736 3825 1771 3891 ἀν
1796 3828 1855 3899 τήν

256 3971 283 4010 20
311 3938 487 4025 φαντασίαν
513 3939 696 4011 άποπλῆσαι
712 3929 968 4028 διαστηματικήν
986 3935 1105 4002 τούτων
1122 3935 1240 4002 ἔννοιαν
1256 3928 1365 4001 λαύεῖν
1385 3936 1559 4027 ἐφιεμένην·
1585 3939 1612 4000 εἰ
1635 3933 1694 4026 γάρ
1719 3928 1777 4013 ἔξω
1800 3945 1855 4000 τοὺ

311 4155 335 4222 f.
354 4158 406 4238 79,
423 4156 458 4222 in
472 4157 590 4223 lacuna
606 4157 625 4222 5
642 4176 743 4222 νοτες
761 4156 888 4244 ούρανοῦ
905 4152 1070 4228 καθήνται.
1087 4152 1149 4218 Καί
1165 4157 1180 4216 ὀ
1197 4157 1227 4218 ἐν
1245 4161 1289 4236 τῷ
1304 4205 1311 4220 .
1327 4205 1334 4220 .
1349 4205 1356 4220 .
1370 4175 1429 4224 στη
1456 4141 1495 4214 δι’
1512 4152 1578 4215 ἰσου
1604 4141 1788 4215 διεστῶνται
1801 4204 1809 4218 .
1824 4203 1832 4216 .
1849 4204 1856 4218 .

311 4264 423 4353 λαχοὺ,
448 4263 467 4334 ή
492 4267 523 4328 ἐν
540 4263 645 4347 ἐκείνῳ
661 4263 832 4339 νοήσεις...
851 4254 979 4352 ἵδρυσιν,
996 4265 1027 4326 ἐν
1043 4255 1068 4346 ᾧ
1084 4259 1191 4326 πάντα
1214 4252 1370 4350 ήδρασται
1394 4259 1468 4349 μένο
1538 4257 1580 4323 τά
1604 4257 1693 4323 αὑτά·
1717 4268 1857 4333 τοιοῦτος

313 4362 347 4437 δέ
370 4377 410 4447 ῶς
434 4362 637 4438 ἐδείκνυν...
661 4373 775 4445 ἐκεῖνος
799 4373 816 4433 ὀ
839 4369 946 4447 τόπος,
971 4369 1004 4435 όν
1023 4365 1103 4435 εἶπεν
1129 4364 1206 4434 εἶναι
1229 4370 1266 4433 τό
1288 4377 1416 4459 φῶς...
1440 4367 1494 4432 καί
1517 4379 1611 4432 τοῦτο
1635 4371 1691 4432 οὑκ
1716 4358 1857 4457 ἀμυδρῶς

314 4468 470 4544 δέδεικται
495 4468 546 4542 διά
569 4487 631 4544 τῶν
656 4475 838 4568 ἔμπροσθεν.
861 4477 959 4567 Μέχρι
984 4476 1039 4565 μέν
1065 4467 1102 4548 δή
1129 4475 1261 4560 τούτων,
1281 4477 1340 4540 ὅσα
1363 4473 1452 4540 κοινά
1475 4465 1690 4567 παραδέδοται
1713 4473 1857 4563 θεάματα

259 4617 285 4656 ει
313 4587 467 4675 περὶτῶν
492 4592 622 4679 Μοιρῶν·
647 4587 732 4653 ἔστιν
757 4577 917 4652 δὲταῦτα
940 4587 977 4651 τό
995 4585 1166 4678 θυγατέρας
1186 4579 1262 4650 εἶναι
1277 4584 1378 4661 πάσας
1395 4595 1452 4661 τῆς
1475 4583 1643 4676 Ἀνάγκης,
1668 4585 1706 4650 τό
1730 4577 1768 4650 δι’
1792 4586 1857 4648 ἰσου

314 4694 481 4778 καθῆσθαι,
498 4696 536 4760 τό
552 4690 649 4787 πέριξ,
666 4697 704 4761 τό
721 4696 847 4784 στέμμα
864 4696 993 4760 ἐπὶτῶν
1010 4699 1151 4785 κεφαλῶν
1164 4695 1189 4781 ³)
1206 4697 1300 4784 ἔχειν,
1317 4695 1354 4758 τό
1374 4692 1648 4783 λευχειμονεῖν,τό
1672 4693 1723 4757 ἐπί
1747 4691 1857 4781 θρόνων

315 4795 353 4877 δή
379 4828 471 4870 τινων
496 4795 646 4894 ίδρυσθαι·
671 4805 780 4871 λοιπόν
805 4796 838 4870 δέ
854 4802 995 4870 ἐντεῦθεν
1011 4802 1069 4879 τάς
1086 4792 1287 4893 διαφερούσας
1305 4807 1408 4868 αὑτῶν
1425 4805 1574 4894 ἐνεργείας
1591 4803 1736 4891 ἐκφαίνει,
1753 4816 1792 4870 ÷.-
1807 4801 1858 4864 καὶ

352 5085 375 5160 ¹)
389 5085 437 5143 Βία
450 5085 569 5145 omnino
582 5086 683 5158 codex,
698 5085 856 5144 manifeste
870 5087 1060 5160 depravatus.
1151 5088 1177 5161 ³)
1189 5086 1313 5145 Proolus
1326 5102 1398 5159 ergo
1410 5084 1531 5158 legebat
1544 5091 1599 5158 περὶ
1612 5087 1661 5139 τῶν
1674 5086 1799 5157 κεφαλῶν,
1815 5083 1861 5140 uti

315 5178 374 5236 Sed
393 5197 431 5236 an
449 5179 609 5253 legendum
628 5183 663 5236 ιιθ
681 5177 759 5235 infra
777 5178 895 5240 νεήιαιςῖ
1116 5194 1207 5250 supra
1223 5195 1251 5250 p.
1265 5175 1307 5247 79,
1321 5175 1400 5249 quod
1412 5173 1507 5248 igitur
1518 5173 1632 5233 frustra
1644 5173 1770 5247 vapulat
1782 5173 1859 5246 apud

351 5269 376 5340 ²)
395 5269 469 5328 Octo
487 5275 518 5328 et
530 5269 633 5328 docem
644 5267 781 5326 asterisci
793 5276 955 5328 ocourrunt
966 5271 997 5327 in
1016 5287 1063 5328 σο·
1115 5265 1369 5324 Herwerdenium.

318 5357 391 5418 όίοε.
