3978 6070
468 513 621 591 Nestorii
634 514 825 611 philosophi
840 514 963 609 fabula
980 517 1022 590 de
1041 516 1182 590 muliere
1201 516 1369 591 Romana.
1638 523 1689 585 ιον

150 687 220 778 περὶ
243 699 305 753 τῶν
331 681 515 778 μεταόολῶν
532 688 645 781 λόγους
661 687 793 775 πάντας,
812 687 960 781 κατάγων
977 689 1087 754 λοιπόν
1104 695 1145 765 εἰς
1170 688 1229 761 τήν
1246 690 1364 780 γένεσιν
1387 691 1500 768 πάσας,
1519 693 1693 784 ἀκοίισομεν

150 800 208 862 ὅσα
225 799 327 887 φησίν·
348 789 500 869 “Ἰ·]πειδή
520 789 545 862 δ’
564 792 615 862 οὖν
631 801 651 881 ¹)
668 796 770 874 πάσας
788 797 845 874 τάς
862 793 961 886 ψυχάς
978 796 1050 873 τοὺς
1068 800 1151 882 βίους
1168 798 1313 887 ᾑρῆσθαι,
1330 798 1432 877 πάσας
1451 800 1526 864 ἰέναι
1541 803 1615 892 πρὸς
1632 801 1691 874 τήν

149 905 283 996 Λάχεσιν
298 958 324 988 ,,
348 906 401 971 καί
423 907 478 972 τόν
504 898 638 998 δαίμονα
655 899 834 997 δέχεσθαιί)
858 912 931 997 παρ’
957 909 1054 982 αὐτῆς
1072 906 1197 997 ρόλακα
1219 908 1272 972 καί
1289 907 1522 999 ἀποπληρωτὴν
1541 912 1642 999 φησίν·
1668 915 1695 976 εἰ

150 1008 201 1079 οὖν
225 1023 324 1079 πᾶσαι
348 1012 403 1102 μὲν
419 1015 565 1104 ᾕρηνται,
582 1010 695 1104 ψυχαῖς
712 1006 745 1080 δὲ
762 1015 887 1106 ἀλόγοις
905 1017 1022 1106 αἵρεσις
1034 1019 1090 1081 οὐκ
1104 1019 1200 1098 ἑστιν,
1218 1009 1363 1108 οὐδὲγάρ
1380 1018 1572 1108 προαίρησις,
1597 1010 1693 1093 δῆλον

112 1150 123 1187 ⁵
149 1128 188 1199 ὡς
213 1125 268 1188 οόκ
291 1118 371 1198 ἦσαν
395 1125 426 1188 ἰν
450 1133 520 1198 ταῖς
544 1123 718 1214 εἰρημέναις
743 1117 934 1213 μεταόολαῖς
952 1124 1076 1216 ἀλόγων
1096 1126 1291 1214 μετοικίσεις,
1309 1124 1379 1190 ἀλλ’
1399 1123 1594 1216 ἀνθρωπίνων
1620 1128 1694 1192 εἰσίν

149 1241 249 1296 πᾶσαι
265 1227 383 1320 ψυχῶν,
399 1229 456 1306 τάς
474 1231 528 1321 μὲν
546 1224 681 1310 ένδόσεις
696 1229 721 1316 ³)
736 1234 853 1310 ὲκείνας
870 1233 1062 1321 ποιουμένων
1075 1235 1129 1298 καί
1145 1233 1197 1300 ἀπ’
1213 1237 1311 1325 ἀρχῆς
1328 1239 1369 1310 εἰς
1386 1237 1474 1311 τέλος
1491 1236 1560 1326 περί
1572 1238 1695 1302 ἐκείνων

149 1341 234 1404 ἐστιν
258 1343 274 1403 6
295 1339 400 1429 λόγος.
425 1338 473 1408 Μή
500 1334 552 1406 οὖν
576 1334 722 1430 ζητῶμεν
746 1340 799 1406 καί
823 1340 928 1434 ἄλογα
953 1336 1019 1427 ζῷα
1046 1353 1110 1419 πῶς
1135 1347 1176 1419 εἰς
1200 1341 1303 1434 ἄλογα
1335 1341 1419 1408 ἄλλα
1443 1342 1589 1432 μέτεισιν,
1614 1342 1698 1410 ἀλλά

151 1450 290 1539 μένωμεν
315 1450 366 1514 ὲπί
390 1459 453 1514 τῶν
477 1453 614 1540 λογικῶν
638 1447 754 1539 ψυχῶν·

149 1669 172 1734 f.
200 1669 279 1735 178:
304 1667 341 1730 τό
365 1666 426 1757 γάρ
450 1660 647 1744 αὐτεξούσιον
660 1664 686 1756 ⁴)
710 1671 740 1732 έν
759 1666 865 1756 μόναις
883 1677 951 1744 ταῖς
966 1672 1110 1759 λογικαῖς
1132 1672 1200 1733 ἐστι
1224 1662 1328 1750 ζωαῖς,
1355 1669 1405 1754 [ὡς
1428 1669 1514 1733 καὶὸ
1533 1667 1696 1746 Ἀθηναῖος

98 1796 123 1833 10
150 1775 243 1853 Ξένος
257 1829 265 1844 .
280 1829 310 1844 ..
334 1778 415 1861 ταῖς]
442 1777 610 1866 ήμετέραις
633 1772 747 1864 ψυχαῖς
763 1775 818 1840 τόν
836 1774 904 1840 θεὸν
922 1787 978 1842 τοῦ
1001 1801 1042 1842 πο
1058 1830 1065 1845 .
1080 1830 1110 1845 ..
1135 1768 1241 1842 δοῦναι
1265 1777 1325 1850 τήν
1348 1770 1497 1856 ἐξουσίαν·
1521 1775 1641 1853 ταότας
1665 1768 1699 1843 δέ

149 1886 254 1973 κυρίας
279 1886 371 1959 οὔσας
396 1895 452 1948 τοῦ
477 1876 690 1972 μεταόαλλεῖν
715 1882 828 1960 ἑαυτάς
846 1882 930 1948 κατά
950 1885 987 1949 τό
1011 1896 1115 1975 χεῖρον
1139 1882 1158 1956 ή
1186 1884 1310 1968 βέλτιον
1335 1884 1393 1949 ὑπό
1417 1896 1475 1962 τής
1499 1885 1697 1974 Είμαρμένης

150 1997 191 2068 εἰς
216 1993 317 2065 ἄλλην
342 1992 397 2056 καί
421 1991 523 2064 ἄλλην
547 1990 722 2057 τάττεσθαι
745 1991 851 2082 χώραν
865 1990 902 2077 ⁵),
928 1988 996 2079 ἐνῇ
1022 1991 1190 2082 ταχθεῖσαι
1206 1977 1316 2075 παίσαι,
1341 2001 1474 2057 νικῶσαν
1500 1991 1555 2081 μὲν
1580 1991 1695 2082 ἀρετ-ἰν

150 2105 180 2166 ἑν
194 2110 240 2184 τῷ
257 2101 365 2190 κόσμῳ
380 2093 578 2190 παρέξονται,
595 2102 708 2165 κακίαν
723 2092 756 2166 δέ
769 2100 968 2189 ήττωμένην,
983 2140 1024 2152 -
1034 2100 1110 2166 Ὅτι
1127 2092 1161 2167 δέ
1177 2101 1230 2166 καὶ
1243 2099 1431 2192 ἀνθρώπιναι
1443 2097 1545 2192 ψυχαὶΙ
1555 2103 1697 2190 μετίασιν

151 2212 204 2273 ἀπ’
230 2209 334 2274 ἄλλων
360 2209 484 2301 ἀλόγων
500 2203 587 2287 ζώων
604 2214 646 2286 εἰς
663 2209 756 2292 ἄλλα,
774 2200 949 2284 δεδήλωκεν
966 2209 1056 2283 καίή
1076 2207 1146 2273 καθ’
1164 2215 1247 2300 ἡμᾶς
1273 2210 1403 2299 ἱστορία,
1428 2208 1482 2273 καί
1506 2209 1614 2298 μικρὸν
1637 2209 1696 2297 πρὸ

99 2331 123 2370 ¹⁵
150 2323 250 2407 ήμῶν.
267 2318 429 2409 Νεστόριος
446 2329 519 2409 γοῦν
536 2314 612 2402 ήνῧ)
629 2322 644 2382 6
662 2320 770 2411 μέγας,
788 2317 865 2408 ἀνήρ
885 2317 1046 2408 ἰερατικός,
1063 2322 1104 2394 εἰς
1120 2315 1180 2389 τήν
1198 2315 1321 2406 Ῥώμην
1340 2317 1534 2407 ἀφικόμενος,
1553 2317 1697 2408 γυναικός

150 2435 221 2515 μιᾶς
244 2436 307 2492 τῶν
333 2426 514 2518 εόπαρόρων
531 2427 567 2513 7),
592 2426 680 2516 μόλις
697 2419 829 2504 ἐξειπεῖν
846 2423 1087 2509 ἑθελησάσηςθ),
1114 2424 1282 2516 θρηνοόσης
1308 2417 1341 2490 δέ
1365 2425 1415 2490 ἐπὶ
1438 2436 1479 2511 τῇ
1498 2425 1607 2515 μνήμῃ
1632 2436 1695 2491 τῶν

150 2532 323 2623 ἔμπροσθεν
349 2537 434 2619 βίων.
458 2535 558 2611 Αὐτὸς
582 2537 712 2600 ἀκοῦσαι
734 2533 863 2626 λέγεται
887 2533 956 2623 περὶ
974 2537 1089 2610 ἑαυτῆς
1109 2532 1299 2622 ἰστοροόσης,
1315 2537 1355 2609 ὡς
1372 2532 1432 2622 ἄρα
1445 2529 1470 2617 ⁹)
1495 2536 1526 2597 ἐν
1542 2524 1694 2623 περιόδοις

149 2640 313 2732 προτέραις
338 2646 368 2707 ἐν
395 2631 581 2731 Ἀδαμάστη
600 2651 658 2718 τῆς
676 2641 826 2718 Ἀττικῆς
846 2641 986 2733 ἐγεγόνει
1002 2633 1218 2731 παιδισκάριον
1236 2641 1391 2715 καπήλοις
1410 2638 1491 2705 τισίν
1515 2646 1697 2732 ὑπηρετοῦν·

148 2747 230 2836 λήθῃ
251 2740 284 2814 δὲ
300 2741 535 2838 ὑπερόαλλοόση
555 2750 722 2838 κατείχετο
746 2758 809 2815 τῶν
834 2749 882 2814 ἀεὶ
901 2748 1185 2840 προσταττομένων
1201 2749 1260 2813 ὑπό
1277 2757 1340 2813 τῶν
1357 2749 1536 2840 χρωμένων,
1554 2749 1607 2814 καί
1624 2755 1699 2817 ἀπε-

95 2889 123 2926 ιο
149 2857 265 2922 κλάετο
288 2855 347 2929 τήν
371 2855 485 2939 λήθην,
511 2857 612 2948 ὥσπερ
636 2859 689 2924 ὅτε
720 2869 824 2922 ταῦτα
855 2859 964 2948 ἔλεγεν
995 2857 1055 2928 τήν
1082 2857 1227 2946 μνήμην·
1253 2852 1405 2946 συμμίξαι
1428 2853 1480 2922 οόν
1512 2860 1612 2934 αὑτήν
1636 2885 1699 2925 τινι

150 2965 305 3056 φάσματι,
329 2965 384 3030 καί
408 2970 538 3039 αἰτῆσαι
563 2967 700 3055 μνήμην·
725 2967 778 3031 καί
796 2967 973 3041 αἰτήσασαν
989 2959 1110 3044 λαθεῖν,
1131 2967 1185 3030 καὶ
1208 2959 1364 3031 λαθοῦσαν
1388 2967 1515 3034 πάντων
1539 2962 1610 3046 ἑξῆς
1632 2979 1696 3034 τῶν

149 3074 265 3140 ἐκεῖθεν
290 3066 561 3163 διαμνημονεύειν·
585 3075 729 3169 γενέσθαι
751 3071 803 3140 οὖν
828 3075 926 3148 αὐτήν
952 3081 991 3152 ὡς
1015 3075 1175 3166 ἐμέμνητο
1200 3074 1269 3164 μετ’
1293 3079 1409 3141 ἐκεῖνον
1434 3077 1488 3141 τόν
1515 3077 1581 3161 βίον
1606 3078 1696 3154 κυνός

150 3181 253 3272 ψυχήν
269 3179 318 3267 ¹⁰),
343 3184 397 3247 καί
422 3181 628 3273 ἄχθεσθεῖσαν
646 3183 726 3273 μετά
750 3184 809 3255 τήν
827 3177 972 3274 σόνερξιν,
989 3178 1067 3248 ὦσαι
1083 3185 1138 3248 τὸν
1155 3183 1232 3249 κόνα
1248 3187 1282 3250 ἐκ
1305 3183 1414 3276 τέγους
1438 3208 1531 3268 τινος,
1551 3189 1698 3251 ἀπαλλα-

150 3303 246 3384 γῆναι
270 3292 464 3382 βουλομένην
488 3303 544 3358 τοῦ
569 3284 682 3383 δεσμοῦ
706 3293 760 3357 καί
786 3303 844 3368 τῆς
874 3283 982 3358 ἀδίκου
1010 3286 1148 3383 πράξεως
1174 3297 1215 3368 εἰς
1239 3293 1294 3358 τόν
1319 3291 1396 3357 κόνα
1420 3285 1510 3367 δίκην
1534 3295 1697 3359 τείνουσαν

97 3421 123 3460 τε
151 3407 193 3476 εἰς
216 3401 284 3490 ὅφιν
300 3401 409 3466 ἐλθεῖν
427 3401 481 3466 καί
497 3406 613 3467 ἐκεῖνον
630 3412 753 3467 κτεῖναι
770 3391 1005 3491 δυσχεράνασαν
1021 3400 1081 3472 τήν
1099 3397 1246 3490 ψόχωσιν·
1264 3402 1447 3467 ἐκτείνασαν
1465 3403 1558 3468 αὐτόν
1577 3397 1699 3493 ἀμάξης

150 3510 341 3600 κινουμένης,
366 3508 535 3599 ἔμπροσθεν
560 3520 617 3586 τῆς
641 3503 775 3599 ἁμάξης,
800 3513 942 3575 κάκεῖνον
969 3511 1023 3600 μέν
1048 3533 1199 3600 κατατμη

150 3727 173 3793 f.
194 3729 256 3795 178
274 3750 322 3794 v.:
351 3724 456 3810 [θέντα
480 3724 674 3791 ἀπολεῖσθαι·
702 3722 782 3815 μετά
807 3716 840 3789 δέ
868 3727 983 3790 ἐκεῖνον
1013 3723 1127 3815 ἄρκτον
1155 3724 1336 3816 γενομένην,
1360 3725 1414 3788 καί
1437 3724 1491 3790 τόν
1514 3724 1698 3815 είμαρμένον

149 3835 259 3925 χρόνον
283 3844 328 3919 τῷ
352 3828 422 3919 ζώω
446 3827 636 3923 συμόιοῦσαν
653 3837 693 3909 εἰς
711 3831 869 3923 ἄνθρωπον
887 3831 1008 3918 ἐλθεῖν]
1026 3833 1145 3904 ἐκείνην
1164 3830 1231 3920 [μὲν
1251 3824 1303 3894 οὖν
1321 3831 1374 3895 καί
1397 3835 1466 3918 τῆς)
1495 3833 1621 3921 μνήμης
1645 3833 1699 3898 καί

150 3951 212 4006 τῶν
226 3943 276 4008 ἐπί
288 3953 328 4028 τῇ
344 3942 464 4032 μνήμῃ·
479 3940 596 4031 θρήνων
613 3945 629 4004 6
646 3939 808 4030 Νεστόριος
828 3939 951 4025 ἰάσατο,
964 3938 1042 4014 θεοῖς
1055 3938 1251 4030 χρησάμενος
1262 3935 1300 4026 Η)
1316 3950 1481 4030 συνεργοῖς,
1496 3941 1548 4005 καί
1560 3941 1630 4031 περὶ
1643 3952 1697 4006 τοῦ

96 4069 123 4106 ³⁰
152 4051 323 4139 μέλλοντος
340 4052 421 4138 ἔχειν
440 4051 582 4135 ἀμείνους
598 4040 727 4124 ἐλπίδας
740 4049 894 4121 ἐποίησεν.
909 4049 964 4112 Ἐκ
978 4039 1012 4114 δὲ
1027 4047 1148 4112 τούτων
1172 4047 1232 4136 χρή
1251 4042 1369 4130 λαθεῖν,
1387 4049 1437 4112 ότι
1453 4049 1506 4112 καί
1523 4048 1575 4113 ἀπ’
1593 4048 1698 4113 ἄλλων

152 4152 238 4238 ζώων
263 4163 304 4234 εἰς
328 4157 412 4223 ἄλλα
436 4157 520 4222 κατά
544 4149 635 4230 δίκην
652 4159 792 4249 γίνονται
809 4157 1027 4246 μεταστάσεις,
1044 4157 1098 4222 καί
1115 4147 1153 4220 δι’
1172 4149 1294 4222 ἀδικίαν
1312 4162 1353 4233 εἰς
1371 4156 1558 4248 ἀγριώτερα,
1582 4157 1635 4220 καί
1658 4162 1698 4232 ὡς

150 4271 234 4333 ἐστιν
258 4268 312 4332 καί
335 4271 365 4333 ἐν
390 4267 515 4358 ἀλόγοις
540 4258 646 4331 ἀδικία
671 4267 724 4331 καί
748 4257 940 4344 δικαιοσύνη,
967 4264 1022 4330 καί
1045 4265 1171 4330 πάντων
1197 4257 1267 4339 δίκη
1294 4267 1347 4331 καί
1370 4265 1463 4355 νόμος
1487 4267 1604 4355 ἔφορος.
1623 4263 1699 4330 Ὀτι

152 4375 206 4465 μὲν
231 4370 282 4440 οὖν
299 4373 401 4452 πάσας
418 4375 476 4453 τάς
492 4379 523 4441 ἐν
540 4386 610 4452 ταῖς
629 4372 761 4466 αἱρέσεσι
778 4372 909 4450 ταόταις
927 4366 1106 4464 μεταόολάς
1124 4371 1230 4464 ψυχῶν
1248 4369 1326 4440 εἰναι
1343 4366 1391 4440 δεῖ
1405 4368 1539 4464 νομίζειν
1562 4377 1703 4465 λογικῶν,

150 4482 169 4554 ἢ
196 4489 236 4559 εἰς
260 4483 302 4550 τά
318 4485 411 4574 όμοια
428 4483 675 4575 μεθισταμένων,
693 4483 712 4556 ἢ
731 4487 772 4559 εἰς
789 4481 831 4547 τά
847 4484 987 4572 ἀνόμοια,
1004 4481 1092 4556 καίή
1111 4483 1161 4548 ἐπί
1177 4484 1214 4548 τό
1239 4495 1390 4575 κρεῖττον,
1413 4482 1432 4556 ἢ
1459 4483 1510 4550 ἰπί
1532 4484 1571 4548 τό
1594 4493 1698 4573 χεῖρον

189 4732 211 4807 ¹)
228 4732 367 4808 Reipubl.
386 4753 416 4807 x,
433 4753 461 4809 p.
479 4734 540 4792 317.
999 4733 1071 4808 ⁷>In
1083 4729 1218 4805 margine
1231 4736 1368 4788 notatur:
1382 4731 1529 4804 Εῖτάρυφις
1543 4735 1637 4804 ῖιγαοιῖ
1650 4751 1700 4783 τα-

187 4822 210 4897 ²)
227 4823 266 4878 Η.
285 4827 411 4892 λέχεοθαι.
953 4828 1008 4895 τρίς
1027 4826 1146 4896 θυγάτηρ.
1166 4822 1276 4879 Mirum
1294 4820 1379 4878 addit
1396 4822 1436 4877 M.

149 4911 152 4916 ’
186 4913 211 4986 ³)
230 4913 270 4970 M.
290 4916 449 4984 μιτινῖόοιις.
1000 4914 1023 4986 8)
1042 4912 1090 4968 sic
1110 4911 1172 4968 cod.
1192 4911 1230 4968 H.
1249 4915 1390 4974 θιλισάσης.

186 5003 211 5075 ⁴)
230 5003 269 5058 M.
288 5003 375 5076 plura
393 5020 449 5059 om.
468 5020 564 5076 usquo
583 5003 621 5060 ad
639 5005 768 5076 ἰμιτῖρας.
1000 5002 1024 5074 ⁹)
1042 5001 1080 5057 Η.
1099 4999 1119 5056 f.
1141 5001 1200 5056 114.

189 5092 211 5164 ⁵)
229 5091 268 5147 M.
289 5097 384 5164 μοῖραν.
990 5091 1023 5166 ¹⁰)
1041 5092 1077 5146 In
1096 5089 1231 5162 margine
1250 5095 1350 5148 vetere
1367 5107 1472 5147 manu:
1487 5092 1601 5163 διήγημα
1616 5091 1700 5160 ψευδέ-

186 5182 210 5256 6)
229 5181 269 5236 Μ.
287 5178 318 5238 ἀν
338 5178 386 5234 οὖν.
406 5179 490 5237 Idem
508 5179 539 5236 in
555 5187 630 5238 nota
649 5181 831 5239 «Nestorius
850 5200 899 5254 pa·
953 5203 1051 5250 οτατον,
1064 5183 1202 5238 narratio
1220 5183 1458 5254 mendacissima,
1472 5179 1593 5238 additur
1609 5180 1701 5238 inter·
1763 5177 1764 5182 ’

149 5278 197 5329 ter
214 5271 371 5331 Plutarchi
382 5271 534 5346 platonici,
547 5271 598 5344 qui
611 5271 769 5345 Syrianum
788 5272 896 5345 docuit,
951 5275 1037 5344 prete
1055 5270 1096 5327 M.

150 5361 294 5437 syrianus
313 5367 414 5420 autem
432 5359 573 5418 Proolum
591 5366 727 5418 nostrum
734 5382 760 5418 ν.
989 5362 1025 5438 ¹¹)
1043 5361 1081 5418 Η.
1100 5362 1234 5434 χρώμενος.
1253 5360 1294 5417 11
1313 5360 1399 5434 plura
1418 5379 1474 5420 om.
