4006 6074
284 554 301 608 ο
681 543 833 616 Fabulae
850 543 986 636 οίαραίσ
1006 549 1208 635 armamenta
1226 544 1433 618 οαηιικοίίηι.

284 722 306 787 f.
327 723 389 786 116
410 717 473 802 [καὶ
489 721 520 782 έν
544 726 614 792 ταῖς
630 710 767 800 λήξεσιν,
785 717 838 782 καὶ
862 721 892 781 ἑν
918 726 986 792 ταῖς
1004 708 1162 807 δευτέραις
1178 707 1323 792 καθόδοις
1346 722 1387 793 είς
1405 715 1463 791 τὴν
1481 717 1611 808 γένεσιν.
1636 719 1671 782 Ὁ
1698 718 1751 808 μέν
1776 711 1829 782 οὖν

284 820 462 901 δικαστικός
486 826 594 911 τόπος]
619 827 702 890 ἐστίν
727 819 846 915 μεταξὺ
868 827 936 915 [γῆς
954 823 1008 888 καί
1025 827 1161 905 οὐρανοῦ·
1179 828 1213 889 οό
1231 817 1312 889 διότι
1328 825 1433 915 μό]νος
1449 831 1562 903 ἐκεῖνος
1579 829 1644 916 ἔχει
1668 817 1830 907 δικαστάς,

284 939 355 1000 ἀλλ’
373 936 422 998 ότι
437 945 601 1023 πανταχοῦ
618 934 767 1024 προσῆκει
783 943 849 1010 τοῖς
873 924 1048 1007 δικασταῖς·
1075 931 1127 1016 [τά
1153 934 1242 1022 μέσα,
1266 945 1312 1017 τῷ
1329 935 1425 1024 νόμῳ]
1451 941 1638 1000 ἑπανισοῦσι·
1663 934 1704 1000 τά
1719 945 1830 1026 πρῶτοι

270 1044 337 1107 καὶ
361 1041 402 1107 τά
430 1045 561 1132 [ἔσχατα
586 1044 761 1128 ἀλλήλοις]
786 1048 825 1117 ὡς
850 1043 943 1129 ἡμὲν
959 1039 1116 1129 πεμπτάς,
1140 1037 1216 1107 οθσα
1241 1043 1318 1132 μέση
1345 1053 1409 1118 τῆς
1424 1034 1586 1128 [ἐννεάδος]
1607 1043 1660 1106 καί
1686 1035 1830 1133 μονάδος,

244 1178 256 1214 ι
286 1150 349 1241 ἱερά
371 1153 503 1241 λέγεται
526 1161 584 1227 τῆς
604 1143 729 1237 [δίκης]
746 1151 788 1216 τά
806 1143 839 1216 δὲ
856 1152 1009 1240 χάσματα
1026 1150 1067 1216 τά
1085 1142 1192 1236 διπλοῖ,
1208 1151 1249 1216 τά
1265 1156 1306 1226 είς
1324 1152 1449 1240 οὐρανόν
1471 1155 1637 1236 [τεί]νοντα
1662 1153 1722 1215 ἀπό
1739 1143 1830 1216 τοῦδε

285 1272 338 1326 τοῦ
356 1260 465 1339 τόπου,
489 1261 543 1325 καί
568 1264 609 1334 εἰς
625 1259 685 1350 γῆν
703 1261 854 1351 ἀναγωγά
871 1285 906 1326 τε
923 1261 976 1324 καί
999 1260 1185 1350 καταγωγά,
1211 1251 1321 1336 διπλᾶς
1338 1259 1384 1325 ἐπ’
1403 1259 1494 1348 ἄμφω
1509 1253 1613 1338 τάξεις
1630 1262 1828 1348 παρίστησιν,

285 1371 425 1458 οὐρανίας
449 1369 502 1431 καὶ
525 1367 663 1457 χθονίας,
687 1378 727 1453 τῇ
748 1366 802 1457 μὲν
821 1368 1000 1460 ἀναγωγοὺς
1016 1374 1057 1444 είς
1075 1369 1199 1457 οὐρανὸν
1220 1367 1255 1431 ἀν
1280 1368 1342 1434 ἀπό
1357 1369 1504 1459 γενέσεως
1522 1368 1575 1432 καί
1598 1368 1827 1458 προϊσταμένοις

285 1478 391 1567 ἑτέρας
416 1477 570 1567 γενέσεως,
596 1487 636 1561 τῇ
664 1467 697 1541 δὲ
720 1476 912 1553 κολαστικάς
936 1475 988 1540 καί
1012 1477 1072 1542 ὑπό
1089 1486 1148 1566 γῆς
1164 1475 1356 1553 συνωθούσας
1373 1476 1429 1552 τάς
1447 1469 1532 1553 ἀξίας
1548 1486 1606 1552 τῆς
1630 1479 1748 1552 τίσεως·
1772 1475 1831 1551 τάς

285 1576 319 1650 δὲ
334 1577 524 1674 χωριζοόσας
542 1587 594 1648 ἀπ’
611 1586 733 1648 ἐκείνων
750 1595 812 1648 τῶν
833 1585 936 1649 τόπων
953 1584 1006 1649 καί
1022 1590 1062 1658 εἰς
1079 1584 1196 1676 γένεσιν
1212 1585 1418 1676 περιαγοόσας
1428 1583 1465 1668 ¹).
1483 1584 1530 1648 Τά
1548 1575 1581 1649 δὲ
1597 1575 1634 1655 δὴ
1654 1594 1771 1672 σημεῖα
1788 1583 1831 1648 τά

232 1713 258 1750 ¹⁰
285 1693 518 1782 περιαπτόμενα
541 1703 608 1768 ταῖς
634 1685 839 1768 δικασθείσαις
863 1691 992 1782 ψυχαῖς,
1016 1692 1057 1757 τά
1082 1691 1135 1781 μὲν
1160 1691 1283 1756 ὄπισθεν
1315 1691 1374 1763 τόν
1404 1691 1616 1782 γενεσιουργόν
1641 1682 1831 1756 ἐνδείκνυται

286 1795 380 1884 ζωὴν,
404 1799 446 1864 τά
470 1791 503 1864 δέ
525 1798 707 1890 ἔμπροσθεν,
731 1799 791 1870 τὴν
815 1799 933 1890 νοεράν·
960 1792 1041 1865 διότι
1065 1801 1117 1864 καὶ
1140 1807 1159 1874 ῆ
1186 1801 1240 1889 μὲν
1258 1801 1361 1876 νόησις
1378 1805 1419 1876 εἰς
1439 1798 1480 1864 τά
1504 1800 1564 1890 πρό
1588 1803 1685 1876 αὐτῆς
1711 1801 1833 1884 βλέπει,

285 1914 305 1982 ἡ
332 1901 365 1973 δὲ
388 1908 474 1998 φόσις
499 1912 539 1984 είς
563 1907 604 1972 τά
630 1907 711 1996 μετά
736 1908 857 1981 ταύτην
875 1907 967 1999 ῥέπει,
985 1908 1039 1972 καί
1055 1909 1155 1998 χαίρει
1171 1918 1235 1984 τοῖς
1252 1907 1411 1982 ὀπισθίοις.
1430 1908 1464 1972 Ὁ
1482 1898 1515 1972 δὲ
1532 1900 1569 1980 δὴ
1592 1905 1707 1995 λειμὼν
1732 1904 1832 1975 αὐτὴν

286 2007 477 2082 ἐνδείκνυται
501 2015 560 2088 τὴν
586 2015 749 2106 ἀκρότητα
765 2026 823 2092 τῆς
840 2017 996 2108 γενέσεως,
1013 2021 1054 2091 εἰς
1070 2015 1108 2088 ἢν
1127 2021 1159 2080 αἱ
1174 2013 1271 2104 ψυχαί
1287 2015 1460 2104 συρρέουσιν
1477 2014 1593 2080 ἀνωθεν
1611 2013 1665 2078 καί
1680 2012 1832 2094 κάτωθεν,

285 2134 344 2200 τῆς
370 2125 509 2214 αἱρέσεως
533 2124 622 2190 ἕνεκα
646 2133 708 2189 τῶν
734 2125 893 2216 γενέσεων·
911 2129 930 2198 ῆ
950 2114 983 2190 δὲ
999 2125 1140 2213 χιλιέτης
1158 2123 1218 2188 ὑπό
1235 2132 1292 2213 γῆς
1309 2125 1429 2211 πορεία,
1446 2121 1504 2192 τῆν
1526 2120 1653 2212 χθονίαν
1678 2111 1833 2209 περίοδον·

233 2247 258 2283 ¹⁵
286 2225 378 2307 κόόος
402 2231 461 2322 γάρ
485 2239 504 2306 ἡ
528 2231 633 2322 χιλιάς
653 2231 716 2297 ἀπό
733 2223 871 2309 δεκάδος,
888 2233 942 2296 καὶ
959 2223 1010 2297 διά
1027 2243 1119 2296 τοῦτο
1136 2229 1279 2319 σόνθημα
1295 2228 1420 2318 χθονίοις
1435 2222 1526 2306 ζωῆς·
1544 2227 1582 2294 τό
1600 2219 1634 2292 δέ
1651 2227 1833 2317 μυκώμενον

287 2340 427 2428 στόμιον,
451 2333 567 2418 τάξεως
593 2331 754 2429 δαιμονίας
779 2331 967 2430 διοριστικῆς
991 2353 1035 2415 -;·
1057 2353 1102 2416 -ζ-
1124 2352 1168 2415 -ζ-
1191 2348 1252 2404 τῶν
1277 2362 1312 2402 τε
1332 2341 1529 2402 κολαστικῶν
1553 2337 1606 2400 καὶ
1630 2345 1691 2399 τῶν
1716 2359 1834 2426 γενεσι-

288 2446 445 2537 ουργῶν’)
468 2439 617 2538 περιόδων
634 2453 682 2525 εἰς
706 2447 765 2518 τὴν
789 2457 847 2524 τῆς

288 2666 311 2732 f.
327 2666 390 2731 116
404 2687 433 2732 ν.
452 2663 598 2746 [σελήνης
615 2662 717 2754 σειράν
735 2663 964 2754 ἀνηρτημένης,
981 2657 1018 2739 ἧς
1034 2661 1088 2726 καὶ
1105 2665 1120 2725 ὁ
1134 2659 1227 2752 μῦθός
1241 2663 1324 2724 ἐστιν
1340 2660 1425 2750 ίερός.
1440 2666 1465 2723 Τ
1467 2659 1485 2725 ό
1501 2650 1534 2723 δὲ
1547 2648 1585 2730 δὴ
1601 2667 1662 2746 φῶς
1676 2656 1714 2722 τό
1726 2647 1836 2730 διῆκον

289 2763 327 2837 δι’
349 2772 426 2847 όλης
441 2781 498 2847 τῆς
516 2773 649 2861 οόρανῶν
666 2781 838 2862 περιφοραῖς,
856 2770 949 2836 αὐτόν
968 2761 1061 2844 δηλοῖ
1076 2770 1130 2836 τόν
1148 2770 1244 2834 τόπον
1261 2775 1301 2844 εἰς
1319 2767 1350 2833 όν
1368 2759 1556 2857 ἑνήδρασται
1572 2766 1708 2857 οὐρανός,
1725 2764 1837 2853 όχημοι

233 2891 262 2928 ¹⁰
290 2890 414 2970 πρῶτον
432 2877 465 2944 θν
483 2883 552 2965 τῆς]
580 2882 719 2969 οόρανίας
748 2874 861 2964 [ζωῆς]
884 2879 919 2942 ’0
938 2871 970 2945 δὲ
988 2875 1028 2956 είς
1045 2869 1213 2967 σφόνδυλος
1233 2876 1298 2962 [καί
1315 2882 1342 2941 οἱ
1359 2875 1450 2961 ἑπτά]
1469 2873 1528 2944 τόν
1553 2879 1677 2947 ἀπλανῆ
1703 2873 1757 2936 καὶ
1779 2871 1837 2947 τάς

287 2987 369 3054 ἑπτά
393 2971 624 3076 σημαί[νουσιν]
650 2989 789 3077 σφαίρας,
814 2987 855 3052 τά
879 2978 923 3052 δέ
936 2987 1092 3078 ἄγκιστρα
1114 2985 1185 3062 τοὺς
1202 2985 1326 3065 πόλους,
1346 2984 1400 3047 καί
1422 2983 1478 3048 τόν
1504 2976 1606 3060 ἀξωνα
1629 2987 1648 3054 ῆ
1674 2979 1837 3055 ἠλακάτη·

289 3088 338 3160 διό
361 3094 541 3160 καὶταῦτα
566 3091 620 3182 μέν
645 3087 677 3172 ἐξ
702 3085 892 3182 ἀδάμαντος,
916 3099 955 3170 ὡς
980 3093 1120 3183 ἄτρεπτα
1144 3095 1198 3158 καὶ
1226 3085 1402 3182 ἀδιαίρετα·
1433 3097 1460 3155 οί
1485 3083 1518 3156 δέ
1539 3082 1705 3180 σφόνδυλυι
1728 3088 1783 3152 καὶ
1806 3081 1839 3164 ἐξ

290 3203 393 3268 ἄλλων
417 3211 513 3292 γενῶν
532 3191 583 3264 διά
600 3199 660 3274 τὴν
677 3205 712 3266 ἐκ
727 3211 790 3266 τῶν
810 3203 973 3291 στοιχείων
992 3202 1151 3270 σόστασιν.
1169 3204 1202 3266 Ἡ
1219 3193 1252 3266 δὲ
1269 3195 1306 3265 αθ
1324 3199 1444 3291 ἀνάγκη
1462 3200 1634 3289 παρίστησι
1650 3196 1708 3270 τὴν
1726 3197 1801 3286 μίαν
1811 3196 1839 3282 ³)

292 3307 432 3382 θεότητα
448 3307 508 3386 τὴν
526 3319 725 3399 προεστῶσαν
743 3319 800 3385 τῆς
815 3310 1012 3398 εἱμαρμένης,
1027 3311 1081 3375 καὶ
1098 3309 1156 3385 τὴν
1172 3303 1262 3387 τάξιν
1280 3319 1342 3373 τῶν
1359 3309 1505 3398 οὐρανίων
1518 3299 1724 3397 κυόερνῶσαν,
1739 3302 1838 3374 αὐτὴν

236 3426 264 3468 ²⁵
291 3409 431 3490 δηλοῦσα
455 3416 514 3488 τὴν
531 3416 615 3506 παρά
631 3427 695 3492 τοῖς
712 3415 867 3508 θεολόγοις
885 3417 991 3506 Θέμιν·
1010 3422 1041 3480 αί
1058 3408 1090 3482 δέ
1107 3427 1220 3506 μοῖραι,
1238 3415 1295 3491 τάς
1320 3414 1589 3504 κατανειμαμένας
1610 3412 1669 3483 τῆν
1693 3411 1838 3501 πρόνοιαν

290 3535 348 3600 τῆς
362 3523 481 3615 μητρός
499 3515 641 3612 Θεμίδος·
660 3524 748 3595 καίῆ
768 3522 822 3611 μὲν
840 3521 959 3587 Κλωθὼ
975 3522 1034 3593 τὴν
1053 3527 1177 3594 ἀπλανῆ
1192 3527 1335 3611 λαχοῦσα
1352 3532 1494 3612 σφαῖραν,
1510 3527 1529 3593 ῆ
1549 3511 1582 3586 δὲ
1601 3520 1755 3609 Ἀτροπος
1777 3515 1837 3586 τὴν

289 3631 508 3720 πλανωμένην,
533 3636 553 3705 ῆ
580 3621 613 3696 δὲ
635 3631 777 3720 Λάχεσις,
795 3631 850 3696 τόν
868 3631 939 3695 ὁλον
965 3631 1102 3720 οὐρανόν.
1124 3631 1158 3696 ‘0
1177 3622 1210 3695 δέ
1233 3631 1396 3719 προφήτης
1420 3629 1474 3692 καί
1496 3638 1582 3692 πῖισα
1606 3634 1625 3700 ῆ
1652 3631 1723 3691 κατ’
1742 3623 1837 3689 αὐτόν

291 3737 374 3829 σειρά
397 3733 486 3818 τάξιν
511 3738 683 3830 ἀγγελικὴν
707 3741 857 3829 ἐμφαίνει,
883 3739 981 3828 μέσην
998 3739 1021 3822 ¹)
1040 3748 1097 3813 τῆς
1115 3761 1149 3802 τε
1175 3739 1314 3828 μοιραίας
1340 3735 1489 3812 θεότητος
1514 3735 1649 3810 καὶτῆς
1674 3726 1836 3822 δαιμονίας

290 3848 444 3937 προνοίας,
461 3857 523 3911 τῶν
541 3845 679 3936 ψυχικῶν
706 3849 780 3932 βίων
803 3845 987 3937 προστάτιν.
1005 3848 1039 3911 ‘0
1057 3837 1090 3910 δὲ
1107 3845 1243 3934 εἰληχὼς
1260 3835 1378 3933 δαίμων
1396 3845 1480 3910 ἐστὶν
1499 3847 1513 3907 ό
1539 3851 1601 3908 τῶν
1619 3849 1839 3933 γενεσιουργῶν

236 3958 264 3996 ³⁰
293 3956 365 4040 βίων
389 3957 504 4045 ἔφορος,
528 3948 682 4046 κυόερνῶν
706 3965 809 4020 πᾶσαν
834 3960 923 4045 ἡμῶν
948 3954 1007 4026 τὴν
1032 3959 1062 4020 έν
1086 3965 1126 4039 τῆ
1146 3955 1267 4044 γενέσει
1282 3953 1457 4020 πολιτείαν,
1476 3957 1513 4016 Οί
1529 3943 1562 4017 δέ
1585 3944 1624 4014 αθ
1647 3954 1759 4039 κλῆροι
1783 3971 1840 4019 ση-

292 4063 436 4150 μαίνουσι
460 4061 518 4134 τῆν
544 4060 697 4150 κοσμικὴν
722 4055 822 4145 τάξιν,
846 4061 906 4135 τὴν
932 4055 1135 4153 ἀφορίζουσαν
1159 4073 1227 4139 ταῖς
1251 4058 1364 4151 ψυχαῖς
1388 4060 1459 4136 τοὺς
1482 4059 1695 4149 ὀφειλομένους
1719 4054 1837 4141 ἑκάστῃ

292 4168 376 4235 κατά
400 4168 459 4244 τὴν
485 4162 573 4248 ἀξίαν
599 4171 693 4254 βίους,
717 4169 755 4244 ἢν
779 4176 798 4244 ῆ
825 4170 881 4236 τόν
906 4172 977 4234 όλον
1002 4170 1130 4260 οὐρανόν
1155 4161 1370 4234 διατάττουσα
1394 4167 1526 4256 Λάχεσίς
1551 4169 1634 4231 ἐστιν
1650 4163 1787 4255 ἡγεμών·
1812 4167 1841 4226 οί

293 4268 327 4342 δὲ
352 4279 422 4360 βίοι,
446 4275 487 4341 τά
513 4267 578 4350 εἴδη
604 4285 666 4340 τῶν
691 4289 913 4370 γενεσιουργῶν
937 4273 1034 4356 ζωῶν,
1058 4288 1121 4342 τῶν
1146 4281 1180 4344 ἐκ
1203 4289 1259 4343 τοῦ
1282 4276 1400 4352 παντός
1425 4273 1663 4363 ἀπονεμομένων
1688 4281 1756 4346 ταῖς
1780 4293 1839 4333 κα-

293 4385 429 4462 τιοόσαις
453 4381 565 4476 ψυχαῖς
589 4385 740 4452 πλειόνων
764 4387 783 4464 ἢ
809 4388 995 4454 ἐλασσόνων·
1021 4392 1054 4451 αἱ
1078 4379 1111 4452 δέ
1134 4389 1273 4478 αἱρέσεις,

221 4581 265 4637 ’35
294 4601 317 4669 ί.
336 4603 399 4668 117
418 4593 584 4690 [προθολάς
607 4601 711 4692 λόγων
735 4601 819 4668 κατά
843 4600 901 4675 τὴν
920 4601 1147 4694 αότενέργητον
1164 4610 1226 4665 τῶν
1244 4596 1349 4690 ψυχῶν
1368 4591 1508 4688 δύναμιν,
1525 4590 1775 4686 ἑναρμοζομένων
1799 4605 1839 4679 τῇ

294 4699 384 4785 τάξει
408 4716 463 4770 τοῦ
488 4709 614 4784 παντός·
639 4714 672 4771 αἱ
696 4702 729 4774 δὲ
745 4715 786 4786 εἰς
803 4705 934 4801 διάφορα
951 4704 1016 4787 ζῶα
1034 4703 1220 4797 μετατάξεις
1237 4711 1353 4798 ἀμείνω
1370 4708 1424 4772 καί
1439 4709 1554 4798 χείρω]
1574 4717 1632 4781 τῆς
1656 4699 1737 4784 ζωῆς
1765 4706 1843 4788 [ποι-

295 4815 396 4898 κίλας]
424 4805 586 4891 διεξόδους,
609 4815 694 4880 κατά
710 4815 767 4894 τάς
785 4810 947 4908 διαφόρους
964 4809 1122 4906 δυν[άμεις
1138 4815 1282 4908 λογι]κάς
1306 4817 1360 4881 καί
1378 4816 1520 4905 ἀλόγους,
1536 4824 1599 4879 τῶν
1609 4812 1636 4900 ⁵)
1659 4814 1772 4900 όμοίων
1797 4812 1844 4874 ἀεὶ

294 4921 369 5012 πρός
397 4921 450 5006 [τά
466 4922 569 5008 ὅμοια]
588 4924 762 5014 φερομένων
779 4924 863 4990 κατά
880 4926 939 4998 τῆν
956 4929 987 4991 ἐν
1005 4935 1050 5009 τῷ
1067 4925 1175 5016 κόσμῳ
1193 4917 1294 4998 δίκην.
1313 4933 1338 4989 Τ
1340 4925 1358 4990 ό
1374 4916 1408 4990 δέ
1423 4934 1481 4999 τῆς
1497 4921 1598 4998 λήθης
1617 4913 1723 4988 πεδίον
1741 4929 1843 4984 πᾶσαν

335 5190 357 5263 ¹)
375 5192 537 5264 mmm,
557 5191 594 5248 H·
1100 5195 1159 5264 μίαν
1179 5196 1293 5261 νεότητα,
1314 5192 1398 5250 nulla
1416 5189 1542 5248 inserita
1560 5185 1807 5262 interpunctione.

333 5279 535 5352 ²)f01.4911.
1134 5284 1159 5357 4)
1181 5284 1243 5353 μισ,
1263 5283 1300 5337 H.

334 5367 359 5443 ³)
378 5369 422 5427 τοι
438 5368 503 5439 βίαν,
516 5371 669 5428 neman.
682 5371 791 5430 Procul
812 5373 901 5432 dubio
919 5375 981 5431 oon.
1002 5375 1044 5432 ιο
1136 5375 1158 5448 ⁵)
1179 5371 1212 5426 n
1230 5371 1268 5428 H.
