4006 6074
790 557 827 630 0.
857 553 896 629 V.
918 553 1106 648 Aquiliana
1125 553 1298 628 Juvenouc

502 731 530 769 ⁸⁰
546 733 702 816 Pullulat,
725 737 758 800 et
781 732 870 798 vario
892 735 1054 816 perterret
1076 752 1239 797 murmure
1263 729 1374 796 saltus.

553 843 708 910 Exinfusa
731 841 844 908 menne
867 841 1055 908 redeuntem
1078 839 1217 924 concipit
1241 839 1338 918 iram3

552 950 751 1018 Vulneribus
773 972 904 1017 accensa
926 950 1002 1029 suis,
1026 949 1203 1035 pugnacior
1225 946 1304 1028 exit,

552 1060 602 1128 Ae
624 1059 719 1126 modo
741 1058 895 1126 victorem
917 1058 1045 1124 sublato
1066 1056 1167 1123 nudat
1188 1056 1318 1137 honore,

552 1167 807 1253 Impositumque
829 1166 919 1231 iubet
941 1164 1082 1250 vectigal
1105 1162 1241 1249 pendere
1263 1163 1465 1243 Amorreum
1577 1163 1580 1170 ’

502 1272 529 1310 ⁸⁵
545 1276 727 1363 Magnaque
751 1269 1130 1354 ammonitarum)
1154 1275 1246 1356 parte
1270 1274 1404 1338 coercet.

553 1383 640 1452 Nem
662 1405 726 1468 qua
748 1382 845 1468 plana
867 1382 950 1448 iacet
973 1381 1108 1467 gravida
1129 1380 1257 1447 telluris
1278 1373 1426 1459 Idema¹)

554 1491 714 1576 Scrupaea
736 1511 861 1575 quaque
884 1493 1010 1555 tument
1033 1489 1199 1574 pendentis
1222 1512 1299 1556 saxa
1322 1487 1471 1570 Gabinae,

553 1599 669 1666 Omnia
691 1598 793 1665 victor
814 1597 922 1678 habet,
946 1596 1124 1664 subiectum
1147 1597 1282 1664 servitus
1305 1600 1412 1682 urget.

598 1707 687 1774 Haec
708 1701 831 1788 inter⁸)
855 1706 1012 1772 Dominus
1034 1709 1214 1772 contractas
1237 1704 1379 1796 concutit
1401 1703 1465 1770 iras
1493 1683 1497 1694 ⁸

506 1811 534 1849 ⁹⁰
556 1815 600 1882 Et
622 1815 712 1881 iubet
734 1813 891 1880 aethereis
913 1811 1071 1881 famulum
1093 1811 1280 1880 descendere
1302 1811 1411 1899 regnis
1421 1807 1460 1892 ⁴),

555 1924 617 2003 Qui
639 1945 761 1989 memor
783 1921 905 1988 aeterni
928 1921 1057 1989 Domini
1079 1920 1283 2007 depromeret
1305 1942 1394 1986 orsa:
1450 1971 1461 2007 s

555 2034 681 2102 Emicat
703 2032 759 2100 ille
780 2032 902 2114 volans,
925 2031 1123 2098 Ghlaumona
1146 2034 1180 2096 et
1202 2029 1340 2115 Galgela
1362 2017 1471 2095 versus
1484 2023 1509 2108 ⁵,

555 2137 731 2223 Bethala⁶)
755 2141 894 2224 veniens,
918 2141 952 2207 in
975 2161 1039 2226 que
1060 2139 1180 2207 Iudaea
1201 2139 1351 2204 iuventus

553 2251 669 2318 Dulcia
691 2251 804 2336 sopitis
826 2252 1042 2334 assumpserat
1064 2248 1130 2315 otia
1152 2246 1256 2328 bellis,

503 2353 530 2391 '⁵
554 2358 698 2426 Gentiles
721 2362 872 2424 veneratu
893 2357 981 2424 Deos
1003 2355 1200 2442 profanaque
1223 2355 1321 2421 thura

554 2465 766 2552 Sculptilibus
788 2465 918 2532 dederat
940 2463 1005 2530 iam
1027 2463 1146 2531 dudum
1169 2462 1265 2530 noxia
1287 2462 1382 2530 sexis.

984 2678 1083 2748 Ocior
1103 2679 1148 2746 Π.

558 2896 647 2983 Ergo
670 2896 720 2963 his
743 2895 935 2982 aggreditur
957 2895 1060 2977 daus,
1083 2899 1247 2980 terretque
1270 2895 1438 2963 timentes:

565 3006 763 3085 „Imemor
784 3003 920 3089 imperii,
943 3025 1114 3090 rerumque
1136 3003 1238 3070 oblita
1259 3007 1399 3085 tuarum,

564 3113 673 3195 „Quo
695 3111 823 3194 Iudaea,
846 3112 936 3178 ruis?
958 3111 1010 3178 vel
1032 3133 1114 3197 quac
1137 3133 1221 3179 nunc
1243 3111 1375 3178 numina
1395 3111 1515 3197 fingis?

494 3215 536 3254 ¹⁰⁰
565 3220 723 3300 „Quaere
746 3219 933 3304 superstitio
955 3223 1014 3301 est,
1037 3223 1159 3286 terram
1181 3239 1376 3305 praeponere
1400 3218 1500 3301 coelo,
1554 3209 1557 3214 ’

565 3326 824 3413 „Fictilibusque
847 3327 907 3395 diis
929 3348 1046 3395 vesano
1069 3327 1220 3394 adsistere
1242 3327 1357 3394 cultu?

565 3436 664 3517 „Quo
686 3435 775 3518 abiit,
798 3434 944 3521 profana,
967 3434 1055 3502 Deus
1077 3435 1134 3520 qui
1155 3434 1236 3501 dura
1258 3437 1451 3521 gementem,

564 3542 733 3624 ,Niliacas
756 3544 842 3610 inter
864 3547 989 3629 gentes,
1011 3543 1178 3610 Pharaone
1202 3547 1349 3630 tyranno,

565 3651 655 3732 „Per
676 3675 764 3720 mare
787 3651 960 3734 dividuum,
984 3651 1082 3718 eremi
1105 3673 1163 3736 per
1184 3651 1308 3720 torrida
1329 3675 1417 3735 saxa,

493 3755 534 3796 ¹⁰⁵
563 3760 757 3842 „Exhibuit
781 3763 951 3846 tantasque
974 3759 1060 3826 dedit
1083 3758 1143 3826 tibi
1166 3760 1296 3827 caedere
1319 3758 1453 3847 gentes?

565 3868 640 3950 „Ut
662 3866 782 3935 virtrix
804 3870 946 3954 totisque
969 3867 1065 3936 simul
1087 3867 1257 3953 perfuncta
1279 3868 1404 3951 duellis,

565 3975 762 4058 4Diffiueres
785 3976 865 4044 elios
887 3977 981 4059 ritus,
1005 3980 1039 4044 et
1061 3999 1152 4044 sacra
1174 3975 1320 4044 dicares?

565 4085 761 4170 ¹‚Quamque
777 4080 924 4165 sedere')
948 4085 1080 4154 dederat
1102 4085 1163 4152 tibi
1186 4086 1300 4171 regula
1322 4086 1414 4173 legis,

565 4193 676 4274 „Ecce
697 4196 788 4260 tenes
810 4197 940 4275 terram,
963 4189 1147 4278 patribus)
1170 4194 1276 4262 iurata
1298 4195 1430 4262 sacratis

496 4297 538 4336 ¹¹⁰
566 4301 683 4382 ,Quae
706 4300 779 4385 fuit,
802 4306 899 4387 atque
921 4302 1017 4368 datur
1038 4302 1125 4369 laeta
1147 4324 1206 4389 per
1228 4303 1354 4372 saecula
1376 4303 1474 4389 plebi.

565 4409 798 4494 ,Testamenta
818 4410 881 4476 mci
904 4431 968 4476 non
990 4414 1066 4476 sunt
1087 4410 1151 4477 iam
1174 4411 1304 4497 cognita
1326 4411 1424 4494 verbi,

568 4519 688 4601 ¹,Quod
711 4519 813 4587 mixta
834 4518 962 4606 populis
984 4518 1161 4606 gentilibus
1173 4515 1199 4606 ⁹)
1222 4542 1258 4586 ac
1281 4519 1471 4587 malesuadis

568 4627 719 4709 ,Exores
740 4631 857 4712 mutos,
880 4627 1046 4696 fabrorum
1068 4629 1215 4715 pignora,
1239 4627 1338 4695 divos.

568 4735 682 4816 „Quin
703 4737 811 4822 potius
832 4741 958 4804 restrae
980 4736 1087 4802 irrorat
1109 4758 1161 4802 res
1183 4757 1327 4822 congrua
1348 4737 1453 4818 vitae,

499 4837 540 4876 ¹¹⁵
568 4843 712 4923 ,Omnia
734 4849 898 4914 conterere
921 4845 1078 4930 fictosque
1101 4849 1244 4912 avertere
1267 4844 1383 4912 cultus.
1491 4933 1493 4940 y

320 5037 342 5110 ¹)
360 5039 459 5096 muta
476 5052 544 5095 cum
558 5041 649 5110 parte
666 5040 702 5094 A.
1119 5039 1142 5112 ⁶)
1163 5041 1288 5096 Bettcla
1305 5036 1341 5093 Α.

318 5129 344 5200 ¹)
362 5129 485 5186 Idomea
502 5128 537 5198 Α,
556 5128 590 5184 Β.
1118 5129 1141 5202 ⁷)
1160 5145 1310 5201 quomque
1327 5129 1428 5186 cedere
1446 5129 1570 5185 dederat
1587 5127 1622 5198 A,
1636 5126 1669 5182 Β.
1682 5126 1784 5184 didere
1796 5125 1829 5183 0.

319 5217 342 5290 ⁸)
362 5217 433 5274 Jnd.
452 5235 515 5292 cap.
535 5233 567 5274 n.
1118 5219 1142 5289 ⁸)
1167 5219 1290 5276 Varrone
1308 5217 1478 5292 codd.2mox
1494 5235 1551 5292 per
1568 5219 1691 5291 epeoute
1709 5217 1742 5272 Β;

318 5309 344 5380 ⁴)
362 5309 532 5367 discendere
550 5309 627 5380 r'pnr's
644 5307 679 5362 A.
1118 5307 1142 5382 ⁹)
1160 5308 1295 5380 gentitus
1313 5309 1349 5378 A,
1360 5308 1394 5382 B,
1405 5307 1435 5366 0.

321 5396 345 5475 ⁵)
363 5397 481 5458 omrem
498 5397 533 5470 A,
553 5395 586 5455 Β.
612 5397 713 5456 Visere
732 5397 767 5456 A.
