4006 6074
268 528 322 584 1⁵6
852 523 998 598 Sanctus
1016 523 1235 620 Aupustinua

269 703 410 771 tanquam
429 701 526 753 rostro
544 695 709 754 fortissimo
727 701 905 754 venenatam
930 702 1011 756 vete·
1065 702 1178 775 sumpti
1196 706 1325 765 bominis
1343 707 1514 786 disciplinis,
1544 715 1624 774 orbis
1643 721 1741 776 rotam
1767 720 1805 777 ad

267 787 310 845 ris
334 786 501 844 homicidae
524 788 670 846 malitium
692 788 785 845 verbo
810 787 857 846 sni
882 788 942 846 oris
964 805 1013 847 ax·
1066 793 1210 851 salutaria
1227 795 1379 856 instututa
1397 803 1554 860 convertit

269 883 366 942 tinxit.
385 881 473 940 Unde
492 888 523 939 et
541 881 694 954 apostolus
712 880 800 938 dixit:
814 881 938 938 «Verbo
952 880 1013 940 oris
1101 883 1146 939 De
1166 901 1224 958 qua
1242 893 1308 943 rota
1325 888 1356 945 in
1371 891 1488 949 Psalmo
1501 892 1644 965 legimus:
1658 915 1675 950 a
1686 896 1752 954 Vox
1765 903 1808 954 to-

269 972 318 1029 sui
335 969 487 1029 interiecit
504 970 628 1045 impium
641 988 659 1024 ι
672 971 703 1046 ¹).
1066 976 1157 1032 nitrui
1170 977 1218 1035 aui
1230 978 1260 1034 in
1273 986 1339 1037 rota
1348 1001 1366 1036 a
1379 982 1411 1057 ⁵),
1424 982 1456 1040 id
1469 990 1522 1054 eet,
1535 993 1697 1059 pernetam
1709 989 1811 1046 mundi

304 1063 374 1121 XII.
403 1065 609 1135 lcsmoyauo.
628 1095 664 1105 -
684 1062 769 1121 Siout
795 1062 955 1120 Dominum
982 1067 1014 1120 et
1067 1085 1127 1125 vox
1145 1070 1294 1142 evangelii
1312 1073 1465 1144 percurrit

269 1154 450 1212 salvatorem
477 1159 614 1211 nostrum
637 1170 705 1209 cum
722 1153 814 1210 Patre
842 1157 873 1209 et
900 1151 1014 1226 Spiritu
1103 1159 1148 1216 De
1166 1179 1226 1232 qua
1243 1163 1375 1220 humana
1392 1165 1562 1223 substantia
1580 1168 1713 1226 etiami„
1727 1188 1812 1228 Μ.

270 1250 374 1302 sancto
402 1245 574 1318 multiplicis
594 1244 751 1303 didicimus
780 1261 846 1302 esse
875 1245 1013 1302 substan·
1068 1249 1183 1320 gesimo
1202 1251 1436 1324 sextologimus
1453 1254 1612 1327 psalmon
1625 1257 1668 1314 Ut
1686 1255 1812 1330 intinga-

270 1339 345 1410 tiae;
358 1338 384 1395 si
396 1337 518 1409 quidem
536 1335 733 1394 subsistentia
751 1334 790 1392 ad
802 1332 1015 1408 proprietatem
1068 1345 1120 1398 tur
1137 1358 1190 1414 pes
1209 1346 1280 1398 tuus
1298 1341 1328 1399 in
1342 1345 1497 1418 sauguine,
1509 1345 1614 1419 lingna
1626 1365 1733 1404 canum
1746 1365 1814 1407 suo·

270 1429 392 1505 respicit
409 1445 613 1502 personarum,
641 1425 811 1484 substantia
829 1425 867 1482 ad
886 1424 1016 1498 aequali·
1069 1449 1135 1488 rum
1154 1450 1192 1487 ex
1210 1431 1337 1490 inimicis
1356 1435 1395 1490 ab
1412 1434 1477 1508 ipso
1491 1452 1508 1486 a
1520 1437 1551 1510 ⁶).

271 1529 366 1580 tatem
391 1522 555 1580 virtutum:
581 1520 625 1577 ita
642 1519 672 1576 in
698 1519 802 1576 eodem
829 1518 1015 1590 redemptore
1105 1519 1230 1588 Quando
1243 1523 1292 1578 vel
1305 1523 1567 1598 quomodolingua
1579 1543 1686 1583 canum
1699 1527 1812 1586 Christi

272 1614 425 1673 diversum
434 1612 490 1670 Dei
509 1618 540 1670 et
548 1610 679 1668 hominis
698 1615 812 1667 statum
831 1615 862 1666 et
880 1607 1016 1681 geminae
1070 1609 1165 1667 tincta
1183 1610 1224 1667 sit
1242 1612 1400 1684 sanguine,
1420 1614 1566 1688 rescire⁷)
1586 1615 1736 1674 debemus.
1759 1617 1814 1674 Ca·

275 1712 418 1772 [naturae]
441 1707 659 1762 odoramentum
677 1707 713 1759 ut
725 1700 914 1760 evidentibus
933 1697 1018 1756 testi·
1068 1717 1123 1759 nes
1135 1701 1237 1775 itaque
1248 1702 1359 1760 Judaei
1377 1703 1429 1775 qui
1448 1709 1552 1761 contra
1569 1705 1727 1762 veritatem
1736 1706 1815 1763 blas·

272 1795 380 1853 moniis
399 1796 559 1866 confirmet,
580 1799 710 1867 expecto.
1070 1790 1179 1864 phema
1196 1809 1270 1848 voce
1288 1793 1452 1863 latrabant;
1471 1811 1598 1865 quornm
1616 1794 1720 1866 lingua
1741 1800 1814 1852 tunc

309 1889 478 1959 Responsio.
488 1884 570 1942 -In
582 1884 711 1942 Domino
723 1885 744 1943 J
746 1901 801 1941 esu
812 1880 940 1955 Christo,
952 1883 1018 1939 Deo
1071 1881 1184 1954 absque
1203 1882 1294 1939 dubio
1311 1883 1458 1955 sanguine
1477 1884 1570 1941 tincta
1582 1893 1630 1942 est
1642 1886 1815 1956 Salvatoris,

274 1986 306 2037 et
331 1978 450 2037 homine
477 1971 599 2035 auctore
629 1995 664 2034 ao
691 1978 877 2050 redemptore
905 1978 1018 2043 nostro,
1071 1972 1197 2044 quando,
1216 1972 1335 2030 furente
1354 1973 1384 2028 in
1404 1991 1436 2030 se
1456 1973 1582 2048 diabolo,
1596 1977 1816 2033 clamaverunt:

274 2072 351 2132 ment
376 2088 468 2128 unam
492 2070 606 2139 absque
631 2066 817 2124 dubitatione
844 2081 1018 2137 personam:
1072 2083 1090 2116 ‹
1103 2062 1231 2134 Sanguis
1251 2062 1317 2135 ejus
1336 2081 1427 2137 super
1444 2070 1542 2122 noset
1554 2083 1644 2139 super
1661 2064 1738 2122 tilios
1750 2083 1818 2123 nos-

273 2163 316 2220 ita
326 2161 474 2234 duplicem
486 2164 605 2216 constat
618 2175 685 2214 esse
700 2154 908 2214 substantiam.
921 2154 1019 2221 Quam
1072 2157 1162 2209 tros»
1175 2151 1206 2224 Ι).
1219 2183 1254 2196 -
1267 2152 1312 2208 De
1337 2169 1396 2224 quo
1415 2153 1471 2209 Dei
1491 2153 1638 2238 sanguine
1657 2154 1713 2211 aub
1734 2161 1815 2211 carto

274 2252 502 2313 sermodivinua
511 2251 680 2322 figuraliter
692 2249 723 2306 in
735 2249 803 2321 lege
819 2248 1017 2320 distinguens,
1072 2242 1137 2313 Dei,
1155 2243 1343 2316 hominisque
1363 2244 1539 2316 discrimine,
1559 2244 1590 2302 in
1612 2245 1815 2319 apostolorum

274 2343 318 2400 ita
335 2342 468 2414 loquitur
486 2341 525 2398 ad
543 2339 685 2410 ludaeos,
702 2356 769 2396 oum
781 2338 842 2395 ritu
855 2335 1019 2394 ramalium
1073 2332 1199 2391 Actibus
1216 2334 1361 2407 legimus:
1379 2333 1572 2392 «adtendite
1597 2334 1683 2392 vobis
1702 2341 1734 2392 et
1750 2334 1817 2391 uni·

275 2431 489 2490 sacrificiorum
507 2430 565 2487 sub
591 2427 729 2503 mysticis
752 2447 787 2485 ac
813 2426 1019 2500 spiritualibus
1073 2438 1162 2479 verso
1181 2424 1268 2496 gregi
1285 2425 1503 2499 vestroinquo
1522 2444 1577 2484 voe
1595 2426 1723 2500 Spiritus
1735 2440 1817 2483 sane·

275 2522 408 2580 traderet
427 2519 622 2579 sacramentis
627 2537 634 2590 ;
654 2518 691 2576 de
709 2535 801 2590 agno:
814 2540 831 2575 c
840 2516 937 2590 Caput
951 2533 1020 2572 cnm
1073 2512 1123 2566 tus
1136 2511 1237 2582 posuit
1246 2514 1398 2586 apostolos
1407 2531 1513 2588 regere
1526 2514 1682 2592 ecclesiam
1692 2515 1775 2571 Dei»
1784 2515 1816 2587 ⁹).

193 2612 195 2616 ’
276 2609 401 2686 pedibus
420 2607 581 2666 comedetis
600 2613 631 2664 et
647 2605 792 2664 intestina
810 2605 877 2677 ejus
895 2605 1020 2662 devora·
1074 2599 1168 2673 cujus
1188 2601 1244 2658 Dei
1261 2603 1449 2676 subsequens
1461 2621 1559 2662 sermo
1570 2604 1762 2677 demonstrat,
1774 2603 1819 2661 ita

277 2700 377 2758 bitis»
390 2698 424 2772 ι).
443 2698 491 2755 Ad
504 2698 582 2754 baec
600 2696 627 2754 si
647 2693 823 2752 exteriorem
842 2692 961 2749 litterae
974 2709 1019 2748 ao·
1072 2691 1191 2749 dicens:
1210 2693 1336 2760 «Quam
1354 2695 1519 2768 adquisivit
1537 2695 1682 2768 sanguina
1701 2712 1790 2753 suo».

276 2807 349 2849 num
374 2789 522 2861 consulas,
540 2786 697 2858 indignum
722 2789 824 2842 tantae
851 2781 1020 2855 majestatis
1109 2780 1221 2855 Aperte
1239 2782 1288 2840 hio
1316 2784 1373 2842 sub
1392 2785 1510 2841 nomine
1534 2784 1663 2842 Deitatis
1690 2790 1722 2841 et
1749 2802 1817 2840 san·

277 2883 435 2954 praecepto
447 2876 506 2934 fuit
517 2875 696 2933 utilissimus
710 2872 809 2931 edacis
822 2869 923 2945 populi
935 2869 1021 2928 cibus
1074 2869 1183 2942 guinis
1193 2872 1335 2930 caelestia
1353 2878 1384 2930 et
1406 2873 1537 2930 humana
1565 2872 1691 2930 sociarit
1709 2873 1740 2929 in
1768 2872 1817 2930 his

278 2974 369 3043 caput
387 2985 455 3024 cum
473 2965 599 3040 pedibus
620 2963 711 3038 jungi
728 2969 761 3020 et
784 2960 926 3020 intestino
955 2977 1022 3034 pur·
1076 2959 1193 3018 duabus
1212 2962 1398 3020 substantiis.

278 3056 344 3132 gari
358 3057 484 3114 Sanctus
497 3053 625 3127 Spiritus
639 3052 797 3110 ordinaret
811 3051 851 3106 Et
862 3050 930 3106 ideo
943 3067 1023 3107 nuno
1114 3050 1212 3118 [Dum]
1235 3056 1396 3110 venturum
1414 3053 1453 3112 ad
1471 3060 1567 3112 terras
1585 3060 1672 3110 vates
1690 3051 1818 3110 eximius

278 3144 423 3202 intestina
440 3143 514 3216 ipsa,
534 3143 614 3200 idest
640 3141 767 3200 latentia
794 3141 1023 3212 interrogemus,
1075 3145 1271 3212 protestatur:
1284 3142 1430 3213 ‹Roratq
1439 3142 1520 3213 coeli,
1530 3143 1663 3216 desuper,
1674 3146 1706 3200 et
1715 3143 1821 3216 pluant

280 3235 336 3292 sub
354 3234 474 3292 litterae
494 3250 589 3304 carne,
608 3231 761 3305 mysteria
780 3237 887 3303 Agnus
906 3228 958 3284 ille
976 3237 1024 3285 est
1076 3230 1172 3288 nubea
1192 3230 1310 3303 justum
1323 3247 1341 3282 a
1355 3233 1398 3306 ¹⁰).
1418 3232 1462 3290 De
1487 3232 1607 3290 homine
1625 3249 1710 3289 vero:
1729 3250 1822 3304 «ape-

280 3322 393 3396 abeque
411 3320 502 3379 dubio
521 3323 635 3394 dequo
663 3320 817 3377 Johannes
836 3316 1026 3389 evengelista
1078 3317 1174 3375 riatur
1192 3326 1273 3377 terra
1296 3327 1327 3378 et
1347 3321 1496 3393 germinet
1514 3321 1737 3380 salvatorem».
1759 3320 1816 3387 Qui

280 3413 469 3488 pronuntiat:
488 3411 576 3468 «Hic
595 3417 643 3469 est
669 3426 766 3482 agnus
785 3409 841 3465 Dei
865 3408 917 3482 qui
945 3406 1026 3463 tollit
1076 3409 1180 3482 utique
1199 3409 1230 3466 in
1248 3409 1348 3468 Maria'
1362 3409 1494 3482 Virginis
1513 3426 1636 3482 corpore
1658 3408 1817 3466 mundissi-

280 3507 404 3577 paccata
415 3500 545 3557 mundi»
559 3501 583 3576 ³)
601 3500 703 3573 inquo
716 3504 811 3572 capnt,
826 3496 1025 3564 divinitatem
1077 3517 1157 3555 mam
1176 3504 1287 3555 terram
1307 3499 1429 3556 coelesti
1457 3500 1591 3572 germine
1618 3498 1819 3556 foecundavit.

281 3591 379 3664 pedes,
399 3588 616 3646 humanitatem
634 3593 752 3660 oportet
769 3585 907 3658 intelligi.
1112 3589 1226 3645 Beatus
1252 3605 1371 3660 quoqne
1398 3588 1458 3646 Job
1477 3587 1528 3662 qui
1555 3587 1657 3645 adfore
1683 3605 1821 3661 praesen-

318 3673 1026 3752 Dainsymboloprimiroicopitiseminentiam.
1079 3678 1153 3738 tiam
1170 3677 1382 3751 redemptionis
1401 3695 1459 3734 non
1485 3679 1583 3736 solum
1602 3677 1740 3748 oraculis,
1769 3678 1823 3735 sed

318 3788 335 3823 ‹
346 3767 448 3836 Credo,
461 3767 566 3841 inquit,
575 3767 606 3823 in
617 3765 728 3823 Filium
738 3765 804 3839 ejus
813 3765 834 3822 J
835 3782 920 3822 esum
930 3764 1028 3822 Chris·
1080 3767 1268 3842 passionibus
1286 3767 1499 3842 praesignarit,
1519 3768 1563 3825 ita
1575 3767 1661 3825 dicit:
1675 3788 1692 3822 «
1704 3767 1822 3824 Rursus

206 3865 211 3876 “
283 3865 348 3917 turn
367 3858 527 3916 Dominum
544 3861 680 3914 nostrum
692 3878 717 3914 a.
1080 3859 1285 3928 circumdabor
1302 3860 1380 3932 pelle
1398 3877 1465 3916 maa
1482 3863 1515 3916 et
1532 3859 1565 3916 in
1582 3877 1669 3916 carne
1695 3876 1763 3915 mea
1778 3858 1822 3915 vi·

319 3952 366 4007 Da
384 3953 533 4006 terrenam
551 3948 582 4004 in
601 3946 726 4020 pedibus
739 3946 956 4004 bumilitatem:
1082 3950 1157 4009 dabo
1175 3950 1299 4006 Deum»
1313 3951 1349 4022 11)
1368 3948 1497 4007 idest'in
1516 3967 1605 4006 earne
1623 3949 1654 4005 in
1672 3966 1732 4022 qua
1746 3963 1823 4013 snm.

320 4059 336 4092 ι
350 4038 408 4107 Qui
426 4043 596 4112 conceptus,
614 4035 718 4109 inquit,
733 4037 769 4094 de
782 4036 895 4111 Spiritu
913 4041 1028 4109 sancto,
1080 4043 1112 4098 in
1131 4059 1167 4098 ea
1184 4046 1408 4098 resurrecturus
1426 4057 1501 4096 sum.
1522 4039 1675 4096 Hocenim
1693 4055 1821 4112 sequens

284 4137 375 4188 uatus
393 4147 432 4187 ex
449 4128 546 4186 Maria
564 4126 687 4199 virgine,
707 4144 817 4200 passus
845 4125 901 4184 sub
920 4127 1029 4186 Pontio
1082 4149 1180 4189 sermo
1198 4131 1359 4200 confirmat,
1380 4129 1524 4188 dicens:‹
1536 4130 1631 4197 Quam
1644 4128 1750 4185 videbo
1769 4145 1825 4200 ego

283 4222 392 4291 Pilato,
411 4218 570 4277 crucifixus
589 4221 621 4274 et
639 4217 814 4291 sepultus».
1082 4226 1146 4298 ipse
1165 4227 1195 4278 et
1214 4240 1272 4278 non
1292 4220 1377 4286 aliua.
1397 4227 1429 4276 et
1449 4219 1526 4277 oculi
1554 4219 1614 4276 mei
1640 4218 1826 4292 conspecturi

320 4307 365 4367 De
384 4309 493 4382 quibus
511 4307 624 4378 absque
638 4307 728 4364 dubio
740 4307 866 4381 pedibus
883 4304 1031 4380 sapientia
1084 4317 1154 4368 sunt
1166 4331 1192 4366 ».
1212 4309 1372 4368 Sublimior
1390 4327 1463 4367 vero
1482 4326 1590 4366 sensns
1608 4308 1665 4365 boo
1684 4308 1827 4378 continet,

285 4397 451 4456 Salomonis
468 4395 610 4454 insinuat.
631 4417 648 4451 a
660 4397 700 4453 Et
718 4397 838 4469 figulus,
857 4396 963 4469 inquit,
983 4414 1030 4469 pe·
1084 4401 1163 4475 quod
1181 4401 1213 4457 in
1231 4416 1320 4456 carne
1339 4417 1402 4470 sua,
1421 4397 1453 4456 id
1472 4404 1525 4470 est,
1539 4397 1571 4454 in
1583 4395 1748 4469 fragc'litate
1762 4415 1826 4453 con·

286 4490 374 4548 dibus
393 4493 514 4546 vertens
533 4493 630 4544 rotam
640 4509 656 4542 a
669 4488 702 4564 ⁴).
715 4489 755 4545 m
767 4487 835 4560 quis
849 4494 897 4545 est
908 4489 1030 4562 figulus,
1084 4490 1205 4548 ditionis
1218 4507 1290 4546 snae
1303 4489 1407 4560 Deum,
1419 4489 1455 4546 de
1468 4505 1527 4561 quo
1539 4487 1599 4545 alio
1611 4487 1675 4544 loco
1688 4486 1826 4558 legimus:

285 4578 343 4635 nisi
362 4578 414 4634 ille
433 4577 484 4650 qui
511 4594 565 4634 nos
585 4577 621 4634 de
643 4583 731 4648 terra,
760 4577 923 4650 plasmatos
951 4577 1031 4650 limo,
1083 4579 1269 4638 ‹eruntduo
1281 4578 1312 4636 in
1324 4595 1508 4636 carneuna»
1523 4577 1566 4653 ¹¹).
1576 4578 1681 4647 Deum,
1694 4575 1827 4650 inquam,

286 4685 355 4726 ease
370 4668 463 4742 jussit
481 4672 513 4725 et
531 4666 633 4726 nihilo.
652 4667 710 4735 Qui
728 4667 862 4742 pedibus,
881 4667 969 4740 idest,
988 4685 1033 4725 as·
1085 4669 1227 4729 membris
1245 4668 1418 4744 pronuntiet
1437 4665 1607 4726 carnalibus
1635 4664 1825 4724 induendum

325 4905 348 4981 Ι)
366 4919 391 4962 n
409 4903 514 4964 mess.
533 4921 566 4978 11,
584 4905 623 4962 8?
1121 4907 1145 4980 l)
1163 4905 1235 4964 (lod.
1253 4905 1374 4962 moire.

322 5183 347 5254 ⁴)
365 5128 455 5238 Procli⁹
473 5130 601 5254 xdxvrrr,
620 5183 664 5239 32.
1112 5175 1146 5250 ¹⁰)
1164 5175 1205 5231 1³·
1225 5188 1294 5241 xnv,
1312 5171 1340 5228 8·

325 5269 350 5342 ⁶)
368 5269 418 5327 Pe.
437 5286 539 5341 nxxrr,
560 5272 602 5328 19.
1113 5266 1149 5340 ¹¹)
1168 5264 1236 5323 Job.
1255 5278 1317 5333 xrx,
1335 5263 1380 5318 26.

325 5363 348 5436 6)
367 5361 416 5418 Pa.
436 5375 516 5432 nxvr,
570 5402 576 5416 .
806 5367 811 5374 '
1114 5355 1149 5429 ¹¹)
1167 5353 1239 5411 Gen.
1257 5367 1290 5424 Π,
1309 5351 1354 5408 24.
