4008 6068
724 519 786 592 Ec
803 516 1094 592 commentariola
1113 515 1186 591 Job.
1696 530 1733 588 ευ
1853 517 1856 526 ’

185 715 245 781 μου
260 691 294 776 ¹).
319 691 353 757 ‘0
373 691 412 756 τό
430 682 629 764 διανοητικόν
646 681 768 766 ἐπιδοὺς
792 700 857 766 τοῖς
881 688 932 753 λό-

184 821 250 888 γοις
273 808 336 863 τῶν
360 808 541 888 προφητῶν,
565 798 621 888 ήρε
652 797 724 875 τοὺς
752 795 930 886 ὀφθαλμοὺς

186 911 226 982 είς
250 905 293 970 ταὶ
315 907 382 998 όρη,
408 911 485 997 ὁρῶν
509 908 559 972 ὅτι
578 900 647 985 ήξει
663 912 699 974 ἑκ
722 915 784 972 τῶν
809 910 840 970 ἐν
864 915 930 981 τοῖς

185 1016 359 1106 προφήταις
384 1013 557 1089 νοηθέντων
574 1016 678 1105 λόγων
693 1022 713 1091 et
734 1012 862 1099 βοήθεια
878 1016 931 1080 αὺ-

187 1133 241 1189 τοῦ
265 1121 350 1213 παρὰ
374 1123 487 1210 Κυρίου
510 1133 566 1188 τοῦ
589 1122 779 1198 ποιήσαντος
803 1123 857 1185 τόν
882 1123 931 1186 οὺ-

188 1229 276 1319 ρανόν
301 1230 354 1293 καί
377 1227 436 1300 τήν
461 1238 533 1318 γῆν,
557 1228 783 1319 πληρώσαντος
807 1251 931 1316 μυστη-

187 1339 257 1426 ρίων
280 1337 341 1406 τήν
357 1334 495 1426 καθαρόν
516 1345 579 1401 τῶν
604 1345 772 1427 προφητῶν
790 1323 929 1424 καρδίαν.

181 1443 276 1510 Ὀσον
289 1439 340 1510 οὖν
357 1450 376 1519 ἡ
395 1443 485 1516 καινή
505 1436 640 1519 διαθήκη
659 1447 715 1509 οῦκ
732 1447 860 1535 ἔρχεται
876 1445 931 1507 οὐκ

185 1548 265 1628 ἦσαν
297 1552 427 1618 παλαιοί
451 1559 479 1618 ot
505 1564 675 1644 προφῆται,
701 1543 838 1642 οὐδαμοῦ
870 1551 931 1642 γὰρ

184 1658 268 1748 παρὰ
278 1658 303 1744 ²)
317 1651 482 1739 διαθήκην,
497 1663 619 1751 είρηται
630 1661 689 1751 πρὸ
702 1659 826 1727 τούτου·
841 1666 931 1750 Χρισ-

187 1765 241 1842 τός
266 1757 299 1834 δέ
330 1771 413 1832 ἐστιν
439 1774 455 1834 t
477 1773 620 1834 παλαιῶν
649 1769 716 1860 ὄρη,
741 1767 853 1834 Μυσία
877 1765 930 1832 καί

185 1876 256 1953 τοὺς
280 1877 453 1968 προφήτας.
469 1877 531 1942 Καί
553 1882 609 1942 οῦκ
631 1869 743 1943 οἴδασι·
768 1878 854 1952 Τίνες
878 1870 929 1942 οὖν

184 1986 239 2048 οὐκ
270 1977 406 2063 οίδασιν;
430 1988 542 2050 ἐκεῖνοι
568 1985 642 2075 πρὸς
674 1983 724 2059 οθς
748 1985 871 2074 ἔλεγεν·
897 1988 932 2048 Et

183 2093 365 2159 ἐπιστεύετε
394 2101 514 2176 Μωσεϊ,
538 2094 716 2160 ἐπιστεύετε
747 2097 777 2158 ἐν
802 2094 871 2180 ἐμοί
885 2091 929 2178 ³)·

182 2206 251 2295 περί
274 2208 349 2294 ἐμοῦ
369 2203 429 2296 γὰρ
447 2208 559 2281 ἐκεῖνος
583 2204 714 2294 ἐγράφη.
741 2209 776 2268 Εἰ
800 2194 929 2274 είδησαν

185 2305 330 2377 Ἰουδαῖοι
353 2311 403 2377 ὅτι
419 2315 671 2400 περιπαλαιῶται
688 2309 730 2376 τόι
745 2310 813 2399 όρη,
831 2334 931 2374 κατα-

185 2420 331 2496 λιπόντες
345 2419 381 2484 όιν
399 2417 491 2497 αὐτὰ,
504 2419 668 2484 τουτέστιν
683 2417 743 2491 τήν
757 2427 811 2482 τοῦ
829 2417 930 2508 γράμ-

187 2550 286 2615 ματος
302 2526 518 2610 παλαιότητα,
537 2517 727 2600 διήλλανται
743 2527 797 2590 καὶ
817 2524 931 2598 ἑληλό-

186 2631 286 2704 θησαν
310 2633 361 2699 ἐπὶ
383 2631 443 2706 τήν
460 2632 570 2704 καινήν
589 2624 754 2705 διαθήκην·
779 2631 833 2697 καί
855 2631 930 2698 ἑλά-

185 2764 292 2830 τρευον
317 2745 385 2823 Θεῷ
410 2741 440 2804 ὲν
465 2739 632 2811 καινότητι
656 2737 848 2827 ΙΙνεόματος,
876 2737 930 2802 καί

187 2849 221 2912 οὐ
240 2846 435 2918 παλαιότητι
451 2845 649 2936 γράμματος·
667 2845 777 2936 ἐπάγει
794 2839 856 2910 οὖν·
875 2847 930 2910 οὐκ

185 2945 302 3019 οἴδασιν
326 2947 379 3018 οὖν
396 2947 540 3018 Ἰουδαῖοι
556 2956 628 3021 ου’τε
647 2954 702 3018 τόν
726 2952 931 3018 παλαιώσαν-

186 3087 238 3147 τα,
263 3062 335 3128 οὕτε
358 3061 399 3126 τὰ
418 3063 674 3151 πεπαλαιωμένα.
693 3065 747 3127 Διό
771 3067 787 3126 ό
811 3085 930 3128 κατασ-

184 3171 313 3262 τρέφων,
338 3169 442 3258 φησίν,
466 3168 548 3234 αὐτὰ
572 3174 661 3261 ὀργῇ,
691 3170 839 3236 τουτέστι
869 3169 929 3242 τήν

185 3276 268 3342 κατὰ
285 3278 322 3342 τό
338 3277 472 3368 γράμμα
489 3277 695 3367 Ἰερουσαλήμ
711 3277 730 3349 ἢ
749 3287 804 3342 τοῦ
828 3276 931 3367 γράμ-

187 3407 296 3473 ματος.
314 3389 375 3448 Ποῦ
393 3385 430 3448 τὸ
444 3382 593 3457 αἰσθητόν
612 3382 849 3474 θυσιαστήριον;
865 3389 930 3447 Πα-

186 3483 313 3580 ράδοξον
338 3495 354 3554 ό
379 3495 495 3566 Ἰησοῦς
529 3515 587 3580 μου
617 3493 807 3568 πεποίηκεν;
831 3488 929 3556 ἐλθὼν

183 3597 255 3674 τοὺς
279 3600 376 3663 αὑτοῦ
391 3599 554 3687 προφήτας
572 3597 626 3664 καὶ
640 3600 859 3664 πεπαλαίωκεν
876 3599 930 3662 καὶ

185 3708 377 3783 ἀνεκαίνισε,
402 3708 613 3786 πεπαλαίωκε,
636 3717 719 3784 πῶς;
743 3712 762 3781 ή
790 3699 930 3771 διακονία

184 3825 239 3881 τοῦ
264 3813 400 3879 θανάτου
425 3823 481 3879 τοῦ
505 3819 536 3879 ὲν
564 3814 731 3905 γράμματι
755 3817 930 3880 ἐντετυπω-

185 3923 260 4012 μόνη
287 3918 336 3999 ἦν,
354 3923 457 4012 φησίν·
474 3925 659 4004 ἀνεκαίνισε,
676 3932 739 3998 πῶς
749 3949 757 4001 ;
774 3927 789 3986 ό
807 3922 862 4010 μὲν
879 3923 930 3987 νό-

184 4055 250 4121 μος,
275 4033 379 4122 φησίν,
397 4031 484 4122 ἅγιος
501 4031 555 4097 καί
571 4037 590 4106 ή
610 4031 721 4104 ἐντυλή
741 4037 836 4096 αὺτοῦ
855 4035 931 4124 ἁγία

183 4142 236 4204 καί
259 4132 367 4206 δικαία
390 4140 444 4206 καί
467 4139 594 4232 ἀγαθή·
617 4139 688 4205 ἀλλ’
714 4143 770 4205 οὐκ
800 4131 929 4212 ήδεισαν

183 4259 287 4315 ταῦτα
310 4255 339 4314 ot
362 4247 405 4339 μὴ
434 4248 585 4339 μαθόντες
609 4249 646 4314 τό
670 4248 770 4339 ὄνομα
791 4272 930 4338 πνευμα-

183 4357 272 4423 τικόν
284 4357 322 4443 ⁴).

219 4625 242 4696 ¹)
260 4623 311 4681 Ps.
330 4638 397 4697 cxx,
417 4627 442 4682 1.

218 4715 242 4788 θ)
260 4713 331 4772 (lod.
351 4714 453 4787 παρήνθ

217 4802 423 4875 &hum

985 690 1052 756 niet
1068 691 1221 758 auxilium
1238 691 1316 756 mihi
1330 742 1357 772 ,.
1375 691 1437 770 Qui
1452 698 1593 760 mentem
1609 717 1730 761 sermo·

985 798 1078 863 nibus
1094 798 1328 882 prophetarum
1341 799 1475 880 dedicat,
1490 800 1608 866 levavit
1621 801 1729 870 oculos

984 905 1017 969 in
1041 908 1180 985 montes,
1204 904 1406 971 considerans
1438 907 1522 992 quod
1554 909 1660 974 veniet
1690 932 1729 975 ex

985 1011 1122 1097 eloquiis
1143 1012 1259 1096 quibus
1275 1014 1451 1098 prophetae
1467 1014 1649 1097 hortantur,
1672 1039 1730 1082 au·

985 1119 1097 1185 xilium
1120 1142 1214 1186 suum
1231 1143 1250 1186 a
1267 1120 1403 1186 Domino
1425 1121 1479 1206 qui
1504 1121 1582 1188 feeit
1605 1123 1730 1190 coelum

985 1234 1017 1294 et
1040 1234 1169 1310 terram,
1193 1228 1249 1312 qui
1271 1229 1417 1314 implevit
1439 1231 1597 1316 mysteriis
1612 1254 1730 1318 purum

984 1356 1038 1400 cor
1061 1336 1302 1420 prophetarum.

1029 1444 1137 1510 Donec
1149 1445 1251 1530 igitur
1263 1446 1386 1512 venerit
1402 1467 1520 1512 novum
1534 1446 1654 1531 foedus,
1666 1471 1731 1515 non

984 1555 1076 1618 erant
1092 1554 1268 1638 prophetae
1284 1555 1454 1640 antiquati.
1482 1553 1566 1622 Ante
1592 1557 1676 1623 enim
1692 1556 1732 1623 il-

985 1659 1056 1741 lud,
1079 1661 1119 1726 de
1142 1661 1233 1726 nullo
1255 1661 1381 1728 foedere
1410 1663 1531 1728 dictum
1554 1667 1623 1730 erat
1645 1665 1731 1749 qnod

984 1770 1157 1836 transierit.
1169 1769 1314 1836 Christus
1327 1776 1435 1838 autem
1446 1771 1502 1838 ille
1515 1778 1564 1840 est
1575 1774 1632 1858 qui
1643 1795 1731 1840 mon·

984 1881 1032 1944 tes
1046 1879 1235 1964 antiquavit,
1249 1878 1392 1965 Moysem
1405 1885 1438 1947 et
1454 1882 1639 1967 prophetas.
1658 1885 1672 1916 '
1686 1882 1729 1948 Et

983 2006 1046 2051 nou
1070 1986 1295 2052 intellexerunt
1309 2037 1335 2066 ,.
1354 1986 1491 2064 Quinam
1507 2009 1585 2074 ergo
1600 2011 1664 2054 non
1680 1991 1730 2055 in·

984 2093 1154 2158 tollerent?
1177 2092 1221 2158 Hi
1246 2094 1286 2159 sd
1301 2115 1381 2177 quos
1404 2093 1545 2160 dicebat:
1574 2094 1637 2163 ‘si
1660 2118 1729 2163 cre·

984 2199 1108 2266 didistis
1130 2199 1252 2285 Moysi,
1276 2200 1355 2266 mihi
1379 2223 1506 2285 quoque
1531 2201 1727 2270 credidistis:

983 2329 1058 2372 nam
1079 2307 1134 2372 ille
1165 2307 1203 2371 de
1226 2328 1278 2370 me
1301 2307 1430 2391 scripsit
1448 2356 1476 2386 ,.
1500 2306 1534 2373 Si
1566 2309 1729 2376 novissent

983 2415 1096 2482 Judaei
1112 2418 1237 2480 montes
1253 2437 1319 2480 esse
1336 2419 1495 2482 vetustate
1511 2417 1658 2500 abolitos,
1676 2441 1729 2486 eos

984 2525 1180 2603 deserentes,
1210 2523 1332 2590 seilicet
1362 2523 1490 2590 litterae
1521 2529 1727 2610 vetustatem,

983 2637 1161 2698 mutassent
1185 2635 1217 2697 et
1233 2632 1437 2696 accessissent
1453 2632 1492 2697 ad
1510 2654 1628 2698 novum
1651 2633 1729 2700 Tes-

984 2744 1173 2819 tamcntum,
1194 2742 1227 2803 et
1244 2738 1430 2804 serviissent
1446 2738 1514 2804 Deo
1530 2739 1563 2805 in
1586 2740 1729 2832 novitate

985 2848 1135 2932 Spiritus,
1148 2869 1212 2912 non
1225 2846 1257 2910 in
1271 2846 1464 2930 antiquitate
1476 2846 1616 2913 litterae.
1632 2845 1728 2916 Addit

983 2977 1079 3042 ergo:
1099 2954 1201 3022 “Non
1216 2954 1470 3036 intellexerunt,
1488 2954 1510 3021 J
1511 2956 1612 3037 udaei,
1625 2977 1728 3040 neque

984 3085 1056 3128 eum
1079 3064 1134 3148 qui
1158 3062 1354 3146 antiquavit,
1378 3083 1438 3128 nec
1465 3064 1649 3147 antiquata;
1679 3063 1728 3129 id·

983 3170 1078 3250 eirco,
1098 3169 1154 3248 ait,
1174 3169 1256 3253 “qui
1272 3173 1398 3234 montes
1413 3168 1446 3235 in
1462 3169 1511 3235 ira
1527 3169 1686 3235 subvertit
1699 3219 1726 3251 „,

983 3301 1096 3362 nempe
1131 3276 1333 3342 Hierusalem
1364 3277 1536 3343 secundum
1566 3277 1726 3360 litteram,

983 3387 1048 3450 sive
1078 3383 1206 3450 litterae
1238 3389 1372 3450 montes.
1398 3383 1462 3450 Ubi
1493 3407 1567 3449 nam
1598 3384 1727 3450 obvium

983 3492 1126 3560 sensibus
1149 3491 1389 3558 sanctuarium?
1412 3491 1489 3556 Rem
1508 3490 1727 3558 incredibilem

983 3601 1112 3666 veniens
1134 3620 1223 3665 meus
1244 3598 1338 3664 Jcsus
1354 3597 1446 3665 fecit:
1464 3619 1538 3664 suos
1553 3599 1727 3683 prophetas

983 3713 1141 3776 vetustate
1168 3708 1365 3791 consumpsit
1392 3711 1424 3772 et
1452 3707 1626 3773 renovavit.
1658 3706 1729 3773 An·

983 3816 1137 3902 tiquavit:
1162 3814 1347 3900 quomodo?
1379 3813 1591 3879 ministerium
1614 3815 1728 3880 mortis

983 3925 1110 3990 litterae
1126 3923 1287 3989 addietum
1304 3925 1382 4001 erat,
1399 3921 1455 4002 ait,
1474 3924 1506 3985 et
1525 3921 1726 4005 impressum.

982 4032 1171 4113 Renovavit,
1188 4030 1370 4115 quomodo?
1393 4029 1462 4094 Lex
1477 4033 1587 4096 sancta
1603 4032 1663 4108 est,
1678 4029 1727 4094 in·

982 4141 1063 4225 quit,
1087 4143 1120 4206 et
1143 4143 1347 4225 praeceptum
1370 4139 1438 4223 ejus
1453 4143 1599 4204 sanctum
1615 4142 1647 4203 et
1658 4138 1728 4222 jus·

983 4251 1052 4314 tum
1076 4251 1109 4313 et
1124 4247 1254 4312 bonum.
1271 4242 1333 4311 Sed
1356 4265 1394 4310 oa
1408 4265 1473 4310 non
1489 4243 1726 4323 intellexerunt,

983 4357 1038 4442 qui
1060 4355 1243 4422 nesciebant
1265 4375 1381 4420 nomen
1404 4352 1581 4437 spirituale.

1017 4623 1042 4696 ⁴)
1061 4619 1131 4679 (lod.
1157 4623 1336 4692 Πνευματικίς,
1361 4617 1431 4676 fort.
1457 4619 1634 4690 Πνιυματικῶς
1659 4633 1728 4674 uum

980 4711 1073 4770 verbo
1092 4708 1192 4784 aliquo
1211 4707 1328 4766 omisso.
