4008 6068
781 523 962 596 Macarius
990 521 1149 616 Magnes.
1704 535 1740 594 st

236 696 318 788 Ἐγὼ
336 689 380 781 δέ,
397 691 431 762 ού
446 705 563 788 μικρῶς
580 690 755 780 βασανίζων
773 697 810 760 τὸ
823 692 934 784 λεχθὲν
1035 697 1106 783 Ego
1129 701 1250 780 autem,
1273 699 1350 765 dum
1381 698 1503 766 dictum
1534 697 1616 765 illud
1639 699 1742 766 multa

189 808 293 890 πολλῇ
312 797 451 896 φροντίδι
467 813 526 880 τῆς
542 797 705 882 ζητήσεως
719 805 866 892 ἔκαμνον,
879 827 937 892 μα·
990 803 1249 890 investigationis
1272 829 1349 873 cure
1372 807 1561 889 meditarer,
1585 829 1650 874 uon
1672 829 1742 873 me-

190 911 251 977 θεῒν
266 905 484 1002 ἀκριύέστερον
498 911 569 986 τοὺς
584 904 787 1002 δερματίνους
800 921 937 1001 χιτῶνας
992 911 1144 977 diocriter
1168 913 1365 1000 defatigatus
1381 937 1463 995 sum,
1487 916 1667 982 accuratius
1689 920 1743 981 tu·

189 1021 386 1111 γλιχόμενος.
414 1015 506 1108 Εύρον
530 1029 605 1109 γοῦν
630 1025 661 1085 ὲν
685 1030 726 1106 τῇ
744 1013 858 1104 ’βίύλῳ
882 1029 937 1084 τοῦ
993 1019 1080 1086 ιιίεεε
1106 1020 1257 1105 pelliceas
1280 1043 1471 1108 cognoscere
1501 1045 1612 1103 arens,
1635 1023 1743 1089 inveni

190 1129 348 1217 τλήμονος
372 1121 484 1204 ’Ίωύος
500 1126 524 1210 ¹)
556 1128 740 1216 σαφεστάτῃ
775 1121 857 1206 λέξει
881 1137 938 1192 τοῦ
992 1129 1094 1214 igitur
1117 1131 1150 1195 in
1177 1129 1261 1197 libro
1289 1132 1441 1216 patientis
1471 1133 1535 1198 Job
1568 1131 1743 1200 clarissima

189 1238 287 1328 λόγου
311 1239 349 1303 τὸ
373 1239 500 1328 καίριον,
517 1236 590 1302 ένύα
606 1237 666 1309 τὴν
683 1237 825 1303 ὑπόθεσιν
843 1242 939 1327 ἑρμη-
992 1236 1131 1303 dictione
1154 1236 1186 1303 id
1211 1239 1296 1324 quod
1331 1239 1371 1304 ad
1406 1239 1563 1305 rationem
1598 1243 1743 1305 nostram

191 1345 286 1411 νεύων
310 1356 368 1422 τῆς
392 1344 548 1428 πλάσεως,
564 1345 863 1436 ιιειιαρριοσιασμένρΙ
890 1345 940 1410 κέ·
993 1349 1210 1429 opportunum
1235 1351 1292 1413 ast.
1317 1347 1367 1412 lbi
1390 1351 1615 1432 argumentum
1645 1347 1744 1434 expli·

191 1478 312 1544 χρηται
327 1465 369 1540 τῇ
389 1467 473 1544 φωνῇ
492 1456 567 1545 πρὸς
583 1455 638 1519 τύν
655 1457 820 1520 κτίσαντα·
835 1455 939 1545 Δέρμα
993 1471 1068 1517 cans
1091 1453 1273 1536 creationis,
1288 1453 1389 1520 libere
1412 1453 1549 1538 locutus,
1566 1458 1663 1541 atque
1682 1454 1743 1522 hnc

192 1561 247 1626 καί
259 1562 348 1651 κρέας
367 1586 417 1651 με,
435 1563 548 1653 λέγων,
565 1553 719 1646 ὲνέδοσκς,
734 1557 818 1641 ζωὴν
836 1553 939 1628 δὲκαὶ
993 1580 1068 1625 voce
1092 1583 1168 1626 usus
1184 1562 1225 1627 ad
1237 1565 1431 1628 creatorem:
1451 1565 1464 1596 ⁸
1486 1561 1575 1630 Pelle
1598 1568 1631 1629 et
1647 1583 1743 1630 carne

193 1673 277 1748 ἔλεος
302 1671 373 1738 ἔθου
397 1678 470 1761 παρ’
495 1673 574 1761 ἐμοὶ,
599 1678 618 1746 ἡ
646 1663 679 1738 δὲ
703 1673 857 1746 ἐπισκοπή
884 1697 938 1738 oon
994 1689 1056 1750 mc,
1079 1668 1195 1753 iuquit,
1212 1669 1355 1752 induisti,
1383 1671 1483 1738 vitam
1507 1676 1542 1737 et
1563 1671 1744 1738 miscricor-

193 1773 325 1869 ἑφύλαξέ
338 1805 398 1870 μου
411 1781 449 1846 τύ
462 1791 592 1871 πνεῦμα.
611 1780 764 1847 Ἐνταῦθα
782 1780 841 1871 γάρ
859 1783 940 1846 ἔοικε
993 1778 1078 1843 diam
1094 1779 1230 1862 posuisti
1247 1779 1332 1864 apud
1348 1802 1409 1862 me,
1422 1780 1617 1866 praesidinm
1633 1783 1745 1847 autem

192 1890 231 1954 τὸ
247 1891 349 1954 κοινὸν
373 1899 432 1966 τῆς
458 1888 711 1981 ίινύρωπύτητος,
737 1891 839 1980 ὥσπερ
863 1895 940 1956 ἀνα·
995 1889 1087 1951 tuum
1109 1886 1282 1954 custodivit
1312 1889 1462 1974 spiritum
1491 1911 1611 1955 meum.
1634 1936 1647 1967 ,
1673 1886 1745 1966 Quo

192 1991 300 2064 λαύὼν
324 2010 383 2076 τῆς
408 1989 614 2090 δημιουργίας
642 1993 821 2090 σαφηνίζειν
832 1996 859 2082 ’)
884 2002 939 2064 τὀν
993 1996 1121 2080 quidem
1145 1995 1216 2064 loco
1239 1997 1367 2064 videtur
1382 1998 1415 2063 id
1430 1997 1515 2082 quod
1531 1995 1744 2064 humanitatis

192 2107 325 2196 τρύτον,
351 2107 406 2171 τὸν
431 2097 465 2171 δὲ
489 2097 673 2195 δερμάτινον
697 2116 835 2196 χιτῶνα,
859 2105 894 2174 dv
923 2113 939 2172 ὁ
994 2125 1162 2170 commune
1178 2109 1237 2186 cst,
1251 2105 1485 2190 quodammodo
1501 2105 1662 2192 amplexu,
1676 2104 1746 2190 opi·

194 2215 269 2290 Θεὸς
287 2205 408 2280 ἐνέδυσε
425 2216 479 2280 τὸν
498 2205 604 2305 Ἀδάμ
624 2217 818 2306 ἡρμήνευκεν
837 2215 941 2283 είτών.
995 2212 1058 2278 ficii
1090 2211 1247 2278 rationem
1280 2214 1420 2280 definire.
1453 2213 1609 2282 Tunicam
1636 2218 1745 2282 autem

195 2321 299 2413 Δέρμα
323 2323 377 2386 καί
393 2325 483 2413 κρέας
508 2346 546 2412 με
571 2314 715 2400 ἑνέδυσας
740 2325 790 2388 ὅτι
809 2326 941 2415 περικεί-
994 2319 1173 2404 pelliceam,
1190 2342 1254 2405 qua
1277 2320 1363 2387 Deus
1389 2320 1492 2388 Adam
1507 2322 1622 2403 induit,
1638 2320 1746 2389 decla-

195 2429 274 2519 μεθα
287 2427 314 2515 ⁸)
337 2431 428 2495 τουτί
453 2439 544 2519 σῶμα
567 2431 604 2494 τύ
629 2430 781 2521 σάρκινον.
994 2427 1079 2493 ravit
1091 2427 1208 2495 dicens:
1225 2431 1237 2460 ⁸
1256 2427 1346 2495 Pelle
1360 2434 1393 2495 et
1405 2451 1501 2496 carue
1514 2451 1565 2496 me
1576 2429 1745 2510 induisti„

995 2535 1080 2620 qnod
1096 2534 1284 2602 circumdati
1296 2558 1406 2604 sumus
1418 2537 1515 2605 hocce
1527 2559 1662 2624 corpore
1675 2559 1746 2604 car-

994 2640 1072 2708 nali.

239 2750 276 2810 Εἰ
298 2736 332 2811 δέ
354 2770 402 2822 τις
427 2750 462 2810 ἐκ
482 2745 631 2822 τοιαύτης
650 2748 821 2834 μαρτυρίας
845 2757 940 2812 τοῦτο

195 2851 238 2941 μὴ
268 2846 501 2943 καταδέχεται,
525 2849 614 2930 ούτος
629 2855 654 2938 ⁴)
678 2857 713 2918 ού
744 2845 941 2945 δερμάτινον,

195 2960 279 3028 ἀλλά
303 2955 423 3042 ξύλινον
448 2955 612 3028 ἐνδέδυται
635 2973 757 3052 χιτῶνα
772 2961 805 3052 ⁵).

194 3197 311 3256 scilicet
329 3199 425 3272 σλκγί,
444 3198 555 3256 vulnus
580 3198 763 3256 lethiferum.
782 3199 878 3256 Attici
901 3199 943 3256 di-

194 3293 266 3344 cunt
283 3289 417 3342 τύπτεσθαι
436 3291 541 3359 καιρίαν,
561 3287 593 3344 id
615 3293 663 3344 est
687 3291 814 3345 mortale
831 3293 944 3346 vulnus

193 3380 335 3448 accipere.
347 3376 487 3438 Ἀναλύτοι
501 3393 561 3432 vox
573 3392 652 3433 nova
664 3376 714 3431 vel
728 3377 797 3439 ἅπαξ
809 3379 945 3451 λιγομίνιι,

193 3468 299 3540 placet,
318 3464 438 3540 utquid
451 3466 533 3522 aliud
546 3471 633 3523 sonet
645 3484 735 3539 quam
750 3471 874 3534 ἀνάλυσις,
893 3459 949 3526 'vel

193 3561 330 3629 διαφθείροι,
350 3555 382 3612 id
400 3573 458 3630 qus
476 3555 666 3629 potissimum
692 3556 843 3614 referatur
862 3559 900 3616 ad
921 3574 945 3611 ιι

191 3647 418 3716 κατακοιτκμίνον,
433 3645 475 3702 εἰσ
488 3645 567 3701 enim
579 3646 648 3718 lege
661 3663 714 3719 pro
732 3649 893 3719 κεκτημένον.
907 3680 945 3693 -

191 3733 334 3808 Superest
351 3739 387 3791 nt
399 3751 452 3807 per
464 3752 519 3791 nos
532 3734 624 3792 liceat
636 3737 776 3809 supplere
795 3739 944 3810 οιτρωμένον

192 3825 241 3882 vel
260 3843 279 3882 a
299 3830 391 3897 τιτροίω
410 3826 458 3883 vel
478 3843 496 3882 a
516 3827 680 3898 ruptione».

227 3917 249 3988 ¹)
261 3915 331 3974 (lod.
346 3917 428 3978 ίωοιος.
442 3917 463 3974 J
465 3915 501 3972 ob
514 3935 542 3986 x,
554 3916 597 3985 11,
614 3918 656 3984 12,
671 3917 740 3978 fort.
753 3919 944 3978 amanuensis

190 4020 246 4060 om.
266 4003 346 4078 quod
364 4004 485 4062 additur
503 4009 574 4079 post
585 4007 697 4068 ἐνίδοσοι
710 4005 741 4064 in
754 4021 830 4064 axx:
850 4009 944 4068 ὀστέοις

190 4097 216 4146 δέ
235 4103 278 4148 καί
297 4097 386 4167 νεύροις
407 4116 437 4165 με
457 4093 555 4166 tuipse.
897 4091 899 4094 ⁵

227 4186 250 4259 ¹)
268 4185 339 4243 Cod.
359 4189 497 4258 σαφενίζιι.

227 4275 250 4348 ³)
269 4275 388 4333 Niukes.
400 4296 418 4330 s
428 4276 464 4333 In
477 4277 541 4334 uod.
555 4279 567 4330 t
581 4298 660 4350 περικ.
679 4277 755 4336 illud
772 4300 797 4331 ’.ι
808 4282 878 4335 ante
897 4277 944 4335 lit-

192 4373 288 4425 teram
307 4366 490 4424 simillimam
509 4389 528 4420 π
539 4366 627 4425 fenile
641 4368 789 4426 excidisse
806 4367 906 4442 potuit
916 4388 942 4424 ε.

141 4469 150 4482 “
191 4459 330 4515 -Duch.
350 4461 362 4512 ὅ
380 4459 481 4532 <ίστιν
497 4457 554 4532 t>
572 4464 729 4530 πιριαιίμιύα
742 4459 846 4534 <τύ>
859 4463 943 4531 σῶμα.

228 4551 254 4623 ⁴)
272 4548 342 4607 cod.
363 4553 450 4610 οὕτως.

229 4641 253 4715 ⁵)
263 4639 347 4698 Sicut
354 4639 508 4713 Origenes,
519 4641 571 4698 ubi
582 4641 619 4700 de
629 4640 739 4700 tunicis
749 4641 865 4700 carneis
879 4659 945 4714 age·

195 4731 254 4800 bat,
276 4729 385 4787 aeriter
404 4735 435 4787 et
453 4731 563 4788 elatius
576 4731 608 4788 in
627 4731 808 4789 adversariis
827 4731 942 4800 ruebat,

195 4819 282 4891 qussi
300 4823 421 4878 tuentes
440 4820 553 4895 aliquid
572 4824 668 4895 σφόδρα
686 4825 778 4879 ἠλίθιον
793 4829 835 4876 καί
854 4825 946 4896 γραιιῗν.

1040 2749 1074 2818 si
1091 2759 1200 2820 autem
1218 2755 1289 2841 quis
1309 2778 1348 2822 ex
1365 2756 1547 2842 hujusmodi
1559 2755 1746 2821 testimonio

995 2860 1028 2925 id
1050 2881 1115 2926 non
1138 2863 1267 2946 probet,
1296 2863 1323 2928 is
1355 2863 1434 2928 mihi
1457 2885 1521 2929 non
1545 2862 1674 2948 pellicia
1700 2862 1748 2928 vi·

996 2968 1101 3048 detur,
1126 2969 1179 3034 sed
1202 2969 1310 3054 lignea
1334 2969 1444 3036 tunica
1468 2970 1609 3037 indutus.

997 3203 1098 3256 catum
1124 3216 1231 3274 corpus
1258 3204 1290 3256 et
1316 3217 1435 3257 carnem
1460 3206 1620 3274 negarent,
1649 3217 1746 3273 neque

998 3290 1091 3346 etiam
1109 3291 1228 3348 omnino
1240 3291 1374 3350 voluisse
1387 3292 1505 3350 tunicas
1525 3309 1592 3350 esse
1611 3309 1745 3362 carneas,

1000 3380 1053 3436 sed
1065 3379 1096 3434 in
1108 3379 1157 3436 bis
1170 3379 1352 3437 sententiam
1366 3380 1468 3437 littera
1486 3381 1698 3438 sublimiorem.
1709 3407 1749 3429 -

997 3472 1048 3528 Ita
1067 3471 1271 3528 Tertullianus
1298 3472 1434 3529 concedit
1452 3471 1483 3528 in
1504 3473 1561 3529 boo
1585 3473 1651 3530 loeo
1673 3473 1747 3546 quid

998 3579 1147 3620 areanum
1172 3579 1246 3632 ease,
1267 3581 1320 3620 neo
1345 3579 1407 3620 ease
1432 3565 1565 3620 omnium
1588 3574 1674 3622 nosse
1691 3565 1749 3638 (De
1789 3573 1795 3588 ’

998 3655 1095 3710 Pallio
1114 3657 1138 3723 ξ.
1157 3653 1203 3724 3):
1224 3661 1255 3710 et
1267 3653 1450 3728 Hippolytus
1464 3654 1544 3733 apud
1561 3673 1617 3713 nos
1635 3655 1748 3728 (Sptctl.

998 3745 1119 3802 Soleom.
1138 3759 1158 3814 1,
1176 3744 1237 3800 551.
1252 3746 1339 3804 Anat.
1352 3760 1372 3814 1,
1445 3745 1655 3820 >existimavit
1672 3761 1749 3802 mor·

998 3841 1119 3890 tuorum
1137 3831 1311 3890 animalium
1329 3833 1440 3907 pellem
1453 3851 1519 3892 esee
1534 3833 1640 3892 mortis
1658 3840 1750 3906 etque

998 3921 1197 3995 corruptionis
1222 3915 1375 3982 indicium
1394 3922 1474 3981 Satis
1500 3927 1604 3997 aperte
1622 3923 1749 3995 Magnes

999 4028 1092 4084 supra
1110 4009 1244 4072 declaret
1255 4011 1416 4070 humanam
1429 4029 1549 4070 caruem
1562 4015 1631 4068 ante
1650 4027 1751 4085 φεοει·

999 4108 1064 4159 tum
1083 4102 1271 4160 subtiliorem
1289 4102 1386 4160 fuisse
1405 4107 1437 4160 et
1448 4102 1487 4159 ad
1505 4101 1623 4161 divinas
1642 4101 1750 4159 doctri·

998 4211 1053 4251 nae
1079 4191 1294 4265 intelligendas
1320 4199 1435 4267 aptam,
1461 4198 1568 4266 utpote
1593 4191 1749 4250 nulladum

999 4278 1200 4337 crassitudine
1225 4283 1372 4345 onustam,
1392 4276 1511 4352 spiritui
1537 4276 1697 4348 subditam,
1717 4282 1750 4334 et

999 4371 1109 4429 idcirco
1128 4389 1146 4427 a
1164 4369 1292 4427 caeteris
1304 4369 1395 4426 rebus
1409 4369 1519 4427 creatis
1531 4373 1695 4441 exceptam,
1714 4372 1752 4425 nt

1000 4461 1137 4518 intimem
1163 4479 1231 4517 cum
1250 4460 1358 4534 spiritu
1376 4459 1551 4520 societatem
1574 4458 1749 4532 susciperet

1000 4551 1075 4608 Vult
1088 4557 1197 4622 autem,
1211 4551 1337 4625 Magnes
1350 4559 1419 4626 post
1431 4552 1600 4625 origenem,
1613 4549 1697 4606 illam
1708 4549 1752 4608 lu·

998 4643 1144 4700 ruinosum
1163 4639 1369 4714 subtilitatem,
1389 4642 1465 4699 illud
1484 4643 1630 4713 λιπτέτιμεν
1644 4647 1687 4694 καί
1708 4641 1753 4692 αὖ·

999 4732 1162 4806 γοιιοίσιιρον
1181 4735 1329 4786 mutatam
1341 4729 1437 4786 fuisse
1455 4734 1526 4802 post
1543 4732 1699 4803 peccatum
1718 4725 1751 4784 in

999 4819 1236 4890 erassitudinem,
1251 4837 1326 4892 quaa
1341 4817 1457 4876 carneis
1470 4817 1581 4875 tunicis
1600 4815 1750 4890 signitica-

195 4915 234 4969 δις
248 4915 290 4963 καὶ
302 4911 399 4972 ἀνάξιον
413 4915 455 4965 τοῦ
469 4915 531 4965 θεοῦ
544 4911 706 4984 (Duohesn.
721 4929 748 4985 p.
761 4911 816 4984 27),
830 4910 873 4967 ita
884 4911 946 4966 Ma·
1000 4915 1057 4967 tur.
1076 4909 1253 4983 Nuperrime
1272 4909 1308 4965 ol.
1321 4908 1474 4982 professor
1486 4906 1629 4963 Vincenti
1647 4906 1679 4962 in
1699 4923 1751 4964 eo·

196 5017 281 5073 gnae,
301 5001 431 5059 fortasse
451 5020 508 5061 sue
526 5007 643 5075 ἑρμηνείᾳ
667 5004 749 5060 baud
767 5003 811 5060 ita
828 5002 945 5077 placide
1000 5002 1068 5058 dem
1087 5016 1178 5058 sensu
1197 5016 1232 5055 ea
1250 5015 1326 5072 quaa
1347 5003 1482 5071 spectant
1501 4993 1539 5053 ad
1556 4995 1750 5054 resurrectio-

194 5097 365 5164 contentns,
385 5091 515 5167 erumpit
528 5094 734 5152 stomachatus
750 5093 781 5149 in
798 5095 891 5155 ξύλινον
911 5115 947 5161 χι·
999 5108 1069 5148 nem
1081 5089 1179 5147 carnis
1192 5090 1343 5163 explicaro
1355 5093 1480 5146 conatus
1493 5098 1548 5158 est,
1559 5093 1595 5144 nt
1606 5103 1668 5143 una
1679 5103 1750 5144 enm

196 5185 273 5234 τῶνα.
292 5182 453 5240 caeterum
472 5183 543 5239 olim
561 5201 630 5240 cum
647 5184 791 5240 Anselmo
808 5199 874 5238 meo
892 5199 946 5238 no·
1000 5181 1145 5254 Gregorio
1170 5179 1309 5254 Nysseno
1334 5177 1496 5250 Origenem
1521 5176 1558 5234 ab
1583 5175 1664 5233 omni
1681 5174 1749 5232 labe

196 5279 342 5344 tererem,
355 5291 453 5347 neque
465 5273 635 5347 Origenem,
648 5291 703 5330 neo
719 5273 892 5346 Magnetem
910 5289 947 5329 so
999 5269 1174 5327 vindicaret
1193 5269 1239 5324 De
1259 5267 1368 5343 quibus
1387 5284 1459 5326 vero
1476 5284 1574 5338 usque
1594 5265 1632 5322 ad
1649 5281 1750 5323 resur·

194 5381 291 5440 usque
305 5365 473 5436 insaniisse,
489 5372 525 5422 ut
536 5363 634 5422 Adam
648 5369 679 5421 et
690 5365 773 5422 Evae
788 5369 857 5420 ante
875 5379 947 5436 peo-
1000 5359 1163 5417 rectionem
1182 5363 1369 5416 mortuorum
1388 5355 1599 5432 disputabitur.
