3978 6070
253 424 289 480 72
712 417 767 490 De
781 417 1000 510 planetarum
1020 422 1112 492 ιιιοίιι
1130 426 1161 492 ει
1174 420 1341 512 periodis.

253 581 287 654 δὲ
311 599 375 665 τοῖς
399 589 567 666 Πλάτωνος
591 591 708 678 φίλοις·
733 590 787 654 καί
810 601 856 674 τῷ
881 590 935 680 μέν
961 586 1099 658 εἶναιτὸ
1123 593 1266 680 λαμπρόν
1291 601 1404 682 χρῶμα
1432 593 1589 684 συγγενές,
1614 593 1743 684 πρώτως
1766 594 1802 662 όν

253 698 376 787 ὁρατόν,
401 703 441 774 ὡς
465 699 502 763 τό
526 693 603 764 εἶναι
626 709 760 789 πρῶτον,
786 699 907 792 ἀνάγκη
934 710 1076 791 παρεῖναι
1099 709 1164 774 τοῖς
1189 693 1272 764 ούσιν

253 916 277 980 f.
303 917 345 980 64
369 939 410 994 1.,
437 915 472 980 in
495 915 613 981 lacuna
637 917 657 980 3
681 939 782 982 versa
809 940 911 990 ας...
936 917 1060 1004 ἀμεῖνον
1078 915 1137 1006 γάρ
1155 916 1208 980 καί
1227 918 1264 981 τό
1288 910 1345 994 ζῆν
1369 920 1453 982 ἐστιν
1478 917 1533 982 καὶ
1555 919 1593 982 τό
1617 917 1802 1011 γιγνώσκειν

255 1045 356 1090 ...τε
379 1024 490 1098 λευκός
514 1023 589 1113 πρός
613 1023 650 1086 τό
674 1023 886 1113 λαμπρόν...
911 1025 1028 1100 οἰκείως
1052 1023 1124 1113 ἔχον
1149 1026 1203 1088 καὶ
1227 1036 1284 1102 τῆς
1308 1028 1344 1090 ἐκ
1367 1037 1424 1101 τῆς
1456 1021 1569 1105 ἀζωίας
1601 1028 1803 1117 ἐγγινομένης

212 1152 225 1188 ε
254 1131 404 1219 μελαίνης
435 1131 489 1194 καὶ
521 1122 697 1207 σκοτώδους
725 1131 820 1221 χρόας
853 1131 1107 1222 καθαρευόντων·
1139 1143 1185 1217 τῷ
1214 1125 1248 1199 δέ
1278 1133 1460 1224 γινώσκειν,
1490 1136 1529 1199 τό
1561 1127 1671 1212 ξανθόν
1704 1137 1804 1224 φίλον,

254 1237 406 1329 συμμιγὲς
432 1237 464 1302 θν
489 1242 524 1302 ἐκ
546 1237 690 1303 πάντων·
716 1239 768 1303 καὶ
792 1237 852 1328 γὰρ
876 1245 895 1311 ή
921 1249 1032 1329 γνῶσις
1064 1241 1118 1304 καὶ
1146 1251 1201 1305 τοῦ
1230 1243 1318 1316 ὄντος
1342 1241 1526 1332 ἐπορέγεται
1549 1243 1603 1306 καί
1630 1254 1689 1318 τῆς
1713 1238 1805 1322 ζωῆς,

254 1336 336 1410 διότι
360 1347 478 1421 κίνησίς
503 1372 550 1422 τις
574 1347 668 1432 ἐστίν,
693 1347 747 1410 καί
769 1358 827 1422 τῆς
844 1349 1032 1437 ἑτερότητος
1051 1339 1216 1438 διακρίνειν
1233 1349 1383 1416 ἐθέλουσα
1399 1349 1442 1415 τά
1464 1351 1551 1414 όντα·
1576 1351 1629 1415 καί
1652 1356 1686 1415 ού
1711 1352 1804 1440 μόνον

252 1457 287 1518 ἐκ
309 1459 434 1519 πολλῶν
459 1454 500 1538 ἓν,
527 1454 610 1519 ἀλλά
634 1456 687 1519 καί
703 1455 808 1520 πολλά
827 1467 924 1520 ποιεῖν
946 1449 978 1534 ἐξ
995 1457 1070 1532 ένός·
1087 1456 1129 1522 τά
1154 1457 1208 1544 μέν
1233 1453 1284 1522 ούν
1305 1456 1462 1548 χρώματα
1485 1458 1605 1523 τούτων
1630 1459 1753 1535 εἰκόνες·
1779 1463 1806 1522 εἰ

254 1555 288 1629 δὲ
312 1563 355 1648 μή
381 1563 581 1628 παντάπασιν
606 1567 637 1627 έν
656 1575 719 1638 τοῖς
736 1565 898 1654 ὁρωμένοις
914 1575 1017 1629 ταῦτα
1034 1575 1167 1629 τοιαῦτα
1189 1568 1342 1654 φαίνεται,
1361 1566 1502 1654 μάλιστα
1527 1566 1582 1655 μέν
1606 1567 1659 1630 καὶ
1682 1571 1723 1642 είς
1747 1565 1803 1640 τάς

199 1689 226 1728 1⁰
256 1663 336 1747 ἰδέας
361 1673 500 1760 φήσομεν
525 1681 587 1734 τῶν
613 1674 749 1760 ἀστέρων
775 1663 929 1736 ἀπιδόντα
960 1672 1015 1736 τὸν
1040 1673 1197 1737 Πλάτωνα
1221 1674 1275 1738 καὶ
1302 1671 1359 1749 τάς
1392 1664 1537 1761 δυνάμεις
1568 1683 1630 1738 τῶν
1664 1674 1803 1763 ἀστέρων

254 1780 372 1855 ταύτας
396 1780 492 1855 οὕτως
518 1782 621 1855 αὐτοῖς
640 1771 797 1868 διανεῖμαι
817 1779 874 1854 τάς
898 1779 1003 1869 χρόας·
1031 1785 1057 1844 εί
1081 1771 1115 1844 δέ
1138 1779 1181 1867 μή
1207 1789 1303 1845 τοῦτο
1326 1772 1538 1871 παραδέχοιτό
1563 1806 1621 1864 τις,
1645 1782 1744 1846 ἐκεῖνό
1768 1805 1806 1871 γε

255 1894 310 1955 οὐκ
327 1879 445 1961 ἄδηλον
463 1890 513 1952 ότι
529 1899 594 1963 τοῖς
612 1886 739 1979 έγγύθεν
758 1893 865 1977 ὁρῶσιν
880 1888 898 1960 ἢ
914 1900 978 1964 τοῖς
995 1887 1149 1979 πόρρωθεν
1167 1890 1355 1978 ἀλλοιότερα
1371 1889 1412 1954 τά
1429 1889 1587 1980 χρώματα
1600 1885 1802 1978 φαντάζεται·

258 1997 440 2086 θαυμαστόν
465 1990 516 2060 σύν
543 1987 640 2078 οὐδέν,
658 1995 765 2060 καὶτὸ
782 1995 899 2061 ἐκεῖθεν
917 1995 1071 2087 ὁρώμενον
1089 1995 1211 2074 λευκόν,
1230 1988 1281 2062 διά
1297 1997 1356 2066 τήν
1379 1993 1524 2086 σύμμιξιν
1541 2007 1597 2063 τοῦ
1616 1999 1710 2090 ἀέρος,
1729 2005 1814 2088 ἡμῖν·

256 2104 298 2195 μή
318 2103 617 2193 φαίνεσθαιλευκθν,
635 2102 688 2167 καί
705 2103 846 2193 μάλιστα
862 2109 893 2168 ἐν
914 2105 1003 2168 νυκτί
1027 2104 1198 2196 θεωμένοις·
1224 2104 1243 2178 ή
1269 2108 1306 2170 τό
1324 2099 1434 2183 ξανθόν
1460 2106 1501 2195 μή
1529 2107 1657 2195 ὁρᾶσθαι
1684 2101 1804 2185 ξανθόν,

201 2227 226 2264 1⁵
255 2214 309 2278 καὶ
332 2212 392 2304 γάρ
416 2237 461 2276 πα
482 2213 610 2286 ἀλληλα
627 2211 773 2301 τιθέμενα
797 2211 839 2277 τά
862 2212 1019 2303 χρώματα
1036 2209 1229 2303 φαντάζεται
1246 2216 1304 2303 ούχ
1320 2211 1370 2278 οἷά
1387 2217 1480 2278 έστιν·
1507 2220 1534 2278 εἰ
1558 2206 1592 2280 δέ
1614 2215 1807 2305 παράλληλα

257 2322 310 2386 καί
328 2311 367 2384 δι’
390 2321 539 2393 ἀλλήλων
564 2319 711 2395 ὡσαύτως
735 2323 858 2410 ἑτεροῖα
881 2322 1069 2410 προσπίπτει
1085 2333 1148 2397 τοῖς
1166 2323 1302 2411 ὄμμασιν
1320 2329 1420 2410 ήμῶν.
1438 2321 1526 2387 Ἀλλ’
1544 2323 1595 2388 ἐπί
1611 2321 1653 2387 τά
1669 2323 1808 2410 ἑπόμενα

254 2439 415 2519 χωρῶμεν,
435 2433 545 2492 ἱκανῶν
563 2428 660 2492 όντων
677 2428 751 2517 πρὸς
767 2427 827 2501 τήν
844 2430 878 2493 έκ
902 2437 964 2494 τῶν
986 2429 1162 2519 χρωμάτων
1187 2437 1227 2509 ὡς
1252 2434 1305 2496 ἀπ’
1330 2431 1454 2496 εἰκόνων
1478 2431 1547 2521 περὶ
1571 2441 1629 2508 τῆς
1652 2431 1806 2508 ποιήσεως

163 2537 164 2542 ’
255 2547 318 2601 τῶν
344 2537 479 2626 ἀστέρων
505 2536 643 2626 θεωρίαν·

522 2767 565 2828 -ζ-
589 2751 777 2816 Κυκλεῒσθαι
801 2743 835 2816 δέ
850 2751 874 2838 ¹)
899 2751 1106 2841 στρεφόμενον
1131 2752 1185 2816 τόν
1214 2754 1372 2842 ἄτρακτον
1398 2756 1470 2819 ὅλον
1495 2769 1539 2830 -ζ-

522 2873 567 2936 ÷
592 2860 645 2950 μέν
663 2859 722 2931 τήν
740 2859 840 2933 αύτήν
857 2858 963 2948 φοράν·
985 2859 1027 2941 [έν
1046 2848 1080 2922 δέ
1096 2867 1140 2940 τῷ
1155 2859 1217 2941 όλῳ
1234 2860 1474 2947 περιφερομένῳ,
1498 2873 1542 2935 ζ-

522 2983 567 3046 ÷
590 2968 661 3044 τούς
679 2967 734 3057 μέν
756 2968 842 3044 ἐντὸς
859 2965 940 3033 έπτά
957 2966 1089 3042 κύκλους
1106 2965 1167 3038 τήν
1184 2969 1328 3031 Ιεναντίαν
1349 2977 1395 3050 τῷ
1412 2970 1474 3050 ὅλῳ
1497 2980 1543 3043 ÷

523 3084 567 3150 -ζ-’
589 3075 691 3166 ήρέμα
707 3072 935 3164 περιφέρεσθαι,
954 3078 1056 3137 αὐτῶν
1075 3062 1108 3138 δέ
1124 3074 1245 3138 τούτων
1263 3073 1403 3163 τάχιστα
1419 3074 1472 3161 μέν
1496 3087 1540 3148 -ζ-

523 3197 567 3257 -ζ-
593 3183 668 3248 ἰέναι
692 3181 746 3246 τόν
770 3173 891 3271 ὄγδοον,
920 3172 1079 3270 δευτέρους
1104 3173 1137 3246 δέ
1161 3183 1215 3246 καὶ
1232 3181 1298 3271 ἅμα
1323 3183 1473 3258 ἀλλήλοις
1497 3197 1541 3257 -ζ-

522 3302 566 3364 -ζ-
588 3289 681 3354 τόντε
704 3280 836 3376 έόδομον
861 3288 914 3352 καὶ
938 3289 1027 3353 ἕκτον
1053 3288 1107 3352 καί
1122 3289 1277 3377 πέμπτον·
1296 3289 1350 3353 τὸν
1367 3291 1473 3378 τρίτον
1498 3301 1542 3363 -ζ-

524 3412 569 3473 -ζ-
592 3389 626 3463 δέ
639 3406 717 3486 φορᾷ
731 3396 817 3479 ἰέναι,
828 3402 867 3473 ὡς
881 3399 963 3484 σφίσι
976 3395 1150 3486 φαίνεσθαι,
1162 3396 1474 3486 ἐπανακυκλούμενον
1498 3411 1543 3472 -ζ-

524 3521 568 3582 ÷
589 3507 644 3570 τόν
658 3505 822 3595 τέταρτον·
840 3505 993 3596 τέταρτον
1012 3497 1045 3572 δὲ
1062 3507 1116 3572 τόν
1134 3507 1250 3596 τρίτον,
1264 3505 1318 3569 καὶ
1331 3504 1474 3592 πέμπτον
1499 3519 1544 3580 ÷

522 3625 566 3686 ÷
589 3613 643 3676 τὀν
669 3603 844 3701 δεύτερονγ·
871 3613 1056 3702 στρέφεσθαι
1081 3605 1114 3679 δὲ
1138 3615 1231 3678 αύτόν
1264 3617 1294 3680 έν
1319 3622 1471 3688 τοῖςτῆς
1495 3625 1539 3687 -ζ-

523 3733 567 3794 ÷
591 3719 749 3810 Ἀνάγκης
773 3719 913 3811 γόνασιν.
937 3735 982 3796 ÷

258 3940 282 4006 f.
301 3941 352 4018 65,
370 3940 404 4004 in
421 3939 538 4004 lacuna
555 3941 574 4002 5
592 3957 693 4003 νοτες
710 3935 780 4026 περὶ
803 3945 861 4010 τῆς
877 3989 883 4002 .
899 3987 928 4002 ..
954 3935 1037 4000 ὀκτώ
1054 3926 1298 4024 σφονδύλοις...
1322 3943 1426 3999 ταῦτα
1442 3931 1501 4026 γάρ
1518 3941 1581 3996 τῶν
1599 3932 1737 4021 ἀστέρων
1753 3985 1760 3999 .
1777 3985 1807 3999 ..

204 4069 231 4108 ιο
259 4037 372 4122 δόλοις,
398 4035 484 4108 αἰδὲ
508 4043 642 4118 κινήσεις
667 4051 729 4107 τῶν
755 4033 1002 4128 σφονδύλων...
1026 4041 1084 4132 γάρ
1102 4041 1161 4113 τήν
1186 4033 1370 4130 βραδύτητα
1394 4043 1447 4105 καὶ
1471 4040 1531 4111 τήν
1554 4039 1726 4128 ταχύτητα
1751 4038 1811 4115 τάς

258 4153 378 4217 τούτων
395 4152 529 4227 κινήσεις
547 4143 777 4226 ἀποόλέποντες
791 4140 973 4240 διορίζομεν
990 4151 1055 4215 έπεὶ
1068 4153 1144 4239 οίγε
1161 4149 1288 4238 ἀστέρες
1306 4149 1395 4213 αὐτοὶ
1411 4149 1482 4237 περὶ
1498 4146 1540 4212 τά
1557 4151 1676 4212 ἑαυτῶν
1693 4147 1808 4235 κέντρα

258 4272 425 4337 κινοῦνται,
449 4259 503 4324 καί
520 4262 603 4335 ὅπως
621 4262 744 4348 ἔχουσιν
763 4258 879 4348 τάχους
895 4259 913 4332 ή
932 4250 1129 4349 όραδυτῆτος
1147 4260 1221 4348 πρὸς
1239 4260 1408 4342 ἀλλήλους,
1425 4261 1459 4323 ἐκ
1475 4268 1533 4334 τῆς
1558 4254 1653 4345 ὅψεως
1678 4247 1806 4328 ἄδηλον·

260 4374 332 4434 ἀλλ’
358 4370 434 4433 όταν
458 4368 600 4460 λέγωμεν
625 4368 696 4443 τούς
722 4366 777 4456 μέν
796 4366 911 4431 θᾶττον
930 4365 1213 4453 ἀποκαθίστασθαι,
1228 4365 1300 4441 τούς
1325 4357 1359 4430 δέ
1379 4368 1415 4454 βρ
1441 4357 1580 4455 δύτερον,
1603 4370 1644 4438 εἰς
1667 4362 1725 4438 τάς
1749 4371 1812 4426 τῶν

259 4468 438 4567 σφονδύλων
462 4481 492 4542 ἐν
518 4472 561 4550 οἷς
586 4482 672 4553 εἰσιν,
698 4480 859 4566 ἀφορῶμεν
884 4467 1052 4564 περιόδους·
1072 4469 1158 4540 οὗτοι
1174 4474 1235 4565 γάρ
1252 4473 1436 4564 περιάγουσι
1452 4471 1524 4548 τούς
1549 4471 1690 4561 ἀστέρας,
1713 4471 1810 4544 καὶὴ

203 4606 231 4644 ει
260 4583 315 4673 μὲν
334 4581 476 4657 ἀπλανής
500 4581 632 4659 πάντας,
649 4582 702 4645 καὶ
722 4580 793 4657 τούς
808 4585 839 4645 ἑν
859 4583 938 4665 αὐτῇ
955 4581 1202 4671 περιεχομένους,
1221 4579 1361 4656 καὶτοὺς
1378 4585 1408 4644 έν
1426 4591 1496 4657 ταῖς
1513 4579 1624 4654 ἄλλαις
1647 4568 1810 4667 περιόδοις·

261 4685 309 4758 δίο
335 4681 373 4762 δή
398 4691 527 4782 λέγεται
552 4692 624 4780 μίαν
650 4685 727 4755 εἶναι
744 4689 802 4762 τήν
827 4699 883 4755 τοῦ
901 4691 974 4753 όλου
992 4680 1164 4778 σφονδύλου
1188 4687 1368 4777 περιφοράν,
1391 4697 1453 4751 τῶν
1479 4684 1560 4752 ἑπτά
1581 4685 1813 4776 περιαγομένων

260 4803 319 4867 ύπδ
344 4811 399 4867 τοῦ
423 4794 581 4878 ἐξωτάτου
606 4797 690 4863 κατά
715 4797 774 4871 τήν
799 4798 850 4863 ἐπὶ
874 4788 977 4874 δεξιάν
1002 4799 1132 4868 κίνησιν·
1157 4795 1276 4868 ἑκάστη
1302 4789 1335 4860 δέ
1358 4805 1421 4860 τῶν
1446 4794 1550 4858 ἄλλων
1575 4785 1724 4883 περιόδων
1748 4801 1811 4856 τῶν

261 4916 292 4977 έν
318 4913 397 4996 αὐτῇ
423 4907 565 4999 περιάγει
588 4906 672 4972 κατά
696 4906 754 4978 τήν
780 4911 893 4980 ἑαυτῆς
919 4906 1039 4976 κίνησιν
1070 4905 1204 4994 ἀστέρα·
1228 4901 1324 4976 καὶή
1358 4902 1413 4992 μὲν
1445 4893 1496 4966 διά
1524 4903 1665 4975 πλείονος
1689 4899 1811 4989 χρόνου,

262 5018 400 5108 καθάπερ
425 5024 443 5092 ή
471 5019 577 5108 κρονία
599 5008 750 5108 περίοδος,
774 5020 793 5088 ή
820 5006 853 5078 δὲ
878 5005 918 5078 δι’
943 5010 1118 5093 ἐλάσσονος,
1144 5010 1283 5100 καθάπερ
1308 5018 1327 5086 ή
1354 5022 1412 5086 τῆς
1432 5011 1577 5085 σελήνης·
1603 5015 1635 5073 αἱ
1659 4999 1692 5074 δέ
1716 5007 1812 5073 άλλαι

300 5250 322 5324 ¹)
341 5250 477 5324 Reipubl.
497 5267 525 5320 x,
545 5268 572 5323 p.
592 5249 652 5307 313.
671 5249 745 5306 Edd.
766 5255 836 5302 κνκλ.
856 5251 881 5301 δέ
901 5249 955 5304 δή...
976 5245 1045 5303 Cod.
1065 5247 1139 5319 legit
1158 5251 1298 5318 περιφοράν,
1320 5241 1425 5300 deinde
1444 5244 1487 5304 ἔως
1507 5246 1549 5296 τοῦ
1569 5241 1722 5314 στρέφεσθαι.
