4008 6068
255 468 293 526 ns
837 458 985 534 Sanetus
1002 455 1219 536 Athanasius

258 619 387 720 ὸηλοίση
405 631 460 698 τὸν
477 623 590 709 tinnit,
616 637 741 721 Ταμεῑα
763 629 856 697 ν6του
880 629 1002 722 ὡνομά-
1055 633 1154 721 gitur.
1178 635 1326 702 Fortmse
1348 636 1460 724 igitur,
1482 642 1520 704 ut
1542 659 1581 704 ea
1603 637 1799 724 significaret

259 732 368 817 ζοντο·
394 749 459 817 πῶς
483 734 534 807 οὖν
566 739 743 816 σωθήσεται
769 739 806 805 τὸ
831 744 886 805 οὐκ
916 743 1001 805 ἐστιν
1055 765 1122 810 εσσε
1145 744 1334 828 invisibilia,
1357 745 1455 814 cellae
1478 745 1590 813 Austri
1617 748 1799 816 nominatae

259 845 404 938 ὰριθμίς;
1055 855 1148 917 sunt:
1173 850 1315 936 alioquin
1330 854 1488 938 quomodo
1504 853 1627 921 savum
1650 855 1683 922 id
1704 860 1798 940 esset,

1059 958 1184 1024 nullum
1206 981 1274 1026 esse
1297 960 1463 1028 stellarum
1486 964 1678 1030 numerum?

376 1289 438 1349 Τοῦ
463 1283 553 1375 ἁγίου
577 1280 763 1349 Ἀθανασίου
778 1279 804 1366 ¹)
827 1285 862 1347 in
885 1291 943 1358 τῆς
968 1285 1009 1358 είς
1033 1280 1071 1345 τὸ
1095 1279 1173 1346 αὐτὸ
1199 1272 1319 1365 βιθλίον
1342 1288 1400 1347 τοῦ
1424 1273 1495 1346 ’tot
1519 1283 1690 1372 ἑρμηνείας.
1738 1321 1742 1328 -

475 1393 532 1461 En
554 1413 669 1478 manno
691 1392 874 1460 Athanasio
897 1393 934 1458 in
955 1391 1220 1474 interpretatione
1243 1389 1321 1457 titre·
1342 1390 1483 1475 ejusdem
1505 1389 1578 1458 aa.
1668 1471 1670 1476 ι

301 1610 379 1698 (inp.
394 1611 486 1678 XLII
501 1634 531 1677 ν.
549 1612 580 1693 6,
599 1613 628 1677 7.
641 1607 785 1741 Ηγημαι
802 1597 859 1672 δὲ’
850 1605 970 1695 εμαυτὸ
972 1629 988 1669 ν
1004 1614 1064 1698 γῆν
1082 1604 1135 1670 καί
1152 1595 1276 1674 σποδὸν.
1295 1605 1439 1697 Ἐγίνετο
1456 1594 1491 1670 δὲ
1506 1601 1589 1748 μετὰ
1608 1603 1646 1669 τὸ
1661 1605 1802 1677 λαλῆσαι

255 1715 310 1782 τὸν
335 1715 445 1806 Κύριον
469 1714 575 1781 πάντα
598 1713 640 1780 τὰ
664 1715 794 1807 ῥήματα
814 1723 919 1778 ταῦτα
944 1722 990 1798 τῷ
1015 1705 1083 1778 ’nii
1108 1716 1179 1778 κτλ.

301 1827 503 1896 Existimant
524 1827 741 1910 memetipsum
757 1831 877 1892 terram
892 1829 921 1892 et
929 1824 1104 1907 pulonem.
1122 1823 1245 1891 Factus
1259 1828 1308 1891 cst
1322 1829 1428 1892 antem
1429 1829 1621 1908 ,postquam
1639 1820 1802 1890 Dominus

257 1937 301 2004 ad
322 1935 385 2004 Jot
407 1936 482 2003 hoec
505 1934 728 2004 omniaomina
751 1933 875 1999 locutas
896 1938 968 2000 erat
990 1938 1045 2000 etc.

300 2149 413 2214 Καίτοι
424 2145 484 2237 πρὸ
497 2155 552 2212 τοῦ
566 2138 734 2224 ἀξιωθῆναι
750 2156 805 2212 τοῦ
824 2147 914 2214 Θείου
931 2144 1003 2212 noii-
1100 2147 1238 2229 Etenim,
1255 2147 1441 2234 prinsquam
1457 2171 1477 2216 a
1491 2147 1561 2216 Deo
1577 2145 1734 2232 reciperet
1745 2145 1804 2211 hu·

257 2281 315 2325 του
331 2257 537 2348 χαρίσματος,
555 2253 638 2346 μετὰ
654 2255 838 2346 παρρησίας,
853 2253 1001 2345 περὶτῶν
1050 2257 1104 2342 jus
1126 2256 1272 2324 beneficii
1295 2255 1449 2324 honorem
1467 2257 1502 2323 in
1517 2257 1586 2342 ejus
1609 2253 1800 2341 praesentia,

258 2369 353 2431 αὑτοῦ
376 2361 630 2454 κατορθωμάτων
647 2353 827 2454 διαλέγεται
848 2362 901 2427 καὶ
925 2361 1003 2453 μοίρ-
1053 2363 1205 2432 discurrit
1216 2364 1255 2430 de
1267 2363 1332 2430 suis
1348 2363 1542 2432 facinoribus
1557 2367 1591 2429 et
1606 2366 1722 2428 testem
1735 2363 1801 2428 vir-

256 2500 337 2566 τυρα
359 2485 419 2549 τῆς
443 2476 555 2564 ἀρετῆς
578 2473 633 2537 τὸν
655 2473 732 2538 Θεὸν
756 2475 855 2536 καλεῖ.
881 2477 919 2538 Oi
942 2469 1002 2562 γὰρ
1055 2472 1134 2538 tutis
1146 2493 1221 2538 suae
1233 2471 1339 2537 Deum
1351 2471 1506 2556 appellat.
1518 2470 1605 2538 Nam
1620 2470 1723 2536 sancti
1738 2492 1802 2555 quo

259 2583 344 2675 ἅγιοι
367 2583 429 2648 ὅσω
452 2590 707 2670 προκοπτοῦνται
721 2582 752 2645 ἐν
776 2590 817 2666 τῇ
843 2589 898 2645 τοῦ
922 2584 1002 2645 Θεοῦ
1055 2579 1192 2666 amplius
1225 2579 1478 2665 progrediuntur
1507 2580 1541 2645 in
1566 2579 1627 2646 Dei
1657 2579 1801 2660 scientia,

257 2689 382 2784 γνώμη,
407 2688 548 2772 τοσούτῳ
573 2691 694 2777 μᾶλλον
719 2685 921 2752 αἰσθάνονται
943 2697 1002 2762 τῆς
1056 2693 1149 2756 tanto
1171 2689 1276 2774 magis
1296 2689 1454 2755 humanas
1468 2688 1706 2756 imbecillitates
1729 2709 1802 2754 sen·

260 2798 453 2890 ἀνθρωπίνης
478 2795 647 2873 ἀσθενείας·
672 2797 763 2863 Οὕτω
786 2795 840 2862 καί
860 2788 1004 2886 ‘tinnitu
1056 2797 1152 2862 tiunt.
1176 2797 1228 2862 Ita
1257 2796 1354 2862 etiam
1384 2796 1549 2863 Abraham
1572 2817 1635 2862 non
1663 2796 1804 2880 primum

257 2907 406 2999 πρότερον
431 2906 487 2996 μὲν
504 2909 559 2972 οὐκ
575 2907 690 2999 ἔλεγεν·
712 2904 794 2997 Ἐγώ
810 2909 873 2995 εἰμι
889 2915 930 2996 γῆ
949 2903 1004 2970 καί
1060 2905 1158 2972 dixit:
1177 2905 1277 2990 'Ego
1292 2909 1380 2972 terra
1395 2927 1465 2972 snm
1481 2908 1514 2970 et
1528 2904 1634 2990 pulvis
1645 2952 1672 2984 ,.
1688 2903 1803 2990 Neque

259 3006 371 3089 σποδὸς
384 3012 421 3100 ²),
446 3003 516 3079 otti
538 3015 570 3079 ὲν
594 3022 640 3096 τῷ
655 3011 770 3103 πρώτῳ
790 3020 1002 3102 χρηματισμῷ
1055 3012 1090 3078 in
1112 3012 1218 3098 primo
1235 3012 1322 3098 qnod
1337 3011 1451 3078 habuit
1466 3011 1594 3078 oraculo
1610 3011 1657 3076 ita
1676 3009 1803 3077 locutus

257 3133 353 3190 τοῦτο
377 3117 443 3189 εἶπε
466 3131 512 3207 τῷ
535 3121 663 3212 λίγοντι
693 3125 788 3207 αὐτῷ·
811 3115 945 3200 Ἔξελθε
969 3125 1004 3186 ἐκ
1055 3126 1105 3188 est
1127 3144 1199 3189 oum
1221 3121 1414 3206 imperanto:
1441 3119 1633 3206 ‘Egredere
1648 3119 1687 3186 de
1709 3122 1798 3186 term

258 3244 317 3310 τῆς
341 3243 400 3326 γῆς
417 3255 472 3298 σου
489 3230 544 3298 καί
559 3235 594 3298 ἐκ
610 3240 668 3308 τῆς
694 3233 873 3324 συγγενείας
897 3248 952 3297 σου
966 3229 1002 3318 8)·
1055 3237 1112 3299 tua
1142 3236 1175 3298 et
1205 3229 1243 3296 de
1272 3229 1462 3316 cognatione
1485 3233 1542 3295 tua
1558 3254 1592 3308 ,ς
1616 3228 1671 3294 sed
1702 3249 1803 3313 quum

258 3338 329 3405 ἀλλ’
343 3340 397 3406 ὅτε
412 3334 564 3429 προέκοψε
580 3343 699 3424 πολλῷ,
716 3340 793 3404 ὅταν
811 3337 898 3429 ὤφθη
918 3339 1003 3420 αὐτῷ
1055 3337 1192 3404 multum
1224 3337 1420 3423 profecerat,
1441 3338 1567 3423 quando
1590 3336 1748 3404 Dominus
1771 3337 1801 3402 ei

259 3452 275 3512 ὁ
288 3445 397 3538 Κύριος
410 3445 441 3512 ἕν
455 3458 495 3534 τῇ
511 3437 581 3538 ὸρυί
594 3457 635 3532 τῇ
654 3440 803 3538 Μαμθρῇ,
820 3447 873 3512 ὅτε
888 3447 1004 3519 ἥκουσι
1055 3447 1207 3533 apparuit
1228 3447 1263 3512 in
1279 3467 1398 3531 quercu
1413 3445 1570 3526 Mambre,
1586 3467 1685 3531 quum
1705 3444 1801 3528 plurs

258 3565 322 3624 τῶν
339 3565 582 3646 χρηματισμῶν,
599 3555 711 3632 νοήσας
725 3555 780 3620 τὸν
793 3554 872 3620 Θεὸν
889 3557 924 3619 ἐκ
940 3563 1003 3618 τῶν
1056 3555 1200 3621 andierat
1223 3553 1361 3635 oracula,
1379 3554 1480 3620 Deum
1498 3553 1683 3638 intelligens
1698 3553 1732 3618 in
1755 3552 1804 3618 vi-

260 3659 498 3752 ἀποκαλύψεων,
523 3652 602 3727 εἷὸεν
626 3664 675 3728 ὅτι
699 3667 739 3740 ὡς
754 3662 829 3754 πρὸς
850 3661 929 3727 Θεὸν
954 3663 1005 3727 ot·
1056 3664 1198 3730 sionibus
1200 3662 1369 3748 cognonit
1377 3684 1411 3728 se
1424 3661 1504 3728 nihil
1515 3683 1582 3728 esse
1592 3663 1677 3746 apud
1688 3663 1803 3745 Deum

260 3760 343 3836 θίν’
335 3793 430 3845 εστιν,
455 3767 539 3834 ἀλλὰ
562 3779 617 3860 γῆ,
641 3761 711 3836 ουθὲ
729 3781 771 3862 γῆ
791 3770 895 3860 μόνον,
919 3765 1004 3833 ἀλλα
1056 3772 1111 3838 sed
1134 3775 1272 3849 terram3
1296 3791 1398 3854 neque
1421 3771 1518 3836 etiam
1542 3773 1674 3854 terram,
1691 3772 1746 3837 sed
1770 3776 1803 3838 et

259 3877 313 3943 καί
337 3868 450 3954 σποὸὸς
460 3887 533 3968 ,γῆ
563 3877 845 3966 κατακεκαυμένη·
869 3875 1001 3950 τοιαύτη
1056 3879 1234 3966 pulverem,
1250 3877 1387 3944 humum
1403 3882 1648 3960 concrematam,
1665 3901 1729 3945 non
1744 3879 1806 3946 hu-

259 3984 320 4077 γὸρ
343 3991 363 4060 η
390 3929 487 4052 cneii
471 3985 504 4062 ός
527 3977 599 4052 otis
615 3996 656 4078 γη
675 3981 771 4067 ζῶσα,
796 3990 863 4052 οὐτ’
888 3988 1004 4076 ἔχουσα
1056 4009 1145 4054 mum
1169 3986 1344 4066 viventem,
1369 4007 1451 4071 quae
1473 3985 1538 4050 vim
1563 3985 1663 4052 ullam
1685 3987 1804 4055 habeat

260 4090 392 4182 φυσικὸν
410 4084 551 4184 ὸθναμιν,
568 4104 609 4185 γῆ
629 4093 684 4184 μὲν
701 4085 805 4160 inni
769 4117 810 4158 τα
827 4090 1004 4183 ἀνθρώπινα
1056 4095 1232 4182 physicam,
1254 4093 1388 4160 humum
1404 4093 1533 4179 quidem
1547 4117 1611 4179 qua
1633 4094 1729 4163 homo
1752 4099 1802 4164 est

260 4199 505 4291 κατορθώματα,
530 4192 642 4280 σποδὸς
666 4194 700 4270 ct
723 4194 776 4268 διὰ
798 4201 841 4268 τὰ
865 4201 1006 4293 ἁμαρτή-
1057 4204 1142 4271 bona
1164 4224 1263 4288 opera
1293 4201 1423 4283 faciens,
1447 4199 1613 4286 pulverem
1642 4223 1718 4268 voro
1739 4222 1804 4286 qus

260 4333 360 4400 ματα.
1058 4315 1208 4398 peccator
1230 4314 1288 4378 est.

296 4592 494 4670 ¹)Exeodem
507 4593 570 4652 cod.
583 4593 605 4650 f.
615 4591 676 4651 159.
686 4593 814 4652 Frustra
822 4593 917 4666 igitur
926 4611 1006 4652 sum·
1058 4597 1131 4655 bum
1156 4593 1324 4666 edidisse»,
1352 4597 1374 4650 t
1401 4607 1441 4666 τι,
1471 4593 1546 4666 opp.
1565 4593 1618 4651 σοί
1644 4593 1723 4666 1344,
1746 4595 1793 4652 Pa

258 4701 327 4744 mna
346 4689 451 4744 noster
474 4684 725 4744 Monteislconius
749 4684 892 4744 assermt:
911 4686 1004 4743 «Non
1059 4690 1126 4745 troi.
1144 4703 1239 4745 xxm.

260 4773 340 4832 enim
355 4773 455 4833 fertur
471 4773 656 4834 Athanasius
674 4773 887 4834 commentaris
905 4773 937 4832 in
954 4773 1004 4833 Jo-
1094 4777 1117 4852 ²)
1137 4775 1244 4835 Genea.
1263 4789 1351 4846 xvm,
1368 4775 1413 4831 27.
1431 4805 1468 4818 -
1485 4773 1510 4849 ³)
1529 4772 1573 4831 lb.
1591 4787 1645 4848 xm,
1666 4775 1693 4833 1.
