3944 6074
251 545 306 607 238
803 543 884 620 Cot.
905 543 1034 619 Medic.
1054 543 1247 620 uarietates.

291 714 417 782 Anima
441 723 550 783 autem
568 719 670 783 tribus
682 717 835 804 partibus
851 728 1002 802 constare,
1019 719 1112 806 apud
1129 720 1294 787 Platonem
1311 720 1473 806 statuitur,
1490 742 1569 807 quae
1592 730 1669 788 sunt
1690 721 1803 813 λόγος,

249 822 353 910 θυμὸς,
378 823 532 912 ἐπιθυμία.

293 931 348 997 Ita
371 933 515 999 ciuitatis
539 936 605 998 tria
627 945 702 1000 sunt
724 935 876 1020 membra,
902 929 1012 1024 φύλαξ,
1037 938 1206 1027 ἐπίκουρος,
1231 939 1463 1028 χρημκτίοτης.

292 1041 389 1132 Λόγος
413 1052 516 1107 autem
540 1044 695 1130 imperat,·
712 1043 807 1133 θυμὸς
824 1067 895 1111 uero
911 1047 1050 1133 imperat
1066 1055 1094 1111 et
1113 1048 1302 1133 imperatur,
1319 1048 1443 1112 rationi
1465 1045 1541 1111 dum
1563 1045 1713 1134 subjacet,
1730 1067 1806 1112 sen·

248 1149 335 1215 sibus
358 1173 431 1215 uero
449 1157 572 1237 praest.
599 1151 765 1240 Ἐπιθυμίοι
789 1163 892 1218 autern
917 1159 1045 1219 tantum
1069 1155 1251 1241 imperatur
1275 1164 1304 1220 et
1327 1155 1450 1220 subesse
1472 1155 1568 1221 debet.

291 1257 434 1322 Perinde
457 1281 495 1322 ac
511 1259 547 1323 in
564 1259 639 1324 urbe
651 1260 818 1346 platonica
834 1271 878 1326 est
894 1263 951 1348 qui
965 1263 1111 1348 imperat,
1131 1255 1248 1350 ούλαξ;
1273 1270 1320 1329 est
1336 1264 1392 1350 qui
1406 1263 1505 1328 simul
1520 1265 1601 1350 reqit
1617 1272 1645 1328 et
1660 1264 1799 1350 reqitur,

247 1367 423 1456 ἑπίκουρο;;
448 1374 495 1433 est
518 1369 576 1455 qui
597 1369 702 1434 subest
725 1378 857 1454 tantum,
883 1369 976 1434 rebus
999 1369 1171 1436 dumtaxat
1194 1381 1222 1436 et
1246 1371 1337 1437 bonis
1364 1371 1587 1458 acquirendis,
1612 1370 1800 1452 vendendis,

244 1469 411 1541 servandis
434 1475 576 1560 ίάοιιοιιο,
601 1480 841 1566 χρημοτίοτη;;
866 1479 914 1542 ita
937 1499 969 1542 se
992 1479 1104 1542 labent
1128 1489 1191 1543 tres
1214 1480 1343 1543 animae
1359 1478 1545 1566 facultates.

290 1583 371 1648 Inde
386 1583 589 1670 quadruplex
607 1585 707 1648 virtus
724 1585 865 1650 oriunda
878 1586 1091 1652 discernitur:
1102 1588 1221 1672 prima
1237 1587 1422 1672 prudentia,
1435 1608 1517 1672 quae
1532 1586 1577 1650 ad
1590 1586 1685 1675 λόγον
1699 1569 1804 1650 sirnul

241 1693 382 1779 pertinet
405 1699 435 1757 et
457 1692 501 1756 ad
525 1691 659 1780 φύλακα,
676 1703 712 1758 ut
728 1695 785 1780 qui
801 1693 909 1759 debent
929 1695 1090 1780 sapienter
1111 1695 1297 1780 qubernare.
1318 1733 1358 1742 —·
1377 1692 1524 1758 Secunda
1547 1703 1575 1759 et
1598 1695 1705 1778 tertia,
1723 1691 1803 1779 for·

249 1801 351 1867 titudo
374 1808 406 1867 el
422 1803 569 1888 justitia,
585 1808 721 1889 utruque
737 1804 916 1867 necessaria
930 1804 1053 1867 mediae
1062 1802 1232 1890 facultati,
1253 1824 1333 1888 quae
1350 1808 1396 1866 est
1412 1799 1518 1890 θυμὸς,
1535 1811 1564 1866 et
1579 1801 1680 1866 medio
1698 1799 1802 1886 officio

248 1918 303 1972 τοῦ
317 1908 497 1998 ἑπικούρου;
514 1933 552 1974 erc
568 1933 628 1996 quo
645 1912 742 1975 totius
758 1913 806 1974 rei
816 1911 934 1997 pendet
951 1911 1136 1994 hermonim
1155 1913 1220 1976 sire
1236 1912 1272 1975 in
1285 1912 1406 1994 anima,
1421 1909 1550 1996 quando
1567 1907 1661 1996 θύμος
1677 1909 1804 1994 reqitus·

246 2027 291 2100 τῷ
314 2022 443 2108 λογικῷ,
461 2042 516 2084 seu
532 2021 665 2097 ratione,
683 2027 712 2086 et
728 2023 812 2108 repit
827 2021 971 2108 affectus,
988 2019 1023 2086 no'
1040 2019 1285 2110 ἐπιθυμητικύν;
1310 2020 1376 2084 sire
1401 2020 1436 2082 in
1461 2018 1599 2098 civitate,
1616 2015 1745 2103 quaudo
1769 2021 1803 2080 el

246 2121 347 2216 φύλαξ
371 2130 421 2193 uti
444 2129 546 2218 ἄρχων
571 2129 756 2195 dominatur
767 2130 954 2215 prudenter,
972 2137 1003 2194 et
1018 2131 1176 2218 ἐπίκουρος
1200 2130 1265 2193 sice
1285 2127 1440 2210 minister,
1457 2149 1528 2189 cum
1546 2123 1744 2212 fortitudine
1768 2130 1802 2188 et

242 2237 384 2322 justitia,
402 2237 476 2302 linc
488 2238 652 2324 principis
662 2247 837 2324 praecepta
852 2238 976 2322 recipit,
994 2235 1086 2301 illine
1100 2236 1247 2323 subjectis
1267 2257 1304 2300 ea
1320 2235 1452 2300 mandat
1470 2231 1689 2321 ensequenda;
1712 2231 1801 2297 ursde

241 2344 384 2430 populus
401 2344 500 2432 fraqi
522 2351 552 2410 et
574 2348 798 2432 moriqeratus,
823 2348 963 2412 ciuitatis
986 2348 1070 2411 bona
1093 2346 1215 2431 recipit,
1242 2355 1335 2431 auqet
1358 2353 1385 2410 et
1409 2353 1578 2412 conseruat.

295 2451 372 2517 Tres
389 2452 532 2538 ‚domasse
553 2463 659 2540 qentee
674 2464 750 2521 sunt
766 2456 802 2519 in
818 2457 932 2541 quibus
949 2454 1059 2520 eadem
1075 2455 1183 2520 notari
1199 2461 1323 2540 queunt,
1348 2451 1437 2538 apud
1458 2451 1597 2517 Graecos
1615 2448 1800 2536 prudentia

248 2569 276 2626 et
299 2562 460 2646 sapientia
485 2561 614 2653 (λόγος),
639 2563 733 2647 apud
752 2563 889 2629 Thraces
905 2561 1046 2627 audacia
1062 2569 1092 2628 et
1107 2563 1261 2649 aequitas,
1279 2559 1372 2647 opud
1387 2560 1557 2626 Phoenices
1573 2559 1657 2623 lucri
1671 2564 1703 2623 el
1718 2579 1801 2622 com-

248 2670 359 2733 mercii
376 2670 511 2756 peritia.
963 2691 973 2700 '

292 2776 342 2841 De
366 2776 470 2842 tribus
487 2779 613 2842 animae
626 2781 780 2864 partibus
796 2785 825 2844 et
842 2785 984 2866 quatuor
998 2778 1170 2844 uirtutibus
1186 2778 1381 2864 disputatur,
1399 2787 1539 2865 respectu
1554 2775 1599 2841 ad
1614 2775 1800 2862 Porphyrii

242 2883 447 2970 problemata
469 2891 500 2950 et
523 2884 714 2971 colloquium
737 2909 806 2950 cum
829 2885 984 2972 Lonqino,
1011 2888 1047 2950 in
1070 2909 1130 2973 quo
1155 2885 1283 2951 Medius
1299 2886 1439 2973 quidam,
1458 2907 1571 2971 corpus
1589 2905 1659 2948 cnm
1682 2883 1796 2946 anima

247 2993 394 3076 miscens,
419 2992 505 3058 olias
528 3001 558 3059 el
575 2993 699 3080 plures,
724 3004 789 3060 octo
813 2994 956 3059 uidelicet
978 2996 1107 3060 animae
1126 3004 1236 3080 partes
1260 2993 1447 3061 introducit.

294 3100 373 3165 Tota
398 3099 577 3187 disputatio
601 3100 687 3168 breui
709 3103 834 3190 speculo
858 3109 968 3168 nostro
991 3104 1284 3189 circumspiciatur:

581 3657 661 3728 φύλαξ
960 3655 1088 3728 ἐπίκουρος
1334 3657 1506 3727 χρηματιστὴς

812 3747 1238 3774 w
1316 3747 1528 3770 mm

847 3797 928 3864 ἄρχων
1091 3793 1224 3862 ἀρχόμενος
1357 3795 1489 3864 ἀρχόμενοι

783 3884 992 3908 w
1054 3885 1260 3909 w
1315 3883 1527 3909 w

838 3931 937 4000 ἀνδρεία
1084 3927 1224 3981 δικαιοσύνη
1352 3929 1494 3999 σωφροσύνη

807 4010 1240 4038 Μ“““’
1318 4017 1527 4041 w

973 4060 1068 4126 Θρᾴκις
1361 4065 1480 4124 Φοίνικος.
1583 4085 1586 4090 ·

579 3769 661 3819 &wll

513 3839 725 3864 rw

562 3888 677 3956 φρόνησις

517 3977 724 4000 κω

557 4026 677 4083 Ἐλλκνις

288 4389 332 4457 Μ.
356 4391 412 4457 fol.
445 4390 508 4456 116
521 4413 552 4456 a.
576 4389 636 4455 Ed.
668 4412 700 4474 p.
726 4389 802 4454 407.
827 4425 869 4436 -
894 4389 916 4453 l.
952 4389 994 4452 38
1049 4374 1188 4470 ἐνδείξει)
1202 4374 1352 4470 ἐπιδείξῃ.
1372 4385 1479 4451 -Ed.
1492 4409 1524 4472 p.
1539 4386 1648 4468 toul.
1669 4387 1802 4466 1,2ού·

245 4497 338 4588 χωρὶς
356 4495 506 4586 μάθοιμεν
524 4497 613 4580 uiro)
631 4497 724 4585 χωρὶς
743 4487 918 4584 διαλεχθεὶς
936 4494 997 4580 μά·
1050 4496 1119 4558 eius
1144 4484 1343 4582 διαφέροντα)
1360 4495 1464 4556 situlus
1483 4495 1631 4566 ἀλλήλων
1656 4484 1739 4582 itaq.
1758 4533 1801 4542 —

245 4603 349 4694 θοιμεν
374 4604 515 4672 άνοιύτύ.
535 4606 615 4672 -l.
637 4601 871 4671 locotroccla
896 4599 993 4684 ἀλλά)
1049 4603 1072 4668 l.
1097 4603 1116 4666 6
1141 4599 1239 4674 ὄντως
1264 4598 1360 4682 ἄλλη)
1385 4600 1484 4676 οὕτως
1508 4599 1620 4672 ἄλλην.

245 4711 428 4790 τάττεσθαι,
454 4711 592 4802 κκθάπορ
621 4713 695 4802 φασὶ
719 4710 845 4786 σκεύους
869 4709 995 4800 ἀρετὴν,
1094 4709 1138 4772 Μ.
1163 4707 1218 4773 fol.
1247 4708 1454 4774 117.-1.7
1478 4699 1548 4772 ούθὲ
1570 4707 1701 4790 ταύτύν)
1728 4697 1802 4772 etit

250 4821 303 4886 καὶ
323 4821 475 4887 τοιούτων
491 4831 594 4904 τινῶν,
613 4819 705 4884 ἀλλά.
726 4858 764 4869 -
780 4822 803 4887 l.
820 4823 861 4885 42
878 4815 897 4905 ᾖ
915 4823 994 4902 ἐστι)
1049 4812 1161 4879 ταύτό.
1181 4849 1220 4860 -
1236 4815 1296 4880 1.9
1320 4813 1358 4876 το
1383 4811 1442 4900 μὴ)
1458 4814 1496 4878 το
1514 4838 1577 4881 om.
1595 4851 1636 4864 -
1654 4819 1694 4889 ὡς
1718 4813 1803 4877 ἀσώ-

247 4927 282 5007 in
307 4937 384 5000 ἐστι.
1050 4923 1162 5009 ματος)
1181 4924 1220 4994 ὡς
1237 4919 1395 5008 σώματος.
1409 4959 1450 4970 --
1467 4923 1489 4987 l.
1508 4926 1546 4989 ll
1567 4923 1801 5011 irrumpentium)

291 5039 335 5107 M.
360 5040 416 5107 fol.
443 5039 505 5105 116
518 5041 567 5106 ab.
596 5073 635 5084 -
659 5037 682 5102 l.
707 5039 749 5102 50
774 5035 810 5098 ni>
835 5045 880 5118 τῷ
904 5029 994 5119 cirus)
1050 5028 1269 5118 ἀσυμμέτρων.
1295 5067 1336 5078 -
1360 5031 1381 5096 l.
1409 5033 1448 5096 12
1473 5031 1621 5118 qnlvnno)
1646 5032 1801 5120 φαίνοιτο.

245 5156 291 5230 τῷ
315 5148 352 5212 τ“ο
378 5143 465 5231 εἶναι,
490 5186 532 5197 -
556 5149 578 5215 l.
604 5150 640 5214 51
670 5147 817 5230 ἑκάστου)
842 5145 994 5214 ἑκάστων,
1050 5175 1092 5183 -
1116 5137 1138 5202 l.
1165 5141 1205 5202 13
1230 5158 1267 5199 το
1293 5135 1479 5226 ἀρχόμενον)
1504 5161 1566 5204 om.
1583 5137 1631 5203 τό.
1650 5173 1690 5184 -
1708 5138 1730 5202 l.
1755 5139 1800 5202 20

248 5291 289 5306 --
314 5244 492 5344 μηδεμίαν)
517 5252 560 5343 μὴ
595 5255 679 5342 μίαν.
703 5291 746 5304 -
769 5255 791 5320 l.
824 5257 865 5320 52
893 5255 994 5341 τρείοι)
1050 5245 1165 5332 μόνων)
1190 5243 1293 5331 μόνον.
1319 5281 1361 5293 -
1385 5245 1435 5312 Ad
1451 5245 1548 5312 verbs
1569 5233 1656 5308 οὐδὲν
1673 5243 1800 5320 ἐκείνοις

246 5361 328 5453 apin.
348 5397 388 5408 —
406 5361 613 5452 φυλακτικὸν)
636 5359 818 5452 ουλοικικύν.
843 5397 886 5409 -
909 5359 931 5426 l.
953 5361 995 5426 53
1050 5345 1325 5444 ουμύοιλλύμενονε
