4018 6076
850 565 889 638 ίη
902 566 1063 658 psalmos.
1693 575 1728 638 ῖῖ

181 739 212 802 ἐν
236 748 276 823 τῇ
301 737 508 827 λαμπρότητι
531 747 589 814 τῆς
606 742 737 832 λογικῆς
761 738 815 802 καὶ
838 762 931 803 πνευ-
983 743 1045 807 diei
1069 748 1205 810 mentem
1225 751 1257 809 ct
1274 746 1422 829 spiritum
1447 747 1639 814 illustrantis
1655 771 1730 816 con·

183 844 848 936 ματικῆςημέραςγενομένη,εἰσακοόοντα
865 849 930 936 ἔχει
984 851 1108 932 stituta,
1133 851 1236 918 Deum
1268 855 1366 919 habet
1389 855 1457 921 voci
1480 879 1556 921 suae
1586 857 1729 922 auditum

182 964 240 1030 τῆς
264 963 367 1041 φωνῆς
390 954 622 1027 cerostrata
643 946 676 1019 δὲ
700 954 736 1020 ἀν
759 957 852 1046 προία
876 955 930 1019 καὶ
985 960 1198 1042 praebentem.
1226 961 1356 1027 Utinam
1380 985 1474 1029 mane
1490 964 1532 1029 sit
1547 968 1579 1030 et
1602 969 1730 1049 tempus

184 1065 270 1138 ότῆς
284 1070 338 1124 τοῦ
357 1067 505 1150 Σωτῆρος
522 1051 691 1150 ἐπιδημίας
708 1062 830 1152 καιρόςί
848 1067 930 1126 Τότε
984 1065 1017 1130 in
1041 1088 1105 1150 quo
1129 1067 1277 1133 Salvator
1300 1068 1428 1134 visitat!
1449 1069 1539 1138 Tunc
1556 1071 1639 1136 enim
1664 1093 1730 1136 om·

182 1167 243 1258 γὰρ
267 1160 376 1234 θεαταί
399 1168 548 1260 γεγόνασι
572 1173 604 1232 αἱ
626 1169 753 1234 πάντων
779 1169 879 1259 εὐχαί.
984 1173 1070 1238 nium
1097 1195 1205 1257 preces
1228 1180 1377 1259 acceptae
1400 1181 1485 1243 sunt.

181 1517 212 1560 ν.
237 1496 268 1562 d.
294 1493 338 1558 Tb
362 1493 443 1580 πρωῒ
464 1492 712 1582 παραστησομαί
734 1515 783 1556 σοι
807 1491 860 1556 καί
876 1488 1045 1581 ἐπόψομαι,
1063 1493 1112 1559 ότι
1129 1493 1199 1583 οὐχί
1222 1493 1300 1570 Θεός
1325 1493 1413 1559 θέλον
1439 1496 1569 1584 ἀνομίαν
1594 1493 1630 1559 σὺ
1654 1505 1682 1559 εῖ
1695 1491 1730 1579 ¹).

298 1601 400 1668 Marc
424 1604 534 1675 astabo
558 1604 618 1668 tibi
640 1609 670 1668 et
692 1603 811 1683 videbo,
835 1604 987 1686 acronium
1010 1623 1075 1669 uon
1098 1624 1132 1669 es
1155 1603 1246 1669 Deus
1268 1605 1375 1670 voleus
1399 1605 1610 1688 iniquitatem.

227 1816 305 1880 Τίνα
328 1805 362 1878 δὲ
378 1823 439 1878 τῶν
458 1813 656 1907 ἀντιγράφων
673 1817 738 1879 οὐκ·
756 1812 864 1904 ἑπόψει
880 1839 929 1904 με,
1030 1816 1193 1895 Quaedam
1211 1814 1406 1900 exemplaria
1421 1839 1485 1882 non
1501 1818 1623 1884 habent
1643 1815 1730 1886 oide-

183 1922 251 1986 ἀλλ’
279 1917 436 2010 ἐπόψομαι
459 1923 533 2010 ἔχει·
558 1921 723 1990 τουτέστιν
747 1922 816 1987 ἐπεὶ
840 1913 867 1985 θ’
892 1922 929 1988 ἀν
985 1925 1034 1990 bis
1056 1945 1114 2004 me,
1134 1922 1188 1988 sed
1203 1923 1329 1988 aridate:
1352 1922 1502 1989 videlicet
1518 1924 1645 2008 quaudo
1669 1923 1729 1988 tibi

183 2031 231 2094 σοί
254 2039 299 2112 τῷ
323 2036 394 2111 Θεῷ
417 2039 585 2118 παραστῶ,
610 2029 664 2093 καὶ
688 2034 768 2115 adep
795 2040 835 2116 τῇ
861 2029 930 2119 περί
985 2032 1052 2098 Deo
1068 2031 1190 2110 astabo,
1208 2033 1241 2094 et
1258 2051 1358 2114 prope
1374 2031 1520 2096 accedam
1537 2032 1570 2096 in
1587 2037 1732 2098 tuccon-

184 2147 237 2202 οοῖ
262 2135 372 2226 θεωρία
397 2127 448 2200 trs
472 2146 527 2200 τοῦ
548 2146 599 2200 νοῖι
623 2138 830 2228 προσεγγίσαι,
854 2135 930 2203 τότε
984 2140 1203 2224 templatione,
1233 2143 1309 2204 tunc
1333 2161 1491 2204 assumam
1517 2140 1674 2206 efficacem
1697 2145 1731 2205 te

183 2243 243 2314 τὴν
260 2243 437 2316 ἐτοπτικὴν
454 2243 609 2333 ἐνέργειαν
627 2235 679 2309 bui
698 2254 753 2308 τοῦ
769 2243 854 2309 κατά
870 2243 929 2316 τὴν
984 2247 1135 2316 cernendi
1158 2247 1222 2312 uim
1247 2247 1279 2310 in
1303 2246 1392 2312 radio
1417 2251 1490 2312 tuae
1514 2247 1676 2326 scientiae,
1700 2250 1733 2311 et

182 2361 294 2444 γνῶσιν
311 2361 471 2440 ρωτισροῦ
489 2347 702 2440 ἀναλήψομαι,
719 2352 774 2416 καί
796 2353 857 2416 ἀπό
873 2364 929 2418 τοῦ
984 2363 1097 2441 raptus
1121 2379 1140 2422 a
1162 2355 1400 2440 pulchritudine
1416 2358 1473 2421 tua
1495 2355 1527 2420 in
1540 2355 1663 2421 cunctis
1679 2377 1731 2420 re·

182 2466 212 2526 ἐν
235 2470 313 2524 τοῖσι
329 2471 394 2536 τοῖς
412 2465 533 2548 ὁρατοῖς
550 2459 686 2537 κάλλους
702 2460 754 2525 ἐπί
770 2461 807 2526 τό
832 2461 929 2537 ὅντως
984 2463 1044 2528 bus
1066 2462 1255 2546 conspicuis,
1279 2483 1518 2546 properansque
1547 2463 1587 2526 ad
1610 2462 1730 2526 bonum

182 2569 279 2634 καλόν
304 2565 358 2631 καί
382 2566 531 2658 ἐράσμιον
547 2557 745 2657 ἀναδραμὼν,
771 2563 847 2641 σόη
875 2565 929 2632 θέα
983 2594 1095 2637 uerum
1123 2574 1156 2636 et
1186 2569 1339 2655 optabile,
1363 2570 1453 2653 cujus
1483 2575 1615 2655 aspectu
1644 2569 1731 2636 solae

182 2675 290 2765 μόναις
313 2685 383 2751 ταῖς
407 2674 557 2765 καθαραῖς
582 2672 695 2766 ψυχαῖς
726 2675 929 2766 ἐμφαίνεσθαι
983 2678 1108 2743 animae
1130 2677 1265 2741 mundae
1288 2676 1455 2742 laetificari
1486 2681 1631 2761 possunt,
1655 2698 1731 2742 con-

178 2783 323 2874 πέρυκεν·
342 2783 510 2858 ἑποπτικός
524 2783 666 2874 γενέσθαι
680 2775 857 2874 δυνήσομαι
873 2785 928 2849 καί
983 2784 1157 2869 templator
1180 2783 1251 2848 fieri
1274 2784 1386 2849 valebo
1409 2806 1446 2850 ac
1465 2783 1581 2870 dignus
1606 2784 1662 2870 qai
1682 2785 1733 2848 in·

180 2883 263 2967 ἄξιος
289 2901 344 2954 τοῦ
374 2889 580 2955 κατοπτεύειν
612 2889 653 2955 τά
684 2901 742 2967 τῆς
775 2889 925 2968 ἀληθείας
981 2896 1076 2957 tuear
1099 2890 1244 2956 veritatis
1267 2890 1458 2975 spectacula,
1478 2890 1645 2977 divinaque
1669 2896 1727 2958 tua

181 2995 337 3085 θεάματα,
361 2997 415 3060 καί
432 2995 497 3062 θεῖα
515 2998 567 3063 καὶ
584 2996 659 3088 ἀγιά
677 3021 731 3062 σου
757 2998 926 3087 μυστήρια,
982 3004 1015 3065 εί
1038 3021 1128 3065 sacra
1151 2997 1313 3083 mysteria,
1344 2997 1426 3081 quae
1455 2997 1663 3083 diligentibus
1693 3004 1726 3064 te

182 3101 203 3166 ἀ
225 3105 404 3192 ἡτοίμασας
427 3114 492 3180 τοῖς
509 3107 655 3194 ἀγαπῶσι
672 3124 714 3170 σε·
732 3104 751 3177 η
770 3102 928 3194 ἐπόψομαι
980 3107 1190 3193 praeparasti.
1202 3105 1264 3172 Vel
1287 3106 1401 3171 videbo
1424 3128 1506 3191 quae
1529 3106 1615 3172 dicta
1638 3110 1724 3172 sunt.

179 3208 221 3276 τά
245 3210 456 3302 ῥηθησόμενα.
476 3219 553 3277 Ποῖα
561 3239 569 3290 ;
590 3211 665 3279 Ὀτι
682 3212 753 3304 οόχί
777 3213 854 3290 Θεὸς
879 3211 929 3279 θέ-
981 3215 1169 3292 Quaenam?
1195 3215 1353 3296 Quoniam
1375 3235 1441 3281 nort
1463 3235 1497 3282 es
1516 3215 1608 3282 Deus
1623 3215 1731 3284 robus

181 3322 244 3384 λων
269 3321 400 3408 ἀνομίαν
425 3318 461 3384 σὺ
487 3314 521 3385 εἷ.
981 3325 1197 3419 ιἠίςκίίαίεαι.

812 3641 1014 3710 PSALMUS
1038 3641 1097 3708 VI.

545 3884 575 3928 V·
602 3863 632 3926 Ῑ·
656 3858 758 3948 lilim,
784 3855 827 3945 μθ
853 3866 899 3940 τῷ
924 3855 1010 3948 θυμῷ
1035 3880 1088 3921 σου
1113 3849 1242 3946 ἐλέγξῃς
1268 3879 1323 3944 με;
1338 3853 1364 3939 ²)

602 3967 750 4049 Domine,
774 3969 810 4034 ιἰι
833 3969 887 4034 ira
909 3972 966 4034 ίιιιι
988 3986 1028 4032 ηε
1051 3987 1099 4032 me
1122 3967 1310 4048 corripias?

203 4181 302 4272 ΙὈρα
319 4173 352 4248 dt
368 4184 417 4247 ότι
434 4185 468 4246 ot
485 4181 539 4247 τόν
562 4184 692 4272 ἔλεγχον
713 4191 927 4272 παραιτεῖται,
1024 4181 1105 4247 Vide
1122 4181 1206 4265 quod
1223 4201 1287 4246 non
1304 4181 1462 4246 detrectat
1483 4180 1728 4264 correptionem,

181 4289 265 4356 ἀλλά
288 4291 344 4355 τόν
369 4289 452 4379 μετά
469 4290 577 4381 θυμοῦ·
594 4282 664 4356 οὐδὲ
687 4289 747 4362 τὴν
771 4281 926 4368 παιδείαν,
980 4292 1034 4358 sed
1058 4291 1148 4358 illam
1170 4291 1205 4355 in
1226 4291 1276 4356 ira
1291 4290 1416 4370 θεόπαις
1434 4312 1497 4354 non
1513 4289 1725 4373 disciplinam,

181 4396 265 4462 ἀλλά
288 4397 349 4468 τὴν
374 4403 443 4487 μετ’
469 4401 574 4488 όργῆς·
598 4398 786 4472 πανσόνετος
810 4387 844 4462 td
872 4397 927 4460 καί
977 4399 1034 4464 sed
1064 4398 1153 4464 illam
1180 4397 1215 4462 in
1244 4397 1371 4475 furore;
1396 4396 1579 4481 persapicns
1609 4399 1659 4460 est
1690 4415 1728 4461 ac

180 4505 372 4596 ἀγιοπρεπθς
396 4511 416 4580 η
437 4507 569 4583 αἴτησις·
587 4509 669 4571 αἰτεῖ
684 4504 744 4596 γάρ
768 4504 828 4579 τὴν
852 4505 928 4570 παί-
979 4510 1090 4573 sancto
1113 4506 1211 4590 digna
1234 4504 1358 4590 petitio.
1379 4502 1526 4568 Postulat
1550 4503 1635 4567 enim
1658 4521 1729 4567 cor·

180 4603 295 4689 θευσιν,
321 4618 361 4688 ὡς
378 4613 512 4704 ὑγιεινόν
529 4613 726 4704 ἐπικούρημα
743 4609 796 4676 καί
819 4635 927 4685 rara·
979 4613 1168 4697 reptionem,
1189 4615 1323 4696 atquae
1340 4614 1389 4675 est
1405 4609 1532 4675 salubre
1551 4607 1728 4674 subsidium

180 4721 245 4810 ρίας
270 4719 444 4809 φάρμακον.
978 4742 1016 4786 ac
1038 4719 1151 4786 salutis
1175 4715 1308 4783 medela.

212 4988 234 5060 l)
253 4983 335 5046 Loca
352 4986 459 5046 Basilii
478 4986 587 5045 similia
605 4985 686 5044 ultro
705 4983 849 5055 excitabo,
871 4985 925 5044 sod
979 5003 1048 5042 oum
1067 4983 1126 5042 alio
1152 4980 1373 5041 commentario.
1399 4978 1499 5054 Igitur
1519 4979 1569 5035 hio
1594 4978 1631 5036 cf.
1653 4981 1729 5052 Opp.

175 5093 300 5149 prorsus
310 5096 328 5134 a
340 5076 451 5135 nostris
465 5075 571 5145 aliena,
587 5075 618 5132 in
628 5093 704 5148 quae
717 5081 836 5133 tantam
846 5075 925 5132 idem
979 5080 1000 5131 t.
1019 5089 1053 5144 11,
1074 5073 1129 5129 ool.
1148 5071 1210 5128 384.

176 5167 285 5240 psalmi
297 5185 404 5226 versus
417 5166 575 5224 adducitur
588 5165 692 5236 obiter,
708 5166 773 5224 sine
790 5166 851 5223 ullo
871 5171 925 5221 eut
1015 5164 1038 5238 ²)
1058 5163 1101 5221 cf.
1120 5167 1142 5218 t.
1161 5177 1204 5232 111,
1225 5160 1280 5216 ool.
1300 5159 1361 5214 396.
