4022 6072
277 536 314 592 ει
897 525 994 598 ttius
1013 523 1207 600 Bostrenos

256 692 418 783 ικαμόντο
442 695 602 785 ἐργαλείου
619 704 659 779 τῇ
684 690 767 783 ψυχῆ
787 687 942 771 ἀπόδοσις·
968 700 1023 762 οὐκ

278 795 439 892 ἐπιζήμιος
454 792 553 865 δὲκαὶ
570 794 654 876 αὖθις
668 803 811 878 ἐπίπονος
823 802 938 890 ταίιτη·
951 804 1021 868 ἀλλ’

278 915 309 975 ἐν
333 921 378 993 τῷ
403 911 546 1000 μακαρίω
573 911 653 995 [βίῳ]
672 910 791 986 τούτοις
814 911 937 976 ἔσεσθαι
960 923 1022 976 τῶν

278 1013 459 1106 σωζομένων
476 1016 533 1094 τάς
550 1013 650 1108 ψυχὰς
668 1022 874 1107 ἀπειληφυίαις
891 1020 928 1085 τό
946 1021 1024 1109 σόρι-

278 1149 373 1213 ιρυτον
388 1129 496 1200 αὑταῖς
510 1135 612 1214 σῶμα,
625 1129 659 1190 ob
673 1126 779 1215 μέντοι
794 1127 870 1216 βαρὺ
884 1128 936 1192 καί
948 1137 1025 1217 γεῶ-

278 1225 335 1312 δες,
352 1233 407 1298 καὶ
424 1243 573 1322 σαρκικῆς
585 1231 749 1321 ἐπιθυμίας
761 1234 869 1324 γέμον,
883 1233 1023 1324 καθάπερ

277 1339 336 1412 τὴν
361 1341 472 1430 ἀρχὴν,
498 1343 551 1406 ὅτε
568 1331 604 1413 δὴ
623 1351 780 1430 προσῆκον
797 1337 835 1415 ἦν
856 1351 901 1424 τῷ
926 1342 1023 1433 ἀγῶνι

277 1459 335 1524 τῆς
353 1452 467 1538 ἀρετῆς
485 1438 724 1538 ἐνευδοκιμῆσαι
741 1447 881 1524 ταύταις.
899 1437 1023 1511 Ἀδικία

277 1554 336 1646 γάρ
361 1561 387 1620 εἰ
412 1554 455 1643 μὴ
481 1557 518 1620 rt
536 1565 735 1644 συμπονῆσαι
750 1567 790 1640 τῇ
816 1551 899 1644 ψυχῇ
923 1563 1022 1643 σῶμα,

277 1663 362 1728 κατά
378 1655 475 1737 τήνδε
499 1667 662 1729 πολιτείαν
680 1656 807 1752 ἀποδώῃ
831 1662 1025 1728 συναπολαύ-

278 1794 374 1835 σοντα
399 1773 478 1858 αὐτῇ
504 1781 567 1835 τῶν
592 1769 750 1840 ὑπάθλων.

1077 701 1138 767 hoc
1153 700 1282 766 induere
1298 700 1572 765 immortalitatem
1592 749 1617 779 ,.
1640 699 1662 766 J
1664 704 1736 765 usta
1752 700 1823 784 qui·

1078 808 1151 873 dem
1174 812 1221 874 est
1245 808 1458 888 instrumenti,
1476 809 1559 892 quod
1582 806 1730 874 laborum
1753 809 1821 874 arri·

1079 935 1147 979 mae
1172 914 1331 998 particeps
1353 914 1430 993 fuit,
1455 915 1678 994 remuneratio,
1703 936 1822 998 poenae

1079 1043 1198 1106 expers,
1222 1044 1324 1107 neque
1347 1015 1466 1107 in'ipsa
1488 1022 1651 1087 laboribus
1674 1023 1820 1088 obnoxia.

1078 1129 1177 1214 Atqui
1202 1130 1234 1194 in
1252 1131 1310 1196 hac
1327 1131 1420 1195 beata
1436 1132 1501 1194 vitu
1517 1130 1598 1194 tales
1621 1151 1688 1195 esse
1711 1151 1821 1196 eorum

1078 1238 1133 1321 qui
1156 1237 1297 1303 salvandi
1313 1241 1397 1318 eunt,
1414 1238 1535 1302 animas
1555 1241 1693 1322 oportet,
1709 1241 1746 1302 ut
1769 1259 1822 1304 co·

1078 1349 1213 1429 gnatum
1237 1345 1297 1410 sibi
1313 1367 1427 1434 corpus
1443 1345 1610 1430 recipiant,
1627 1367 1690 1412 non
1713 1351 1822 1412 autern

1077 1452 1182 1536 ipsum
1203 1472 1301 1536 grave
1318 1456 1350 1517 et
1366 1456 1529 1517 terrenum
1545 1451 1743 1536 carnalisque
1766 1474 1823 1519 cu·

1078 1559 1212 1642 piditate
1228 1559 1368 1642 plenum,
1386 1564 1422 1624 ut
1437 1565 1541 1638 antea,
1557 1560 1685 1650 quande
1708 1583 1822 1645 nempe

1078 1669 1294 1748 opportunum
1318 1670 1387 1730 erat
1409 1666 1495 1731 utin
1513 1666 1578 1731 illis
1601 1666 1731 1732 virtutis
1754 1689 1823 1732 cer·

1077 1775 1184 1836 tamen
1197 1772 1396 1856 probaretur.
1408 1772 1557 1857 Iniquum
1568 1774 1594 1838 si
1605 1774 1734 1858 quidem
1748 1773 1823 1840 fuie·

1078 1883 1136 1959 set,
1152 1879 1179 1943 si
1202 1901 1316 1963 corpus
1338 1880 1423 1963 quod
1438 1881 1563 1946 animae
1578 1880 1725 1946 laborum
1748 1870 1823 1947 con·

1077 2007 1145 2052 sors
1169 1985 1231 2052 tuit
1254 1987 1286 2052 in
1309 1986 1370 2053 hoc
1393 1987 1562 2068 curriculo,
1579 2008 1644 2053 non
1666 1989 1822 2074 reciperet

1077 2092 1202 2160 animae
1225 2095 1408 2162 certaminis
1432 2096 1585 2180 praemia.

1026 2471 1084 2538 IV.

797 2704 852 2769 Ἐκ
876 2714 932 2770 τοῦ
956 2705 1025 2794 περὶ
1050 2705 1195 2793 Προνοίας
1221 2705 1249 2788 β’
1265 2701 1300 2790 ¹).

323 2969 423 3026 Τοῦτο
447 2963 550 3024 τοίνυν
576 2964 603 3024 εἰ
627 2950 667 3022 δι’
685 2961 758 3024 όλου
782 2969 838 3023 τοῦ
855 2958 925 3048 περὶ
950 2965 1025 3047 Προ·

278 3072 360 3146 νοίας
382 3069 479 3158 λόγου
496 3066 733 3156 μνημονεύοιτο,
754 3058 840 3131 οἰδὲν
865 3065 901 3131 ἀν
925 3071 1025 3132 ὑποπ-

277 3176 410 3252 τεόοιτο,
433 3177 507 3265 πρός
531 3175 704 3248 ἀνισότητα
721 3175 775 3240 καί
795 3167 926 3252 ἀταξίαν
949 3175 1023 3264 πρός

280 3283 356 3348 Θεόν
374 3274 593 3370 διοικοόμενον,
612 3283 647 3344 Et
663 3281 718 3369 μὲν
736 3281 796 3371 γὰρ
812 3282 892 3370 εὕροι
912 3306 960 3357 τις
977 3281 1023 3357 ἀν,

279 3395 319 3465 ὡς
343 3389 429 3471 ἄλλῳ
454 3389 508 3476 μὲν
526 3391 646 3452 ἀνεῖται
662 3397 719 3461 τῆς
745 3381 885 3463 εὐσεόοῦς
911 3391 1024 3476 ἀρετῆς

279 3497 298 3571 ἢ
322 3501 439 3588 πορεία,
465 3496 552 3579 ἄλλῳ
577 3485 610 3560 δέ
634 3497 865 3581 ἀποκέκλειται,
889 3495 1026 3560 ἐνταῦθα

279 3606 353 3695 πρός
376 3597 413 3668 ’τό
438 3604 530 3692 μόνον
563 3605 732 3692 κεράλαιον
765 3615 828 3668 τῶν
853 3603 980 3693 ἀγαθῶν
1005 3609 1024 3676 ί,

281 3711 427 3786 ἀνισότης
444 3701 595 3782 διαόολην
610 3709 741 3799 ἀνέχειν
758 3702 860 3788 ἔδοξεν
878 3721 935 3786 τῆς
953 3702 1028 3774 διοι-

281 3818 409 3891 κήσεως·
434 3821 460 3881 εί
485 3807 521 3881 δὲ
543 3808 581 3878 δι’
603 3811 636 3880 οὗ
653 3819 706 3880 καί
723 3817 816 3904 μόνον
834 3816 956 3906 γένοιτό
980 3842 1027 3892 τις

280 3930 319 3999 ὡς
344 3922 467 3998 ἀληθῶς
493 3922 651 4012 μακάριος,
677 3935 771 3988 τοῦτο
793 3925 895 3988 τοίνυν
919 3925 1027 3996 ἐπίσης

280 4031 354 4118 πρός
380 4023 519 4108 ἐξουσίαν
544 4041 609 4106 τοῖς
636 4040 713 4095 πᾶσι
736 4033 910 4120 πρόκειται,
935 4033 1027 4094 ποίαν

286 4137 531 4226 καταρορήσειεν
564 4135 599 4200 ἀν
630 4163 697 4222 τις,
729 4134 830 4223 κάνῇ
862 4140 1026 4226 φιλαίτιος,

256 4251 259 4256 ’
285 4246 478 4320 ἀνισότητα;
496 4247 591 4310 όποτε
608 4255 669 4309 τῶν
690 4247 779 4321 ἐκτός
804 4251 837 4308 αί
851 4237 1029 4321 πλεονεξίαι

283 4349 368 4430 αὖθις
393 4355 467 4443 πρός
501 4353 635 4424 ἰσότητα
665 4364 731 4431 τοῖς
765 4358 927 4445 λογισμοῖς
955 4357 1029 4418 ἀνα-

232 4461 235 4468 ’
282 4467 434 4538 κλῶνται,
459 4468 499 4536 ὡς
523 4468 578 4526 οὐκ
603 4465 738 4528 ἔλαττον
764 4463 819 4549 μὲν
836 4465 854 4534 ἢ
874 4463 927 4526 καί
950 4467 1030 4551 μᾶλ-

282 4575 337 4636 λον
362 4563 517 4660 ἡδομένου
542 4583 597 4637 τοῦ
622 4573 773 4655 πένητος,
798 4567 841 4647 οἷς
865 4571 1031 4661 προσφέρε-

283 4705 337 4745 ται
367 4683 502 4770 τρορίοις
532 4693 587 4746 τοῦ
615 4683 776 4747 πλουσίου.
806 4679 865 4744 Καὶ
892 4679 933 4744 τά
961 4679 1029 4766 περὶ

284 4790 401 4861 σκέπην
420 4782 453 4854 δέ
476 4791 587 4878 ὁμοίως
607 4793 682 4879 ἔχει·
702 4789 758 4854 κάν
776 4791 910 4854 ἔλαττον
934 4789 1030 4878 όπάρ-

283 4915 343 4981 χει,
368 4894 458 4983 τίμια
482 4895 535 4957 καί
557 4894 653 4969 τόπος
678 4893 849 4970 αἰσθήσεως
874 4892 915 4958 τοὶ
939 4894 1032 4968 συνή-

284 4997 342 5075 θως
358 5001 581 5090 παρακείμενα,
607 5006 646 5076 ὡς
672 4992 794 5090 μηδένα
817 5011 872 5065 τοῦ
888 5001 1030 5075 πλείονος

285 5107 535 5188 ἐπαισθάνεσθαι,
553 5099 604 5176 διά
627 5121 684 5186 τῆς
705 5109 866 5186 συνηθείας
883 5119 941 5185 τῆς
965 5112 1032 5172 αἰσ-

1122 2961 1192 3026 Ηοο
1215 2959 1316 3044 igitur
1338 2958 1365 3022 si
1387 2957 1421 3022 in
1445 2956 1591 3021 universo
1615 2977 1760 3021 sermone
1783 2955 1821 3021 de

1078 3066 1281 3132 Providentia
1293 3067 1570 3142 commemoretur,
1582 3061 1672 3128 nullu
1684 3062 1822 3146 suspicio

1077 3174 1275 3258 relinquetur
1298 3173 1337 3238 de
1353 3171 1580 3256 inaequalitate
1596 3174 1628 3236 et
1651 3171 1823 3254 perturba-

1077 3283 1163 3349 tione
1175 3281 1293 3348 ordinis
1305 3281 1339 3346 in
1354 3279 1414 3345 Dei
1428 3279 1593 3365 gubernio.
1608 3277 1641 3344 Si
1654 3279 1724 3362 quie
1739 3279 1823 3344 enirn

1077 3388 1217 3472 reperire
1229 3389 1345 3471 posset,
1358 3387 1443 3470 quod
1455 3385 1510 3451 uui
1527 3386 1653 3470 quidem
1669 3385 1824 3469 permissa

1082 3500 1165 3561 esset
1187 3496 1239 3559 vie
1261 3495 1300 3560 ud
1331 3495 1416 3579 piem
1440 3493 1608 3573 virtutem,
1633 3491 1727 3557 alteri
1750 3514 1825 3557 vero

1082 3602 1200 3682 clausa,
1216 3607 1293 3668 tunc
1309 3607 1342 3668 et
1357 3601 1508 3666 adversus
1524 3598 1585 3664 hoc
1601 3597 1705 3663 solum
1728 3601 1826 3682 caput

1082 3710 1120 3775 de
1136 3710 1227 3774 bonis
1243 3731 1309 3775 esse
1332 3708 1495 3773 videretur
1510 3707 1544 3770 in
1561 3704 1824 3790 gubernationem

1083 3819 1242 3884 accusatio
1266 3816 1511 3902 inaequalitatis⁸
1536 3813 1591 3880 Sin
1608 3835 1684 3878 vero
1707 3813 1739 3879 id
1762 3835 1825 3899 quo

1083 3925 1150 3990 eolo
1173 3929 1280 4009 potest
1303 3925 1374 4008 quis
1389 3944 1463 3987 vere
1487 3921 1599 3986 beatus
1622 3942 1700 4002 esse,
1725 3920 1826 3986 omni·

1082 4034 1265 4115 bonaeque
1296 4031 1506 4097 communiter
1537 4029 1737 4113 propositum
1767 4032 1824 4106 est,

1082 4163 1179 4227 quam
1209 4139 1469 4223 inaequalitatem
1500 4136 1622 4220 poterit
1650 4136 1722 4219 quis
1745 4135 1825 4218 obji-

1083 4271 1172 4331 cere,
1204 4247 1442 4333 quentumlibet
1473 4245 1637 4312 accusandi
1666 4244 1826 4328 cupidus?

1084 4359 1209 4444 Quippe
1233 4379 1341 4441 quum,
1366 4356 1540 4421 rationibus
1563 4353 1692 4432 habitis,
1716 4375 1826 4418 rursus

1083 4469 1240 4533 bonorum
1267 4470 1470 4530 externorum
1495 4462 1602 4546 copiae
1625 4460 1664 4526 ad
1687 4459 1827 4544 aequali·

1082 4578 1183 4640 tatem
1207 4571 1431 4650 reflectantur,
1455 4568 1533 4633 adeo
1561 4572 1598 4632 ut
1627 4587 1693 4632 non
1724 4566 1828 4630 minus

1084 4678 1248 4745 ueletiam
1272 4679 1375 4763 magis
1398 4699 1520 4761 pauper
1543 4697 1639 4759 quam
1662 4674 1751 4738 dives
1774 4673 1828 4737 de·

1084 4787 1220 4852 lectetur
1243 4785 1321 4851 cibis
1344 4785 1399 4869 qui
1430 4785 1459 4849 ei
1490 4782 1716 4868 proferuntur:
1741 4778 1829 4844 simi-

1084 4894 1159 4958 liter
1183 4893 1287 4958 evenit
1312 4891 1406 4956 iniis
1430 4911 1512 4976 quae
1536 4889 1576 4955 ad
1606 4890 1828 4973 tegumentum

1085 5001 1259 5086 pertinent,
1282 4997 1427 5081 quamvis
1451 4997 1563 5062 viliora
1586 4996 1661 5073 siut,
1686 5017 1724 5059 ex
1747 5015 1830 5059 con-

1085 5107 1429 5191 suetudineusurpata
1456 5127 1582 5170 sensum
1606 5103 1770 5182 affectant,
1793 5105 1830 5166 ut

325 5319 347 5396 ¹)
366 5319 436 5378 Ood.
456 5319 860 5380 coio1.f01.82.cf.ratrot
879 5335 957 5380 xvm
976 5319 1030 5377 col.
1051 5317 1129 5376 1153.
