4008 6068
676 553 737 628 Eo
754 552 992 627 conmentario
1009 553 1047 626 iu
1060 552 1222 646 psutruos.

219 962 250 1005 ν.
267 942 297 1006 4.
316 938 351 1003 '0
368 947 525 1005 κατοικῶν
541 943 572 1003 ἐν
590 942 727 1029 οὐρανοῖς
744 938 949 1030 ἐκγελάσεται
968 936 1091 1014 αὐτοὺς,
1109 935 1162 1002 καὶ
1177 941 1194 1001 6
1211 937 1321 1027 Κύριος
1338 941 1543 1028 ἑαμοιιτηριεῑ
1558 938 1679 1016 αὐτούς.

351 1049 413 1130 Qut
434 1049 558 1116 tobitot
581 1051 618 1115 iu
641 1050 735 1116 coetis
758 1049 908 1114 irridebit
932 1069 993 1130 eos,
1018 1055 1047 1114 ct
1071 1047 1233 1115 Dominus
1255 1048 1468 1115 subsannabit
1492 1069 1554 1116 eos.

222 1259 506 1351 Ἀνθρωποπρεπῶς
523 1261 578 1352 μὲν
602 1264 723 1352 εἴρηται
739 1262 776 1326 τό
794 1259 925 1350 ἑιιγελά-
1022 1261 1113 1329 Mors
1135 1263 1276 1329 humano
1303 1262 1423 1329 dictum
1448 1267 1513 1330 est:
1540 1261 1725 1329 ‘Irridsbit

177 1393 276 1446 σεται,
301 1369 356 1435 καὶ
378 1373 589 1460 ἑαμοιιτηριεῑ·
613 1369 697 1442 πάθη
724 1369 783 1462 γάρ
808 1367 926 1459 ἀνθρώ·
979 1374 1013 1436 at
1035 1370 1287 1452 subsannabit„
1311 1369 1362 1436 Ad
1382 1371 1546 1436 hominum
1569 1370 1653 1436 enim
1676 1369 1726 1435 ai·

176 1501 243 1542 πων
260 1481 276 1541 6
292 1467 392 1567 γέλως
408 1477 462 1542 καὶ
478 1480 494 1541 ό
512 1479 738 1567 μοιιτηρισριός·
759 1479 924 1542 τουτέστιν
978 1479 1081 1544 fectus
1103 1481 1250 1562 spectant
1264 1477 1347 1544 risus
1362 1483 1395 1544 et
1410 1499 1537 1544 sannae.
1559 1476 1723 1544 Nimirum

176 1589 193 1649 6
216 1587 527 1676 παρασχηματισμθς
543 1597 601 1662 τῆς
619 1587 696 1677 ῥινός
713 1592 754 1662 εἰς
770 1580 856 1676 ὔθριν
879 1611 926 1652 τι·
978 1586 1169 1670 metaphora
1191 1586 1317 1651 narium
1332 1585 1371 1651 fit
1393 1585 1426 1650 in
1450 1585 1585 1672 alicujus
1608 1607 1725 1671 oppro-

176 1695 226 1769 νός
243 1693 419 1784 γενόμενος,
436 1693 487 1758 ἐπὶ
503 1685 537 1758 δὲ
554 1697 633 1759 Θεοῦ
650 1704 753 1759 ταῦτα
769 1694 925 1785 λεγόμενα
979 1694 1102 1772 brium;
1125 1693 1242 1759 similia
1264 1693 1303 1758 ds
1327 1691 1394 1758 Deo
1417 1693 1502 1760 dicta
1529 1692 1724 1760 aversionem

176 1801 237 1872 τὴν
258 1799 461 1892 ἀποστροφὴν
479 1793 616 1875 δηλοῦσι.
634 1803 764 1875 Μισήσει
779 1802 850 1893 γὰρ,
870 1826 927 1892 φη·
979 1800 1151 1867 declarant.
1165 1799 1328 1886 Scriptum
1342 1805 1391 1866 est
1402 1801 1501 1867 enim:
1521 1799 1626 1866 ‘Odio
1638 1799 1725 1865 Deus

177 1908 237 1992 σόν,
260 1908 372 1984 αὐτοὺς
396 1913 412 1972 6
438 1909 523 1985 Θεός,
547 1909 601 1974 καὶ
633 1911 924 1999 ἀποστραφήσεται,
978 1909 1112 1976 habebit
1134 1930 1197 1991 cos,
1222 1915 1255 1974 et
1272 1909 1312 1975 ab
1327 1908 1393 1974 illis
1408 1913 1584 1990 avertetur,
1605 1907 1662 1992 qui
1677 1906 1727 1971 iu·

177 2021 217 2092 ὡς
242 2017 363 2090 ἀνόητα
392 2018 656 2107 βουλευσαμένους
671 2016 704 2104 ¹).
729 2017 818 2107 Ὀρᾶς
843 2017 925 2091 όπως
978 2042 1056 2088 asna
1089 2020 1386 2104 conjuraverunt..
1422 2016 1534 2084 Cernis
1566 2014 1727 2102 quomodo

177 2123 313 2194 τὴντῶν
329 2112 486 2189 Ἰοοθαίων
502 2117 663 2195 ἀποθολὴν
680 2128 696 2187 6
712 2121 835 2214 ψαλμός
852 2147 927 2212 προ·
978 2125 1120 2210 psalmus
1132 2125 1154 2190 J
1156 2124 1327 2191 udaeorum
1339 2124 1508 2209 repudium
1520 2123 1725 2189 vaticinatur.

178 2231 300 2319 μηνύει.
325 2230 533 2320 Ἀπεστράρει
549 2229 609 2323 γὰρ
626 2231 739 2307 αὐτοὺς
755 2229 809 2295 καὶ
833 2233 848 2293 6
873 2228 923 2294 ὑπ’
978 2233 1044 2299 Eos
1066 2232 1151 2298 enim
1167 2232 1284 2297 avertit
1307 2229 1473 2313 Dominus,
1486 2229 1571 2298 cruci
1595 2229 1637 2296 ab
1661 2228 1726 2294 illis

179 2343 281 2404 αὐτῶν
298 2336 484 2428 σταυρωθεὶς
502 2337 620 2428 Κύριος,
637 2337 690 2403 καὶ
706 2342 721 2401 6
739 2340 770 2403 ἐν
787 2339 924 2426 οὐρανοῖς
978 2340 1098 2420 affixae,
1123 2344 1156 2405 at
1170 2339 1225 2424 qui
1242 2338 1417 2405 habitatin
1433 2339 1539 2420 coelis,
1555 2337 1651 2405 Pater
1674 2336 1725 2402 in·

177 2459 333 2514 κατοικῶν
345 2447 454 2538 Πατὴρ
468 2446 691 2537 ἀγανάκτησιν
703 2447 755 2512 ἐπὶ
767 2445 826 2519 τὴν
840 2443 924 2510 κατὰ
978 2449 1129 2534 dignatus
1152 2453 1201 2514 est
1216 2447 1256 2514 ob
1280 2447 1452 2533 impactam
1474 2446 1651 2534 Unigenito
1673 2445 1725 2512 in-

175 2567 232 2623 τοῦ
256 2565 440 2648 μονογενοῦς
464 2547 559 2646 tipo.
975 2556 1104 2641 jurium.

204 2901 235 2945 v.
252 2877 284 2944 5.
301 2875 384 2942 Τότε
400 2874 533 2945 λαλήσει
547 2875 623 2966 πρός
640 2875 751 2952 αὐτοὺς
769 2878 799 2941 ἐν
816 2879 893 2967 ὀργῇ
913 2877 1019 2958 αὑτοῦ,
1034 2873 1088 2939 καὶ
1105 2877 1136 2940 ἐν
1153 2883 1198 2958 τῷ
1215 2871 1303 2964 θυμῷ
1320 2876 1416 2938 αὑτοῦ
1432 2864 1561 2961 ταράξει
1575 2869 1700 2948 αὐτούς.

322 2986 411 3052 Ταιισ
434 2985 579 3070 loquetur
602 2985 646 3053 ud
669 3007 721 3053 cos
744 2987 780 3052 tu
802 2988 854 3053 iro
879 3007 950 3068 suo,
973 2993 1002 3054 et
1026 2988 1062 3053 iu
1083 2987 1196 3070 furorc
1219 3005 1277 3053 σιιο
1300 2983 1500 3052 conturbabit
1523 3002 1585 3049 cos.

224 3198 316 3265 Τότε.
333 3196 434 3280 Πότες
457 3197 477 3271 ἦ
496 3199 550 3264 ὅτε
566 3200 685 3290 ἔλεγον·
707 3190 926 3289 Διαρρήξωριεν
1028 3203 1044 3236 “
1056 3201 1146 3269 Tunc
1158 3251 1185 3280 ς.
1202 3201 1434 3290 Quandouam?
1446 3197 1509 3266 Vel
1520 3197 1647 3284 quando
1663 3197 1729 3264 aia·

177 3303 250 3380 τοὺς
273 3297 404 3394 θεσμοὺς
429 3308 542 3370 αὐτῶν.
567 3308 645 3372 Τίνα
669 3297 703 3370 di
721 3308 805 3370 Ιεστιν
830 3303 872 3369 ‘td
895 3309 926 3370 ἑν
980 3312 1073 3376 bant:
1091 3308 1345 3394 “Dirumpamus
1360 3306 1488 3372 vincula
1503 3327 1614 3372 eorum
1626 3353 1653 3384 ρ,
1666 3299 1728 3370 Sed

178 3418 256 3506 ὀργῇ
283 3419 377 3480 αὐτοῦ
401 3413 601 3494 λαληθέντας
625 3415 705 3480 Οὐαὶ
721 3421 802 3504 ὐριῒν,
826 3439 928 3504 γραμ-
982 3437 1064 3502 quae
1086 3416 1184 3483 verba
1199 3415 1232 3480 in
1248 3414 1296 3479 ira
1310 3435 1367 3480 sua
1383 3411 1510 3479 locutus
1528 3414 1599 3478 estc
1625 3409 1726 3476 ‘Vae

179 3534 290 3613 ματεϊς
313 3525 367 3588 καί
397 3534 564 3613 ραρισαῖοι1
589 3525 639 3589 ότι
670 3523 844 3614 ἀρθήσεται
875 3527 927 3610 ἀφ’
981 3522 1082 3603 vobis,
1105 3522 1228 3588 scribac
1251 3525 1284 3586 et
1298 3519 1468 3605 pharisaei,
1490 3518 1641 3604 quoniam
1663 3515 1727 3584 tot

178 3635 264 3720 ῦριῶν
288 3635 307 3704 ἡ
336 3633 478 3714 βασιλεία
494 3641 549 3695 τοῦ
567 3637 646 3698 Θεοῦ
659 3629 696 3714 ²).
715 3631 775 3696 Καὶ
798 3641 864 3706 τοῖς
881 3653 930 3695 νο-
981 3633 1068 3698 latur
1090 3654 1109 3696 a
1125 3630 1216 3696 vobis
1231 3649 1367 3713 regnum
1386 3627 1442 3692 Dei
1460 3676 1487 3706 ,.
1510 3625 1555 3691 Et
1570 3625 1652 3710 legis
1668 3645 1727 3709 pe·

178 3750 289 3828 μικοῖς·
314 3738 435 3804 Οὐαὶ...
455 3737 494 3804 *11
516 3741 555 3805 τό
578 3739 654 3806 τότε
678 3744 718 3816 εἰς
742 3741 797 3805 τόν
821 3741 928 3831 καιρόν
982 3739 1071 3804 ritis:
1087 3741 1099 3770 ‘¹
1113 3736 1183 3802 Vae
1194 3736 1296 3816 vobis,
1309 3732 1478 3814 eto.„.Vsl
1489 3731 1571 3798 iilud
1585 3736 1598 3765 ⁸
1613 3736 1690 3796 tunc
1707 3781 1720 3811 ,

178 3839 237 3923 ’τῆς
261 3848 388 3938 κρίσεως
413 3846 609 3937 ἀναφέρεται,
628 3849 705 3913 ὅταν
725 3843 863 3936 όψωνται
887 3851 928 3926 εἰς
983 3846 1121 3912 refertur
1137 3844 1176 3910 ad
1188 3842 1300 3929 judicii
1323 3846 1460 3925 tempus,
1484 3837 1610 3923 quando
1636 3835 1727 3902 “vi-

177 3954 213 4022 όν
230 3949 434 4033 ἐξεκέντησαν
445 3955 481 4040 ³).
499 3955 581 4020 Τότε
598 3954 657 4046 γὰρ
674 3949 802 4046 ταράξει
818 3955 929 4033 αὐτοὺς
984 3955 1105 4020 debunt
1134 3972 1229 4036 quam
1260 3949 1358 4016 clavis
1388 3948 1558 4013 affixerunt
1578 3995 1605 4024 ‚.
1636 3943 1727 4010 Tunc

178 4063 291 4154 λέγων·
316 4062 483 4154 Πορεύεσθε
507 4067 559 4130 ἀπ’
585 4069 669 4153 ἐμοῦ,
694 4070 723 4129 οἱ
746 4067 930 4155 κατηραμέ-
983 4061 1068 4126 enim
1084 4057 1290 4127 conturbabit
1313 4077 1377 4138 sos,
1393 4055 1517 4121 dicens:
1544 4052 1725 4119 ‘Recedite

180 4169 277 4257 νοιἿ.
307 4169 533 4262 Ἐπειράθησαν
564 4161 598 4236 δὲ
628 4169 711 4248 θείας
739 4175 850 4261 ὀργῆς,
875 4172 930 4236 καὶ
983 4192 1003 4234 a
1031 4191 1092 4249 ma,
1117 4165 1323 4248 maledicti„.
1347 4162 1409 4247 Sed
1436 4167 1469 4230 at
1499 4159 1623 4246 experti
1652 4163 1728 4226 eunt

181 4279 236 4342 ὅτε
259 4281 279 4350 ἡ
306 4275 465 4364 Ῥωμαοιιό
484 4280 588 4353 αὐτοῖς
605 4280 760 4342 ἐπιστᾶσα
785 4278 929 4367 στρατία,
983 4279 1064 4344 iram
1087 4274 1237 4356 divinam,
1261 4271 1388 4358 quando
1410 4271 1506 4337 irruit
1528 4270 1563 4335 in
1585 4290 1639 4334 eos
1660 4267 1727 4333 Ro-

180 4384 240 4457 τήν
257 4405 293 4448 τε
309 4382 401 4448 πόλιν
418 4383 579 4473 ἐνέπρησε,
595 4383 649 4448 καὶ
664 4385 719 4449 τόν
742 4385 816 4450 ναόν
841 4383 930 4474 ὲπόρ-
983 4407 1096 4452 manus
1119 4382 1286 4464 exereitus,
1311 4384 1344 4446 et
1373 4379 1536 4446 civitatem
1558 4374 1725 4456 ambussit,

181 4489 269 4576 inat,
290 4489 430 4567 καὶτοὺς
446 4492 590 4568 πλείονας
607 4493 709 4555 αὐτῶν
734 4487 927 4581 παρέπεμψε.
985 4498 1018 4559 et
1029 4492 1186 4578 templum
1198 4489 1336 4556 vastavit
1350 4510 1369 4555 a
1384 4487 1602 4568 fundamento,
1614 4487 1647 4550 st
1661 4479 1727 4568 plc-

979 4621 1096 4686 rosquc
1121 4619 1233 4665 eorum
1256 4594 1415 4681 dispersit.

218 4847 612 4920 1)s0rt.n00u.xn,o,n
927 4883 928 4888 ι
1016 4847 1043 4922 ν)
1059 4845 1183 4901 zachar.
1201 4859 1255 4914 ιιι,
1275 4843 1318 4898 ιο.
1429 4812 1432 4820 ’

217 4935 242 5010 ¹)
260 4935 366 4993 marcu
386 4951 448 5005 m,
468 4935 512 4992 tu.
1017 4937 1040 5010 ⁴)
1058 4936 1165 4992 Matth.
1185 4949 1270 5004 xxur,
1291 4933 1336 4988 41.
