4022 6072
527 823 1004 965 SANCTUS
1067 830 1567 976 BASILIUS

819 1089 1278 1167 CAESARIENSIS.

934 1678 1157 1747 MONITUM.

318 1895 462 1961 Tantum
485 1893 600 1961 Basilii
624 1895 737 1980 Magni
760 1917 878 1961 nomen
898 1896 1079 1982 appingere
1096 1896 1149 1962 vel
1163 1895 1317 1961 minimae
1333 1894 1485 1982 paginae,
1502 1893 1552 1959 uti
1568 1915 1682 1974 novae,
1707 1893 1814 1978 neque
1897 1891 1901 1896 ’

273 2004 402 2089 impari,
428 2025 533 2089 neque
558 2003 721 2089 degeneri,
739 2003 993 2088 trepidationem
1010 2027 1049 2070 ex
1067 2005 1217 2070 omnibus
1233 2004 1368 2069 artubus
1384 2003 1472 2068 haud
1491 2001 1687 2067 immeritam
1704 2003 1816 2068 exciet.

272 2111 367 2178 Unde
384 2112 499 2178 anxius
516 2134 579 2198 ego
596 2117 630 2177 et
645 2111 875 2177 formidolosus
888 2113 1005 2178 accedo
1022 2112 1063 2177 ad
1079 2112 1266 2197 fragmenta
1288 2132 1354 2176 non
1367 2133 1472 2195 pauca
1484 2110 1517 2174 in
1530 2109 1649 2195 viginti
1662 2109 1815 2195 psalmos,

274 2220 315 2284 ad
339 2219 482 2305 plurima
506 2219 664 2305 epitimia,
690 2220 730 2285 ad
754 2219 903 2302 ascetica,
927 2242 1010 2304 quae
1035 2241 1054 2283 a
1078 2218 1191 2284 multis
1214 2218 1309 2283 annis
1332 2217 1521 2284 abscondita
1545 2216 1676 2283 retinui.

316 2328 367 2392 Ad
392 2327 534 2413 psalmos
558 2329 645 2412 quod
669 2332 806 2412 spectat,
822 2327 1000 2394 acclamata
1016 2331 1065 2392 est
1082 2325 1245 2392 sententia
1261 2325 1360 2390 trium
1378 2325 1611 2406 Maurinorum,
1636 2325 1693 2410 qui
1717 2346 1816 2410 opera

271 2435 386 2502 Basilii
410 2434 533 2501 edenda
557 2440 764 2514 curaverunt,
788 2456 854 2500 non
878 2434 940 2500 nisi
955 2433 1112 2501 tredecim
1128 2432 1329 2519 psalmorum
1347 2433 1584 2518 expositionem
1608 2455 1677 2499 esse
1701 2433 1817 2519 genni-

270 2567 356 2610 nam.
382 2543 470 2620 Quos
493 2548 607 2609 cautus
631 2543 731 2610 etiam
755 2542 985 2609 Tillemontius
1008 2541 1149 2607 addebat
1172 2546 1314 2626 quatuor
1337 2540 1497 2626 psalmos,
1521 2541 1609 2626 apud
1632 2541 1816 2608 Simeonem

271 2650 530 2736 Metapbrastam
554 2654 767 2730 memoratos,
793 2650 934 2736 explosit
964 2649 1162 2716 Prudentius
1186 2649 1356 2728 Maranus,
1382 2649 1438 2732 qui
1461 2649 1586 2716 detexit
1613 2649 1817 2715 adulteratos

271 2781 340 2825 esse
365 2761 510 2843 quatuor
529 2757 729 2842 psalmorum
753 2779 915 2836 numeros,
933 2778 970 2822 ac
986 2757 1241 2843 metaphrastica
1258 2757 1443 2842 quadratim
1458 2755 1601 2824 recidere
1617 2757 1651 2822 in
1667 2757 1817 2822 classicos

270 2865 426 2933 tredecim
449 2865 611 2932 homilias.
635 2864 735 2931 Plura
763 2869 873 2931 tamen
898 2886 917 2929 a
941 2863 1049 2952 priore
1072 2863 1197 2930 editore
1222 2867 1394 2949 expuncta,
1418 2861 1564 2929 restituit
1587 2863 1757 2948 posterior,
1783 2869 1816 2930 et

269 2975 339 3061 ipso
363 2973 517 3040 Maranus
541 2973 582 3039 ab
606 2977 745 3065 utroque
770 2971 916 3058 parciore
939 2970 1083 3038 recessit.
1203 3043 1206 3050 Δ

311 3082 400 3148 Dum
414 3086 523 3148 autem
541 3101 603 3165 ego
620 3101 866 3165 saepenumero,
884 3084 980 3145 cauta
995 3102 1095 3145 manu
1111 3084 1144 3146 et
1160 3079 1297 3146 intentis
1313 3077 1426 3158 oculis,
1437 3077 1671 3164 investigarem
1685 3084 1816 3145 catenas

271 3189 467 3256 vetustiores
491 3192 523 3254 et
547 3187 733 3267 nobiliores,
750 3187 893 3253 mirabar
907 3191 960 3253 tot
976 3192 1009 3252 et
1024 3191 1117 3254 tanta
1133 3186 1248 3252 Basilii
1264 3184 1388 3251 scholia
1408 3205 1576 3250 occurrere
1600 3185 1731 3269 passim,
1748 3207 1815 3252 non

269 3295 397 3363 volatili
420 3300 544 3373 tractu,
570 3299 607 3359 ut
629 3294 667 3359 fit
689 3294 775 3360 inter
799 3296 957 3361 orandum
981 3299 1038 3360 aut
1061 3294 1127 3361 alia
1150 3294 1373 3374 scribendum,
1397 3293 1453 3358 sed
1480 3292 1648 3378 apposite,
1673 3315 1812 3374 morose,

269 3405 368 3471 variis
391 3403 537 3470 sensibus
553 3401 729 3489 diligenter
744 3403 932 3484 enucleatis,
950 3408 987 3469 ut
1002 3404 1086 3470 solet
1102 3403 1241 3468 disertus
1255 3401 1428 3486 interpres.
1445 3398 1554 3466 Unam
1572 3400 1703 3466 tandem
1725 3404 1814 3466 cate-

271 3534 347 3576 nam
369 3510 404 3576 in
428 3509 571 3596 psalmos
594 3509 679 3574 inter
701 3509 889 3577 innumeras
916 3510 1035 3598 selegi,
1060 3533 1143 3596 quae
1173 3509 1296 3595 insigni
1327 3507 1457 3573 nomine
1481 3506 1618 3573 Nicetae
1647 3507 1815 3574 Serranum

269 3620 478 3698 honestatur,
504 3618 648 3702 ejusdem
672 3640 789 3704 nempe
814 3618 869 3704 qui
894 3619 992 3685 aliam
1014 3619 1049 3685 in
1072 3619 1138 3686 Job
1161 3615 1347 3694 contexuit,
1371 3616 1468 3682 eliam
1498 3615 1533 3680 in
1561 3615 1699 3695 Lucam,
1723 3615 1815 3682 illam

270 3725 394 3792 scilicet
417 3725 537 3812 Angeli
562 3723 641 3790 Maii
665 3725 893 3807 aurifodinam,
919 3727 1037 3811 quibus
1060 3727 1170 3812 palam
1193 3726 1231 3792 fit
1256 3747 1355 3812 penes
1379 3723 1600 3790 doctissimum
1627 3723 1816 3810 episcopum

270 3833 369 3899 inisse
385 3832 619 3898 bibliothecam
632 3832 810 3899 innumeris
824 3838 970 3900 veterum
983 3833 1084 3917 libris,
1099 3857 1185 3901 nunc
1197 3855 1330 3920 prorsus
1346 3831 1481 3911 amissis,
1496 3831 1614 3898 mirum
1630 3832 1664 3896 in
1680 3832 1815 3899 modum

268 3939 513 4026 locupletatam.

313 4047 397 4113 Tum
421 4046 563 4132 primum
587 4069 606 4111 a
628 4069 680 4111 me
704 4053 936 4132 percunctatus
960 4071 1042 4130 sum,
1066 4071 1144 4115 num
1161 4071 1199 4115 ea
1219 4069 1303 4133 quae
1326 4045 1360 4112 in
1384 4045 1528 4132 psalmos
1551 4046 1665 4132 excepi
1689 4068 1728 4113 ex
1752 4047 1814 4112 hac

271 4161 396 4234 catena,
414 4159 568 4239 excerpta
584 4154 626 4218 ab
642 4153 715 4240 ipso
730 4152 850 4220 Niceta
866 4154 990 4222 fuerint
1005 4177 1045 4221 ex
1061 4155 1160 4222 variis
1173 4160 1207 4222 et
1217 4154 1292 4221 aliis
1308 4153 1423 4220 Basilii
1440 4153 1609 4239 operibus;
1626 4176 1678 4221 me
1691 4155 1813 4240 quippe

268 4285 335 4328 non
358 4260 467 4341 latuit,
492 4259 669 4346 aliquando
692 4259 843 4328 Nioetam
867 4262 1055 4348 hujusmodi
1071 4261 1170 4330 fuisse
1188 4267 1423 4347 excerptorem.
1447 4259 1568 4327 O'mnes
1592 4260 1699 4327 sciunt
1722 4260 1813 4347 quali

268 4393 342 4437 curn
365 4359 507 4457 ἀκριῧείᾳ
530 4367 672 4434 Maurini
696 4369 737 4435 ad
760 4369 907 4456 singulas
931 4370 1070 4456 paginas
1085 4369 1167 4436 imas
1188 4369 1375 4456 significent
1397 4367 1469 4434 loca
1493 4367 1546 4434 vel
1568 4366 1704 4434 minima
1728 4390 1811 4452 quae
1843 4442 1847 4447 .

268 4477 310 4543 ad
325 4499 432 4544 sacras
450 4475 635 4561 Scripturas
648 4473 826 4562 pertinent.
840 4477 962 4544 llorum
980 4476 1084 4563 igitur
1096 4482 1238 4562 quatuor
1250 4477 1354 4562 spissa
1366 4475 1534 4541 volumina
1546 4474 1634 4560 apud
1650 4475 1812 4562 Mignium

270 4585 378 4651 evolvi
401 4582 600 4663 minutatim,
617 4583 705 4650 baud
721 4585 848 4651 omissis
864 4583 992 4670 spuriis,
1009 4584 1098 4650 hand
1114 4584 1233 4651 omisso
1251 4584 1377 4650 musivo
1402 4606 1500 4668 opere
1524 4582 1684 4650 Simeonis
1707 4583 1813 4649 Meta·

268 4691 433 4778 phrastae.
457 4691 577 4758 Fateor
600 4690 750 4758 incidisse
773 4715 825 4757 me
848 4691 882 4756 in
906 4697 1047 4777 quatuor
1069 4690 1206 4758 Nicetae
1237 4689 1372 4772 scholia,
1395 4690 1472 4756 dum
1503 4689 1567 4756 alia
1591 4689 1813 4776 quadraginta

269 4799 386 4865 nullibi
410 4820 462 4865 me
486 4799 701 4878 offenderunt,
726 4799 844 4865 nullibi
868 4799 909 4864 ab
932 4797 1162 4866 oculatissimis
1189 4797 1348 4864 Maurinis
1370 4803 1538 4864 notantur.
1562 4797 1656 4864 Unde
1680 4821 1738 4884 per
1761 4821 1813 4865 me

268 4905 344 4972 licet
367 4905 528 4986 intuleris,
553 4906 678 4972 scholia
700 4929 804 4986 nova,
828 4905 968 4972 maxime
993 4906 1031 4972 de
1056 4905 1182 4990 psalmo
1206 4929 1276 4986 nvrr,
1301 4909 1359 4971 aut
1382 4906 1423 4972 ab
1446 4905 1562 4991 ignoto
1586 4903 1701 4970 Basilii
1726 4928 1814 4971 com·

268 5015 440 5095 menterio,
466 5019 523 5080 aut
547 5037 585 5081 ex
610 5014 736 5081 amissis
760 5014 903 5100 ejusdem
927 5013 1019 5079 libris
1043 5012 1193 5080 derivari.

312 5122 364 5188 Ad
387 5122 469 5189 alios
493 5127 603 5188 tamen
628 5127 686 5188 aut
701 5121 937 5207 diligentiores,
954 5126 1012 5186 aut
1027 5121 1200 5207 peritiores
1217 5142 1371 5206 provoco,
1388 5124 1421 5186 et
1444 5119 1532 5186 ultro
1556 5143 1607 5186 me
1631 5120 1811 5203 committo,

267 5227 383 5314 siquis
406 5229 535 5296 easdem
559 5229 692 5295 semitas
715 5227 862 5313 relegere
886 5249 923 5292 ac
945 5233 1051 5293 terere
1076 5227 1227 5309 voluerit,
1246 5233 1283 5294 ut
1300 5227 1381 5294 mihi
1404 5227 1597 5294 clementior
1620 5228 1672 5309 sit,
1691 5229 1813 5314 siquid

268 5355 331 5422 ego
356 5335 415 5402 sub
439 5335 596 5403 ementita
620 5335 741 5402 hedera
763 5333 927 5419 ingenuus
951 5339 984 5400 et
1008 5336 1163 5403 candidus
1187 5335 1400 5404 vendiderim.
