3978 6070
213 522 250 580 46
623 517 766 610 Τκίρίεα
781 518 980 610 facinorum
995 541 1102 613 ρεκυε
1113 522 1359 612 judicandum.

213 677 343 779 ἀδελφοί
356 687 429 754 θεῖοι
441 688 465 777 ¹)
479 689 785 782 προσηγορεύθησαν,
802 697 842 768 ὡς
859 701 922 756 τῶν
938 692 1080 782 πατέρων
1098 691 1174 757 θεῶν
1191 691 1265 782 πρός
1282 693 1353 771 τοὺς
1367 697 1418 786 ἀφ’
1435 699 1554 762 ἑαυτῶν
1567 691 1657 776 τάξιν
1677 701 1762 772 εἰλη-

211 799 327 888 χότων·
351 798 413 864 ἀπὸ
436 797 495 890 γάρ
520 810 583 865 τῶν
609 798 685 864 θεῶν
709 805 793 891 ἡμᾶς
817 805 845 866 οί
868 799 999 891 πατέρες
1022 793 1214 880 ὑπεδέξαντο
1237 803 1402 894 προϊόντας
1427 821 1467 878 -;-;-

212 1012 236 1080 f.
262 1015 323 1080 121
342 1037 383 1095 v.‚
404 1016 518 1082 eadem
541 1015 676 1083 lacuna:
701 1013 840 1080 ...θεῶν
864 1021 938 1080 εἰσιν
963 1022 991 1082 οί
1004 1068 1010 1081 .
1025 1067 1053 1082 ..
1078 1019 1171 1108 ὅμοια
1194 1017 1236 1084 τά
1252 1024 1292 1096 είς
1310 1019 1522 1112 ἀμφοτέρους.
1538 1071 1566 1086 ..
1591 1023 1663 1087 όσια
1686 1022 1763 1113 ἔργα

212 1119 283 1212 παρ’
307 1126 407 1211 ἡμῶν·
431 1121 472 1187 τά
496 1114 529 1188 δὲ
552 1117 651 1188 αύ...
675 1133 740 1189 τῶν
765 1115 972 1213 ἀδικημάτων
996 1125 1015 1198 ἢ
1041 1125 1309 1217 εὐεργετημάτων,
1334 1131 1392 1193 ὅσα
1415 1127 1485 1220 περί
1511 1129 1618 1206 πόλεις
1642 1131 1717 1208 ὅλας
1740 1127 1760 1202 ἢ

172 1253 186 1291 ι
213 1222 422 1321 στρατόπεδα·
446 1229 489 1297 τά
513 1233 567 1322 μὲν
585 1236 739 1323 σωτηρίας
757 1235 843 1298 αἴτια
859 1234 913 1297 καί
928 1227 1101 1322 εὐπραξίας,
1119 1232 1161 1299 τά
1178 1225 1212 1300 δέ
1229 1237 1396 1313 ἀπωλείας,
1413 1239 1468 1302 καὶ
1489 1243 1529 1314 ὡς
1552 1232 1634 1304 εἶπεν
1659 1237 1762 1321 αύτύς,

213 1338 267 1404 καί
283 1341 462 1429 κακουχίας,
477 1332 528 1406 διά
544 1332 582 1409 δή
601 1364 686 1416 τινας
703 1338 722 1414 ἢ
740 1332 906 1430 προδοσίας
923 1339 942 1412 ἀ,
960 1333 1125 1418 ἐπιύουλάς
1144 1344 1282 1425 ἀλλοίας,
1300 1343 1319 1416 ἢ
1339 1344 1417 1410 ἄλλο
1434 1370 1466 1409 τι
1481 1355 1544 1410 τῶν
1561 1357 1666 1411 κακῶν
1684 1340 1715 1425 ἐξ
1734 1371 1764 1435 ρ-

213 1442 431 1538 γαζομένας,ἢ
447 1449 499 1513 καί
512 1448 638 1540 ἀγαθῶν
656 1449 757 1524 αἰτίας
774 1450 970 1542 γιγνομένας·
987 1445 1037 1514 οἷα
1054 1440 1092 1522 δὴ
1111 1454 1239 1528 πολλοῖς
1253 1451 1388 1543 ἐγένετο,
1400 1455 1506 1530 πόλεις
1519 1447 1763 1544 ἐξαρπασάντων

216 1559 373 1647 μεγίστων
390 1548 549 1634 κινδύνων,
566 1557 585 1630 ἢ
605 1549 806 1649 στρατόπεδα
823 1559 1001 1623 σεσωκόσιν·
1018 1553 1059 1622 ὧν
1075 1557 1210 1636 πολλούς
1230 1561 1284 1624 καί
1307 1565 1338 1624 ἐν
1356 1562 1448 1650 μοίρᾳ
1464 1552 1618 1652 δαιμόνων
1636 1561 1762 1654 ἀγαθῶν

213 1687 300 1740 τινας
324 1669 352 1729 σί
375 1666 513 1754 χρησμοί
536 1676 631 1754 τιμάν
656 1659 862 1757 προσέταξαν·
886 1661 949 1731 οἷον
966 1667 1020 1731 τόν
1037 1666 1112 1757 ύπέρ
1129 1677 1186 1743 τῆς
1204 1668 1322 1743 πόλεως
1344 1669 1438 1733 αὑτὸν
1462 1661 1675 1736 ἐπιδεδωκότα
1697 1683 1763 1749 τοῖς

162 1794 188 1833 ιο
214 1774 372 1863 πολεμίοις
396 1764 531 1864 Κόδρον,
556 1776 609 1840 καί
633 1777 662 1840 εἴ
687 1800 734 1850 τις
759 1776 853 1850 ἄλλος
877 1785 1016 1851 τοιοῦτος
1041 1775 1185 1865 γέγονεν·
1209 1775 1250 1840 τά
1280 1767 1313 1840 δέ
1343 1777 1482 1865 ἔσχατα,
1508 1777 1561 1842 καί
1585 1782 1619 1843 ού
1642 1783 1763 1855 πολλῆς

217 1873 348 1971 δεόμενα
371 1891 429 1957 τῆς
454 1885 489 1947 ἐκ
512 1892 575 1946 τῶν
600 1884 680 1947 όλων
705 1874 904 1973 διορθώσεως,
928 1877 970 1947 ὧν
986 1874 1233 1972 παραδείγματα
1256 1892 1318 1948 τῶν
1344 1883 1430 1959 εύθύς
1454 1887 1628 1977 γενομένων
1652 1885 1706 1951 καί
1730 1889 1763 1951 ού

214 1987 313 2054 πολύν
338 1979 376 2062 δή
402 2012 474 2053 τινα
497 1989 608 2078 χρόνον
634 1989 799 2075 βιούντων,
824 1990 843 2055 ἀ
868 1982 905 2064 δὴ
932 1991 986 2056 καί
1009 1993 1118 2082 ὀλίγης
1150 1983 1221 2068 ἀξια
1254 1992 1379 2081 μνήμης
1405 1985 1483 2054 εἷναί
1510 2015 1621 2082 φησιν,
1645 1999 1684 2070 ὡς
1707 1998 1763 2058 ούκ

215 2099 331 2188 ἔχοντα
356 2088 490 2187 διαφανῆ
509 2097 563 2162 καί
581 2102 622 2172 εἰς
639 2095 745 2188 θαῦμα
763 2089 939 2187 δυναμένην
956 2100 1085 2189 ἐγείρειν
1102 2095 1121 2170 ἢ
1139 2097 1199 2169 τὴν
1215 2097 1312 2187 τιμὴν
1329 2096 1348 2171 ἢ
1375 2096 1434 2169 τὴν
1459 2102 1619 2189 τιμωρίαν·
1643 2099 1765 2176 τούτοις

215 2198 249 2273 δέ
272 2208 366 2295 ὅμοια
388 2205 443 2271 καὶ
466 2204 508 2271 τά
532 2215 595 2270 τῶν
616 2209 749 2271 εὐτελῶν
766 2196 867 2280 δήπου
885 2205 1003 2296 φύσεων
1028 2211 1123 2271 ἐστιν·
1149 2197 1235 2271 ούδέν
1259 2204 1319 2297 γάρ
1344 2212 1376 2271 αί
1399 2217 1544 2271 τοιαῦται
1567 2206 1670 2296 φύσεις
1690 2209 1764 2272 ούτε

161 2348 187 2387 ιι
215 2317 299 2406 μέγα
322 2314 430 2398 κακόν,
455 2315 527 2380 οὔτε
550 2313 633 2406 μέγα
657 2306 806 2379 δύνανται
829 2314 948 2404 ἀγαθόν
973 2307 1200 2405 ἐξεργάζεσθαι,
1225 2305 1270 2379 διύ
1287 2314 1340 2378 καί
1355 2313 1413 2390 τάς
1429 2317 1612 2404 ἐπικαρπίας
1631 2314 1684 2378 καὶ
1707 2312 1764 2390 τάς

107 2503 109 2506 ¹
214 2421 358 2498 κολάσεις
383 2423 523 2512 ἀμαυράς
545 2417 704 2489 εἶναιτῶν
728 2421 888 2487 τοιούτων.
914 2424 1005 2489 Οὕτω
1030 2422 1086 2512 μὲν
1110 2416 1162 2486 ούν
1186 2420 1239 2485 καί
1262 2427 1282 2495 η
1308 2413 1451 2512 διαίρεσις
1468 2424 1604 2512 ἐκφαίνει
1627 2421 1683 2500 τάς
1702 2433 1764 2487 τῶν

214 2525 334 2610 λήξεων
350 2537 427 2620 ημῖν
444 2521 602 2622 διαφοράς,
619 2529 689 2595 κατ’
708 2527 804 2620 άρθρα
822 2521 1021 2602 διαστήσασα
1038 2527 1094 2605 τάς
1110 2528 1204 2617 τιμάς
1220 2527 1273 2594 καί
1289 2527 1345 2604 τάς
1361 2529 1479 2607 ποινάς·
1495 2531 1550 2595 καί
1566 2529 1692 2619 πρώτας
1710 2529 1764 2620 μέν

215 2633 339 2718 τάξατα
362 2637 420 2716 τάς
445 2638 541 2728 μέσας
554 2641 589 2722 9)·
615 2638 710 2728 μέσας
736 2629 779 2722 δὲ,
802 2637 859 2715 τάς
883 2647 945 2703 τῶν

214 2857 240 2924 f.
266 2859 340 2939 122,
364 2858 478 2924 eadem
500 2855 628 2938 lacuna,
653 2857 709 2922 sed
732 2856 865 2942 gravior
888 2879 928 2922 ex
950 2855 1065 2941 inepta
1088 2855 1220 2920 chartae
1241 2853 1423 2939 pellucidae
1447 2853 1619 2939 pellicula:
1647 2845 1767 2938 βεύεϊαί

161 2991 189 3037 ιο
214 2988 252 3031 τε
274 2965 329 3029 καί
352 2963 462 3054 Πατὴρ
484 2959 525 3040 εἷς
540 2964 610 3036 ’ίσην
627 2971 690 3028 τῶν
714 2961 777 3028 άνω
792 3014 798 3027 .
814 2954 1045 3053 ..ραδοθέντων
1069 2953 1177 3051 ἐφεξῆς
1202 2960 1256 3024 καί
1271 2958 1383 3051 ἐπάγει
1397 2959 1457 3034 τὴν
1481 2962 1598 3045 πίστιν,
1622 2969 1685 3025 τῶν
1709 2959 1766 3037 τάς

218 3075 368 3165 μεγίστας
385 3071 603 3163 ὑπομενόντων
620 3070 763 3148 κολάσεις
780 3065 822 3136 ὧν
838 3080 959 3162 γνῶσις·
976 3061 1114 3145 ἠδύνατο
1139 3078 1184 3153 τῷ
1200 3069 1255 3134 τόν
1274 3067 1368 3158 μῦθον
1392 3068 1599 3159 ἀφηγουμένῳ
1615 3068 1766 3163 γνώριμος

217 3175 303 3247 εἶναι·
327 3181 414 3272 λέγει
437 3180 497 3271 γάρ
522 3180 636 3245 οὑτωσί
659 3203 734 3254 πως·

484 3408 530 3471 -ζ-
547 3394 628 3484 Ἔφη
647 3392 707 3485 γάρ
717 3391 743 3476 ³)
761 3383 798 3466 δὴ
818 3389 1046 3482 παραγενέσθαι
1062 3389 1251 3479 ἐρωτωμένῳ
1267 3389 1362 3479 ἑτέρῳ
1374 3389 1433 3454 ὑπό
1457 3403 1502 3465 -ζ-

485 3519 530 3582 -ζ-
552 3505 669 3593 ἐτέρου,
686 3504 762 3567 ὅπου
782 3501 819 3566 ἀν
835 3503 880 3573 εἴη
900 3490 1054 3590 Ἀρδιαῖος
1079 3503 1095 3562 ὁ
1121 3498 1228 3589 μέγας.
1249 3500 1295 3584 [Ὀ
1313 3490 1346 3565 δέ
1364 3503 1437 3582 Ἀρ·
1459 3513 1504 3576 2—

484 3628 529 3691 ÷
551 3604 648 3688 διαϊος
665 3605 754 3686 ούτος
769 3621 827 3687 τῆς
843 3610 1029 3698 Παμφυλίας
1046 3610 1077 3673 ἐν
1094 3633 1156 3672 τινι
1175 3609 1264 3672 πόλει
1286 3606 1433 3698 τύραννος
1456 3621 1502 3684 ÷

485 3737 531 3798 ÷
553 3720 701 3813 ἐγεγόνει,
716 3709 778 3792 ἤδη
797 3717 958 3808 χιλιοστὸν
975 3719 1042 3792 ἔτος
1059 3721 1100 3792 είς
1117 3718 1231 3781 ἐκεῖνον
1245 3715 1300 3780 τόν
1313 3716 1435 3806 χρόνον,
1458 3729 1503 3792 ζ-

483 3845 528 3906 -ζ-
550 3828 683 3922 γέροντά
705 3851 743 3892 τε
771 3829 894 3916 πατέρα
925 3827 1113 3902 ἀποκτείνας
1145 3827 1198 3890 καὶ
1225 3819 1431 3915 πρεσύύτερον
1456 3838 1500 3900 -ζ-

483 3950 528 4013 ÷
551 3929 695 4026 ἀδελφόν,
719 3935 773 3999 καί
796 3933 880 3999 ἀλλά
897 3925 935 4005 δὴ
952 3933 1059 3999 πολλοί
1075 3955 1112 3996 τε
1129 3931 1183 3996 καὶ
1199 3933 1308 3997 ἀνόσια
1325 3937 1432 4025 εἰργα-
1454 3946 1500 4009 ÷

483 4059 529 4122 -ξ-
552 4046 673 4136 σμένος,
697 4052 737 4122 ὡς
761 4044 904 4136 ἐλέγετο·
929 4045 985 4130 ἔφη
1013 4035 1065 4106 ούν
1088 4041 1143 4105 τὀν
1168 4041 1369 4130 ἐρωτώμενον
1393 4046 1435 4106 εί-
1458 4055 1503 4118 ÷

485 4167 530 4229 ÷
552 4164 630 4218 πεῖν·
643 4158 700 4219 ούκ
711 4155 793 4236 ἥκει,
810 4153 913 4242 φάναι,
928 4143 993 4216 οὐδ’
1010 4148 1046 4214 ἀν
1063 4143 1166 4236 ἧξειέ)
1180 4139 1275 4240 δεῦρο.
1290 4147 1438 4214 Ἐθεασά-
1459 4163 1505 4226 -ζ-

485 4277 531 4339 -ξ-
554 4259 634 4351 μεθα
656 4260 716 4352 γάρ
740 4256 792 4328 ούν
809 4253 847 4334 δὴ
866 4260 920 4325 καί
935 4270 1030 4326 τοῦτο
1047 4268 1110 4324 τῶν
1129 4249 1236 4323 δεινῶν
1261 4256 1435 4347 θεαμάτων.
1458 4271 1503 4334 -ζ-

485 4385 531 4447 ÷
552 4361 677 4443 Ἐπειδὴ
697 4369 788 4461 ἐγγύς
801 4379 856 4434 τοῦ
874 4371 1004 4457 στομίου
1021 4364 1101 4458 ἦμεν
1119 4367 1287 4456 μέλλοντες
1305 4365 1432 4444 ἀνιέναι,
1456 4380 1501 4442 ÷

486 4495 530 4557 ÷
552 4480 607 4546 καί
629 4478 736 4545 τάλλα
751 4476 857 4544 πάντα
872 4475 1070 4553 πεπονθότες,
1089 4474 1205 4540 ἐκεῖνόν
1229 4499 1266 4540 τε
1289 4465 1436 4540 κατείδο-
1458 4487 1504 4550 -ζ-

484 4603 530 4664 -ζ-
553 4613 610 4681 μεν
635 4583 794 4679 ἐξαίφνης,
818 4587 873 4652 καὶ
897 4586 1009 4662 ἄλλους
1034 4576 1147 4675 σχεδόν
1170 4609 1203 4649 τι
1233 4587 1335 4648 αὐτῶν
1364 4582 1435 4660 τούς
1459 4596 1504 4658 -ζ-
1609 4657 1615 4673 ι

486 4713 531 4776 -ξ-
553 4699 718 4773 πλείστους
741 4695 925 4786 τυράννους·
948 4691 1028 4770 ἦσαν
1060 4686 1094 4759 δέ
1124 4693 1177 4758 καί
1210 4683 1332 4758 ἰδιῶταί
1355 4715 1437 4767 τινες
1460 4703 1505 4766 -ζ-

484 4820 529 4883 ÷
551 4816 614 4872 τῶν
640 4804 766 4895 μεγάλα
779 4802 1023 4894 ἡμαρτηκότων·
1041 4800 1089 4876 οθς
1107 4799 1263 4890 οἰομένους
1279 4791 1341 4874 ἤδη
1365 4803 1438 4864 ἀνα·
1460 4811 1504 4873 -ξ-

255 5003 278 5079 ¹)
288 5002 398 5062 Procul
410 5000 500 5058 dubio
513 4999 582 5058 inde
595 4999 720 5057 oriunda
732 5017 793 5056 vox
801 4999 873 5056 trita
886 4997 967 5070 apud
1018 5001 1069 5052 τοῦ·
1096 5003 1138 5050 καί
1166 5001 1226 5068 ὰσρι.
1246 4997 1273 5050 ἔκ
1293 5017 1341 5071 σιγ.
1362 4991 1491 5052 ἀναύῆναι.
1511 4990 1555 5050 of.
1582 4987 1769 5068 Reipube,

217 5092 313 5151 Italos
332 5096 383 5164 εἰσ,
402 5095 456 5161 zia,
478 5093 654 5163 avunculus,
673 5093 844 5148 matertera.
1018 5106 1046 5162 p.
1065 5087 1128 5157 311,
1146 5087 1207 5142 312,

255 5184 279 5258 ²)
297 5184 392 5258 Supra
410 5183 521 5239 lineam
540 5183 617 5253 μέσας
636 5181 754 5238 iterum.
1053 5179 1076 5248 ⁴)
1090 5175 1312 5245 soloecismum,
1328 5174 1377 5231 oui
1389 5171 1506 5249 plaudit
1520 5169 1683 5242 Sialbaum,
1697 5167 1771 5225 Ηει·

255 5275 279 5350 ³)
296 5274 334 5332 In
352 5274 415 5333 οοά.
435 5278 554 5330 tantum
571 5273 683 5346 legitur
705 5271 823 5329 initium
849 5271 895 5344 ἔφη
916 5276 965 5344 γὰρ
1019 5267 1140 5324 werden
1153 5265 1248 5339 carpit
1264 5265 1381 5336 acriter,
1394 5284 1429 5322 ao
1441 5263 1579 5338 pluribus
1591 5265 1682 5334 urget
1700 5259 1773 5318 scri·

218 5379 314 5436 usque
328 5363 367 5420 ad
380 5365 391 5416 ί
405 5363 492 5437 μέγας,
507 5367 573 5420 tum
586 5362 624 5418 ad
642 5363 731 5419 finem
750 5360 902 5435 pergitur:
922 5361 966 5421 ἲως
1018 5357 1150 5414 bendum
1169 5356 1265 5418 ὰνάὶιι,
1282 5355 1408 5412 ΡτοοΙιιε
1426 5353 1505 5412 infra
1522 5353 1567 5428 48,
1588 5353 1621 5408 ll
1641 5353 1670 5405 ἂν
1690 5368 1747 5408 om.
