3978 6070
256 559 291 626 σε
675 557 826 632 Animae
844 559 882 630 ιἰι
900 563 1030 630 summo
1049 553 1181 630 aethere
1199 547 1375 630 οοίιιικίιια.

256 733 432 816 πρέπουσαν
456 725 615 823 ἐξήγησιν,
640 735 712 796 ἀλλ’
731 731 943 820 ἀπαρτώντων
960 733 996 795 ἐκ
1012 737 1074 793 τῶν
1092 733 1225 819 ἐναργῶς
1241 728 1467 820 γεγραμμένων
1491 727 1562 804 τούς
1585 726 1710 818 λόγους,
1735 711 1803 790 δέον

257 834 475 931 προσύιύάζειν
500 851 540 927 τῇ
567 838 711 924 ἀληθείᾳ,
735 839 789 904 καί

257 1057 281 1122 f.
301 1059 374 1136 130,
391 1057 526 1124 lacerati
544 1059 563 1124 6
582 1080 683 1125 vera:
701 1066 763 1120 τῶν
780 1056 1040 1145 πλασμάτων...
1064 1061 1103 1132 εἰς
1128 1055 1255 1145 ούρανίν
1271 1053 1454 1146 γίνεσθαι..
1470 1035 1542 1136 .να,
1563 1055 1616 1118 καί
1640 1052 1721 1142 μετά
1744 1052 1805 1125 τήν

258 1164 461 1237 σελήνην...
486 1164 652 1253 ἀπονέμειν
676 1165 730 1230 καί
752 1175 818 1240 τοῖς
842 1165 915 1255 ὺπέρ
940 1165 1134 1241 τούτους...
1159 1166 1325 1254 τέτταρας,
1343 1175 1388 1248 τῷ
1405 1157 1437 1231 δέ
1454 1170 1553 1248 λοιπῷ
1570 1164 1629 1238 τήν
1654 1167 1728 1254 μίαν
1753 1162 1807 1228 καί

218 1300 230 1338 ε
258 1272 405 1338 τότε...
436 1272 528 1363 μέχρι
551 1284 609 1349 τῆς
634 1273 789 1349 ἀπλάνους
814 1273 1006 1362 ἀναπέμπειν
1022 1327 1029 1341 .
1044 1326 1073 1342 ..
1102 1272 1245 1338 στάντων
1270 1274 1365 1355 ἐστὶν,
1389 1274 1440 1337 ότι
1462 1283 1584 1362 πρῶτον
1610 1271 1665 1363 μέν
1688 1272 1805 1362 ἡμέρας

260 1377 431 1472 διαριθμεῖν
455 1382 529 1471 ὑπέρ
553 1381 690 1456 σελήνην
712 1382 945 1472 πορευομένους,
970 1381 1095 1473 ἄλογον·
1122 1385 1156 1446 σύ
1180 1381 1239 1472 γάρ
1264 1383 1348 1446 ἐστιν
1374 1381 1448 1471 ὑπέρ
1470 1380 1568 1452 αὑτήν
1592 1379 1673 1445 πολύ
1696 1405 1729 1444 τι
1751 1389 1806 1445 τοῦ

258 1487 357 1553 κώνου
383 1489 482 1579 μέρος,
507 1488 591 1553 ἀλλά
614 1489 721 1553 πάντα
744 1488 785 1554 τά
802 1492 868 1555 ἐκεῖ
883 1489 994 1565 νυκτός
1012 1491 1095 1554 ἐστιν
1113 1490 1256 1579 ἀνωτέρω
1273 1489 1327 1553 καί
1342 1487 1373 1554 έν
1397 1490 1502 1579 ἐπέχει
1525 1499 1598 1579 φῶς·
1621 1490 1730 1554 ἔπειτα
1752 1485 1807 1550 καί

259 1609 315 1663 τοῦ
339 1595 425 1687 Ἠρὸς
449 1605 553 1687 σαφῶς
577 1597 724 1688 λέγοντος
748 1596 790 1663 τά
815 1596 895 1683 βάθη
922 1609 985 1663 τῶν
1011 1607 1145 1688 σφαιρῶν
1170 1603 1243 1688 ὁρᾶν
1267 1596 1384 1663 ἀνωθεν
1407 1599 1481 1688 ὑπὲρ
1505 1597 1675 1687 φαινόμενα
1700 1601 1807 1680 (τοῦτο

260 1705 321 1796 γάρ
346 1707 493 1796 σημαίνει
517 1695 672 1779 δήπουθεν
690 1705 778 1770 ὁπότ’
798 1705 833 1772 ἀν
849 1705 928 1797 λέγῃ
948 1705 1078 1782 κύκλους
1096 1705 1210 1770 ἄνωθεν
1227 1705 1268 1770 τά
1284 1709 1375 1795 χειλη
1398 1705 1524 1770 πάντων
1549 1710 1632 1794 ὁρᾶν,
1650 1705 1808 1795 τμήματα

206 1836 232 1874 ιο
261 1813 321 1904 γάρ
347 1813 508 1902 θεώμενος,
526 1813 593 1879 ὅθεν
615 1817 696 1878 αὐτά
712 1814 765 1879 καί
782 1805 962 1904 σφονδύλοις
980 1817 1145 1879 ἀπείκασεν
1162 1814 1217 1878 καί
1234 1807 1392 1890 καδίσκοις
1409 1820 1448 1890 εἰς
1470 1815 1627 1889 ἀλλήλους
1652 1805 1809 1902 ἐμύεύλη-

262 1923 374 2012 μένοις,
398 1924 469 1986 ἀλλ’
487 1927 521 1987 ού
539 1923 679 2011 σφαίραις
696 1927 737 1998 εἰς
755 1923 922 2011 ἀλλήλας),
938 1928 978 1998 ὡς
995 1921 1031 1986 ἀν
1048 1922 1207 2012 τμήματα
1225 1922 1348 2006 βλέπων
1367 1921 1492 2005 ἀνωθεν,
1520 1925 1604 2005 αύτῷ
1628 1921 1713 2011 λέγει
1737 1920 1809 2008 φαί-

261 2029 367 2094 νεσθαι
389 2028 432 2095 τά
448 2031 539 2119 χείλη
559 2039 622 2093 τῶν
639 2027 829 2120 τμημάτων,
846 2034 886 2104 ώς
902 2027 1045 2094 κάτωθεν
1066 2034 1153 2118 ὁρῶν·
1169 2029 1243 2120 πρός
1261 2021 1295 2096 δέ
1318 2029 1440 2106 τούτοις
1464 2031 1502 2095 τό
1527 2029 1582 2120 μέν
1603 2028 1727 2119 ἀνάγειν
1752 2025 1808 2102 τάς

261 2137 488 2213 ἀπολειπούσας
512 2134 612 2227 ψυχάς
637 2139 691 2203 τόν
716 2137 843 2227 οὐρανόν
868 2127 907 2200 δι’
933 2135 1103 2219 ἀσθένειαν,
1119 2140 1292 2230 περίεργον·
1310 2141 1344 2203 ού
1365 2138 1425 2229 γάρ
1450 2137 1485 2203 ἀν
1510 2139 1677 2203 ἀπέλειπον
1702 2135 1808 2217 αὐτόν,

261 2249 326 2310 ἐκεῖ
348 2237 521 2334 δυνάμεναι
544 2245 655 2336 μένειν·
675 2246 713 2311 τό
730 2237 764 2310 δέ
779 2244 836 2321 τάς
854 2246 916 2309 ἀπό
932 2255 994 2310 τῶν
1011 2247 1070 2312 ὑπό
1086 2257 1145 2336 γῆς
1161 2249 1298 2325 ἡκούσας
1315 2239 1553 2338 δικαιωτηρίων,
1575 2240 1728 2310 ἀδύνατον
1750 2245 1809 2332 πρό

209 2375 234 2412 ιε
261 2353 411 2443 γενέσεως
435 2353 532 2428 αίιτάς
556 2357 587 2418 ἐν
612 2356 729 2441 ούρανῷ
753 2353 905 2444 γίνεσθαι,
931 2355 1020 2443 μόλις
1044 2355 1161 2421 ἐκεῖθεν
1185 2354 1399 2432 ἀπολυθείσας·
1425 2355 1545 2420 τούτων
1571 2345 1603 2419 δὲ
1626 2352 1808 2443 ἀμφοτέρων

261 2454 499 2550 ἐκύεύλημένων
516 2462 569 2526 καί
583 2461 642 2526 ὑπό
659 2462 796 2534 σελήνην
812 2474 871 2538 τῆς
887 2466 1011 2553 πορείας
1027 2467 1131 2548 οὔσης,
1148 2464 1277 2530 κάλλιον
1294 2465 1381 2555 λέγει
1398 2463 1491 2549 βάθος
1507 2459 1584 2528 εἶναι
1600 2473 1655 2527 τοῦ
1680 2459 1807 2550 αἰθέρος,

262 2574 321 2661 ούχ
344 2571 423 2634 ὅσων
448 2561 549 2635 δοκεῖν
572 2581 638 2647 τοῖς
660 2573 801 2647 πολλοῖς,
826 2573 898 2636 ἀλλ’
923 2572 1020 2648 ὅντως
1044 2572 1211 2638 άπλεστον·
1236 2579 1277 2649 ώς

262 2789 286 2854 f.
311 2790 374 2854 130
399 2810 440 2869 v.‚
459 2789 572 2854 eadem
586 2789 720 2854 lacuna:
748 2791 845 2856 ...ἐν
870 2781 1010 2854 Φαίδωνι
1028 2788 1189 2878 μῦθος...
1214 2788 1256 2856 τά
1280 2788 1361 2854 αὑτά
1379 2781 1480 2863 δήπου
1497 2787 1550 2853 καί
1564 2841 1572 2856 .
1586 2841 1616 2856 ..
1640 2785 1695 2851 τόν
1719 2780 1812 2848 συνά-

261 2918 386 2959 πτοντα
408 2904 453 2978 τῷ
478 2899 595 2986 οὐρανῷ
610 2949 616 2963 .
632 2949 661 2963 ..
684 2895 782 2962 πολύν
808 2892 886 2963 εἶναι
915 2889 1121 2988 διαφερόντως
1152 2899 1339 2987 ὑπείληφεν,
1363 2898 1417 2962 καί
1441 2889 1493 2962 διά
1520 2895 1634 2961 τούτου
1656 2891 1813 2959 ποιεῖσθαι

210 3033 237 3072 ιο
264 3002 323 3075 τήν
346 3007 473 3095 πορείαν
497 3004 554 3083 τάς
578 3001 690 3095 ψυχάς,
707 3007 761 3082 ἕως
779 3005 814 3071 ἀν
833 3008 879 3072 ἐπ’
897 3007 991 3098 ἀκρον
1009 3009 1103 3072 αὐτόν
1120 3007 1372 3092 καταντήσωσιν,
1389 3004 1457 3072 όθεν
1474 3004 1534 3077 τήν
1559 3003 1658 3094 ἀρχὴν
1683 2999 1814 3090 όψονται

264 3121 320 3176 τοῦ
337 3111 448 3201 φωτός·
466 3113 522 3176 καί
535 3114 572 3177 τό
590 3114 644 3202 μέν
662 3115 841 3180 κατωτάτω
859 3115 947 3205 μέρος
965 3121 1060 3180 αὑτοῦ
1076 3119 1215 3205 λειμῶνα
1227 3126 1341 3205 χρῆναι
1356 3118 1463 3179 καλεῖν
1480 3119 1521 3190 ὡς
1538 3111 1638 3203 ἀρχήν
1655 3111 1811 3203 γενέσεως·

265 3219 303 3284 τό
328 3210 362 3285 δέ
386 3219 478 3308 μέσον
503 3221 616 3285 τούτου
641 3221 677 3286 τέ
694 3222 746 3286 καί
763 3231 820 3297 τῆς
837 3225 931 3311 ἀκρᾶς
948 3213 1066 3310 ἁψῖδος,
1086 3221 1178 3306 βάθος
1195 3221 1301 3311 ψυχῶν
1319 3224 1400 3286 όλον·
1421 3212 1634 3310 όπισθούαρῶν
1659 3209 1692 3284 δὲ
1715 3220 1813 3281 οὐσῶν

267 3319 320 3392 διά
343 3327 385 3393 τά
409 3329 572 3418 ὀχήματα,
598 3329 640 3419 μὴ
666 3331 743 3393 ὄντα
768 3328 889 3419 καθαρά
912 3339 970 3406 τῆς
994 3329 1164 3419 βαρυτέρας
1188 3331 1241 3394 καί
1264 3331 1388 3419 ἐνίκμου
1415 3329 1541 3418 φύσεως,
1564 3327 1652 3416 μόλις
1676 3323 1814 3415 γίνεσθαι

267 3433 327 3506 τήν
344 3439 386 3510 εἰς
403 3436 440 3499 τό
457 3435 519 3500 ἄνω
536 3435 642 3524 φοράν
661 3437 710 3500 ὅτι
725 3437 784 3526 γάρ
801 3441 842 3512 εἰς
860 3437 897 3501 τό
915 3436 978 3502 άνω
995 3429 1040 3502 δεῖ
1052 3447 1130 3501 νοεῖν
1145 3436 1202 3508 τήν
1217 3439 1350 3520 κίνησιν,
1364 3427 1472 3509 δῆλον.
1487 3440 1531 3500 Ού
1543 3434 1603 3526 γάρ
1618 3433 1653 3500 ἀν
1667 3433 1813 3526 ἐλέγοντο

213 3569 240 3606 ιε
267 3543 305 3606 τό
330 3551 391 3631 φῶς
415 3546 487 3632 ὁρᾶν
511 3552 645 3631 πρῶτον,
670 3544 780 3606 ἔπειτα
804 3542 863 3613 τήν
889 3543 989 3632 ἀρχὴν
1013 3543 1127 3607 τούτου
1151 3553 1206 3607 τοῦ
1231 3543 1341 3632 φωτός·
1367 3547 1401 3606 ού
1421 3541 1482 3632 γάρ
1505 3541 1593 3624 κοίτῳ
1617 3539 1677 3614 τήν
1702 3539 1812 3630 ἀρχήν,

269 3652 336 3714 ἀλλ’
365 3649 428 3715 ἄνω
451 3649 576 3727 πάντως
599 3649 722 3715 τίθεται
741 3660 796 3715 τοῦ
815 3651 928 3740 φωτός,
945 3650 1077 3740 ἄρχεται
1093 3649 1153 3741 γάρ
1171 3651 1297 3728 ἀνωθεν,
1324 3655 1395 3714 ἀλλ’
1413 3653 1447 3714 ού
1472 3647 1621 3733 κάθωθεν,
1644 3651 1728 3737 εἰπερ
1752 3657 1814 3737 φῶς

268 3759 362 3835 ἐστίν,
387 3759 440 3822 καί
464 3750 568 3823 συνδεῖ
582 3769 628 3842 τῷ
646 3762 763 3849 ούρανῷ
780 3758 839 3830 τὴν
857 3769 927 3848 γῆν·
945 3749 1014 3823 οὐδὲ
1031 3760 1109 3834 ὅλως
1125 3758 1216 3823 ἐστίν’
1228 3761 1289 3824 ἀπὸ
1305 3769 1364 3850 γῆς
1381 3763 1421 3835 εἰς
1446 3759 1571 3847 οὐρανόν
1597 3747 1715 3828 διήκειν
1740 3765 1812 3845 φῶς,

270 3865 339 3930 ἀλλ’
364 3859 397 3944 ἐξ
421 3869 547 3954 ούρανοῦ
573 3871 613 3940 εἰς
638 3877 708 3956 γῆν·
734 3871 760 3930 εἰ
783 3860 834 3930 σύν
851 3865 904 3929 καί
921 3865 971 3929 ἐπί
987 3865 1024 3929 τό
1042 3864 1169 3941 ἄναντες
1186 3871 1205 3936 ή
1223 3868 1332 3955 πορεία
1356 3865 1410 3929 καί
1435 3865 1526 3956 μέχρι
1549 3875 1607 3940 τῆς
1630 3865 1815 3954 ὑπουρανίοις

270 3962 388 4060 ἁψῖδος,
411 3972 465 4035 καί
488 3971 550 4035 ἀπό
573 3983 628 4037 τοῦ
652 3977 812 4062 λειμῶνος,
837 3966 926 4050 ούτος
944 3964 977 4038 δέ
993 3969 1030 4048 ἧν
1048 3977 1063 4037 ὁ
1081 3964 1170 4050 δίκης
1187 3973 1293 4050 τόπος,
1317 3969 1405 4050 οὗτος
1430 3965 1463 4038 δὲ
1487 3979 1502 4037 ό
1528 3972 1629 4062 αἰθήρ,
1654 3962 1750 4046 δῆλον
1775 3975 1815 4046 ὡς

215 4105 242 4142 ιο
269 4073 302 4158 ἐξ
319 4079 460 4167 ἀνάγκης
483 4081 513 4144 ἐν
538 4088 584 4163 τῷ
608 4079 704 4170 αἰθέρι
725 4089 828 4145 πᾶσαν
851 4075 928 4145 είναι
946 4079 1007 4152 τὴν
1023 4082 1147 4170 πορείαν
1166 4084 1347 4171 ἀναγκαῖον·
1365 4080 1419 4146 καί
1436 4083 1484 4146 ἐπ’
1501 4079 1625 4169 ἐσχάτῳ
1651 4077 1705 4168 μέν
1731 4083 1817 4161 αύτῷ

270 4186 330 4260 τήν
354 4194 416 4250 τῶν
440 4186 522 4252 ἑπτά
547 4178 709 4278 διατριβὴν
725 4193 861 4278 ἡμερῶν·
880 4193 911 4254 ἐν
929 4178 962 4254 δὲ
977 4198 1023 4272 τῷ
1049 4187 1147 4274 βάθει,
1163 4188 1224 4262 τὴν
1242 4180 1294 4254 διά
1313 4199 1375 4254 τῶν
1400 4188 1558 4279 τεσσάρων
1582 4179 1742 4252 ἀνάβασιν·
1767 4186 1819 4252 ἐπί

271 4287 305 4360 δέ
327 4303 373 4380 τῷ
396 4292 598 4384 ὑψηλοτάτῳ,
624 4295 682 4369 τήν
707 4287 758 4362 διά
784 4299 854 4386 μίας
879 4295 1083 4387 μετάστασιν·
1108 4298 1162 4362 καί
1186 4298 1309 4388 εἴρηται
1332 4295 1369 4364 τό
1394 4298 1492 4360 αἴτιον

271 4515 295 4581 f.
314 4516 388 4596 131,
405 4514 440 4580 in
455 4513 572 4580 lacuna
589 4515 608 4580 5
626 4535 727 4582 σεται
753 4523 863 4582 ...τοῦ
881 4513 1020 4603 οὐρανίου
1038 4513 1192 4600 φωτός...
1216 4513 1275 4602 πρό
1297 4512 1417 4579 τούτων
1434 4514 1705 4603 ὑπεμνήοομεν...
1722 4503 1820 4580 δέδει-

271 4639 356 4683 κται·
380 4618 502 4696 τούτοις
527 4610 561 4685 δὲ
583 4618 784 4708 ἑπομένως..
801 4643 856 4695 ,ας
881 4609 1070 4706 ἀποδίδομεν
1094 4629 1150 4684 τοιῖ
1172 4619 1312 4697 πλήθους
1329 4631 1391 4687 τῶν
1415 4627 1549 4711 ήμεφῶν·
1574 4619 1655 4686 ἑπτά
1679 4621 1734 4712 μέν
1758 4619 1817 4714 γάρ

218 4745 245 4786 ιι
271 4725 390 4815 ἡμέρας
413 4729 444 4792 ἐν
468 4736 513 4810 τῷ
537 4731 665 4815 λειμῶνι
689 4726 848 4817 γεγόνασι,
872 4718 1038 4817 ἐπειδήπερ
1063 4733 1097 4791 αἱ
1119 4738 1177 4804 τῆς
1202 4729 1335 4807 σελήνης
1360 4727 1478 4819 φάσεις,
1497 4740 1556 4806 τῆς
1579 4739 1739 4819 προσεχῶς
1762 4729 1818 4792 τόν

273 4831 379 4924 αἰθέρα
403 4832 616 4924 περιεχούσης,
639 4833 725 4898 κατά
747 4835 802 4898 τόν
820 4833 949 4925 ἀριθμόν
965 4829 1218 4914 ἐξαλλάττονται
1234 4847 1356 4901 τοῦτον·
1374 4843 1414 4913 ὡς
1432 4832 1483 4902 οὖν
1507 4848 1647 4926 φυσικαῖς
1672 4829 1821 4926 δυνάμεσι

272 4941 314 5007 τά
336 4941 443 5008 πάντα
466 4953 611 5024 κινοῦσιν,
636 4944 717 5007 οὕτω
741 4934 779 5015 δή
806 4943 860 5007 καί
883 4954 952 5020 ταῖς
976 4945 1117 5018 κινήσεσι
1133 4955 1196 5009 τῶν
1212 4949 1243 5010 ἐν
1260 4953 1305 5028 τῷ
1323 4943 1419 5036 αἰθέρι
1439 4942 1556 5034 ψυχῶν,
1573 4945 1674 5035 ἀρχήν
1699 4934 1822 5009 διδόασι

272 5059 331 5124 τῆς
347 5048 462 5114 ἐκεῖθεν
480 5049 756 5138 μεταναστάσεως·
773 5050 942 5140 καιροφυής
958 5050 1018 5141 γάρ
1036 5051 1163 5143 ἀριθμός
1181 5049 1279 5130 ούτος,
1293 5059 1332 5130 ώς
1349 5053 1403 5117 καί
1419 5061 1447 5117 οἱ
1462 5053 1651 5144 Πυθαγόριοι
1665 5055 1820 5142 λέγουσιν,

273 5158 327 5222 καί
350 5159 382 5224 ἐν
406 5169 471 5231 τοῖς
494 5149 573 5241 τῇδε
589 5151 680 5234 ζώοις
697 5159 751 5221 καί
767 5169 836 5234 ταῖς
853 5161 989 5234 ἡλικίαις
1013 5159 1093 5224 πολὺ
1114 5161 1151 5224 τό
1170 5159 1283 5248 κράτος
1307 5151 1563 5248 ἐπιδεικνύμενος.
1588 5165 1623 5223 Εἰ
1647 5154 1699 5224 οὖν
1724 5160 1819 5232 καίη

219 5287 246 5322 ιο
275 5266 390 5338 σελήνη
417 5263 501 5329 κατά
524 5264 584 5336 την
608 5255 771 5354 ἐύδομάδα
795 5265 866 5342 τούς
891 5259 1022 5357 δρόμους
1044 5261 1242 5350 ἐξαλλάττει,
1266 5267 1321 5332 καί
1343 5267 1385 5332 τά
1408 5269 1563 5358 σχήματα
1579 5269 1633 5332 καί
1656 5267 1697 5332 τά
1721 5266 1823 5338 θνητά

274 5367 341 5454 ζῶα
364 5370 447 5436 κατά
470 5381 581 5437 τοῦτον
605 5375 804 5440 ποικιλλεται
826 5375 880 5440 τόν
906 5373 1047 5465 ἀριθμόν,
1071 5366 1158 5441 οἰδὲν
1183 5375 1364 5464 θαυμαστόν
1389 5377 1442 5440 καί
1464 5386 1521 5453 τοίς
1546 5375 1682 5466 αἰθερίας
1705 5380 1822 5450 ἐκείνοις
