<?xml version="1.0" encoding="UTF-8"?>
<!DOCTYPE html PUBLIC "-//W3C//DTD XHTML 1.0 Transitional//EN"
    "http://www.w3.org/TR/xhtml1/DTD/xhtml1-transitional.dtd">
<html xmlns="http://www.w3.org/1999/xhtml" xml:lang="en" lang="en">
 <head>
  <title>
</title>
<meta http-equiv="Content-Type" content="text/html;charset=utf-8" />
  <meta name='ocr-system' content='tesseract 3.04.00' />
  <meta name='ocr-capabilities' content='ocr_page ocr_carea ocr_par ocr_line ocrx_word'/>
</head>
<body>
  <div class='ocr_page' id='page_1' title='image "./analectasacrasp02pitrgoog_0568.png"; bbox 0 0 3940 6072; ppageno 0'>
   <div class='ocr_carea' id='block_1_1' title="bbox 489 893 1344 1014">
    <p class='ocr_par' dir='ltr' id='par_1_1' title="bbox 489 893 1344 1014">
     <span class='ocr_line' id='line_1_1' title="bbox 489 893 1344 1014; baseline 0 -2"><span class='ocrx_word' id='word_1_1' title='bbox 489 909 917 1012; x_wconf 81' lang='lat' dir='ltr'>ARISTIDES</span> <span class='ocrx_word' id='word_1_2' title='bbox 960 907 1299 1014; x_wconf 81' lang='lat' dir='ltr'><strong>ORATOR.</strong></span> <span class='ocrx_word' id='word_1_3' title='bbox 1343 893 1344 898; x_wconf 9' lang='grc' dir='ltr'>ί</span> 
     </span>
    </p>
   </div>
   <div class='ocr_carea' id='block_1_2' title="bbox 550 1543 1252 1750">
    <p class='ocr_par' dir='ltr' id='par_1_2' title="bbox 550 1543 1252 1750">
     <span class='ocr_line' id='line_1_2' title="bbox 550 1543 1252 1646; baseline 0.004 -25"><span class='ocrx_word' id='word_1_4' title='bbox 550 1543 788 1646; x_wconf 70' lang='grc' dir='ltr'>Ἀριστείδου</span> <span class='ocrx_word' id='word_1_5' title='bbox 818 1554 996 1646; x_wconf 87' lang='grc' dir='ltr'>ἐκφρασις</span> <span class='ocrx_word' id='word_1_6' title='bbox 1028 1560 1080 1632; x_wconf 88' lang='grc' dir='ltr'>είς</span> <span class='ocrx_word' id='word_1_7' title='bbox 1110 1555 1197 1623; x_wconf 84' lang='grc' dir='ltr'>Νέον</span> <span class='ocrx_word' id='word_1_8' title='bbox 1218 1554 1252 1642; x_wconf 90' lang='lat'>¹).</span> 
     </span>
     <span class='ocr_line' id='line_1_3' title="bbox 700 1665 1090 1750; baseline 0.005 -18"><span class='ocrx_word' id='word_1_9' title='bbox 700 1665 889 1733; x_wconf 73' lang='lat' dir='ltr'>Juventuais</span> <span class='ocrx_word' id='word_1_10' title='bbox 909 1667 1090 1750; x_wconf 70' lang='lat' dir='ltr'><strong>descriptio.</strong></span> 
     </span>
    </p>
   </div>
   <div class='ocr_carea' id='block_1_3' title="bbox 120 1870 1766 4139">
    <p class='ocr_par' dir='ltr' id='par_1_3' title="bbox 120 1870 1766 4139">
     <span class='ocr_line' id='line_1_4' title="bbox 165 1870 1674 1974; baseline 0.003 -30"><span class='ocrx_word' id='word_1_11' title='bbox 165 1881 210 1945; x_wconf 80' lang='grc' dir='ltr'>Τό</span> <span class='ocrx_word' id='word_1_12' title='bbox 234 1879 290 1970; x_wconf 88' lang='grc' dir='ltr'>μέν</span> <span class='ocrx_word' id='word_1_13' title='bbox 313 1903 351 1973; x_wconf 84' lang='grc' dir='ltr'>γε</span> <span class='ocrx_word' id='word_1_14' title='bbox 374 1889 433 1956; x_wconf 82' lang='grc' dir='ltr'>τῆς</span> <span class='ocrx_word' id='word_1_15' title='bbox 456 1875 558 1970; x_wconf 77' lang='grc' dir='ltr'>ψυχῆς</span> <span class='ocrx_word' id='word_1_16' title='bbox 581 1888 680 1971; x_wconf 81' lang='grc' dir='ltr'>πρᾶον</span> <span class='ocrx_word' id='word_1_17' title='bbox 704 1877 812 1969; x_wconf 78' lang='grc' dir='ltr'>φθάνει</span> <span class='ocrx_word' id='word_1_18' title='bbox 834 1878 894 1952; x_wconf 81' lang='grc' dir='ltr'>τήν</span> <span class='ocrx_word' id='word_1_19' title='bbox 919 1879 1024 1970; x_wconf 82' lang='grc' dir='ltr'>ἀκμήν</span> <span class='ocrx_word' id='word_1_20' title='bbox 1049 1891 1107 1958; x_wconf 77' lang='grc' dir='ltr'>τῆς</span> <span class='ocrx_word' id='word_1_21' title='bbox 1125 1882 1261 1965; x_wconf 87' lang='grc' dir='ltr'>ήλικίας,</span> <span class='ocrx_word' id='word_1_22' title='bbox 1279 1870 1411 1947; x_wconf 92' lang='grc' dir='ltr'>σπεῦδον</span> <span class='ocrx_word' id='word_1_23' title='bbox 1434 1885 1476 1958; x_wconf 85' lang='grc' dir='ltr'>εἰς</span> <span class='ocrx_word' id='word_1_24' title='bbox 1500 1882 1538 1948; x_wconf 77' lang='grc' dir='ltr'>τὸ</span> <span class='ocrx_word' id='word_1_25' title='bbox 1562 1893 1674 1974; x_wconf 77' lang='grc' dir='ltr'>γῆρας,</span> 
     </span>
     <span class='ocr_line' id='line_1_5' title="bbox 120 1987 1673 2083; baseline 0 -28"><span class='ocrx_word' id='word_1_26' title='bbox 120 1991 156 2055; x_wconf 82' lang='grc' dir='ltr'>οὐ</span> <span class='ocrx_word' id='word_1_27' title='bbox 182 1987 244 2079; x_wconf 75' lang='grc' dir='ltr'>μὴν</span> <span class='ocrx_word' id='word_1_28' title='bbox 268 1999 445 2077; x_wconf 85' lang='grc' dir='ltr'>κεκμηκυῖα</span> <span class='ocrx_word' id='word_1_29' title='bbox 460 1988 640 2080; x_wconf 79' lang='grc' dir='ltr'>προσέοικεν</span> <span class='ocrx_word' id='word_1_30' title='bbox 664 1994 684 2062; x_wconf 83' lang='grc' dir='ltr'>ή</span> <span class='ocrx_word' id='word_1_31' title='bbox 709 1988 862 2079; x_wconf 76' lang='grc' dir='ltr'><strong>πραότης,</strong></span> <span class='ocrx_word' id='word_1_32' title='bbox 887 1991 954 2054; x_wconf 83' lang='grc' dir='ltr'>οἵαν</span> <span class='ocrx_word' id='word_1_33' title='bbox 979 1989 1200 2081; x_wconf 87' lang='grc' dir='ltr'>ἑνειργάσαντο</span> <span class='ocrx_word' id='word_1_34' title='bbox 1216 1994 1345 2066; x_wconf 90' lang='grc' dir='ltr'>πολλοῖς</span> <span class='ocrx_word' id='word_1_35' title='bbox 1369 1995 1401 2054; x_wconf 82' lang='grc' dir='ltr'>αἱ</span> <span class='ocrx_word' id='word_1_36' title='bbox 1420 1988 1503 2083; x_wconf 89' lang='grc' dir='ltr'>κατά</span> <span class='ocrx_word' id='word_1_37' title='bbox 1527 1991 1582 2057; x_wconf 79' lang='grc' dir='ltr'>τ“ον</span> <span class='ocrx_word' id='word_1_38' title='bbox 1608 1992 1673 2076; x_wconf 85' lang='grc' dir='ltr'>βίον</span> 
     </span>
     <span class='ocr_line' id='line_1_6' title="bbox 122 2088 1672 2189; baseline 0.002 -28"><span class='ocrx_word' id='word_1_39' title='bbox 122 2097 269 2188; x_wconf 87' lang='grc' dir='ltr'>ἀνάγκαι·</span> <span class='ocrx_word' id='word_1_40' title='bbox 286 2089 407 2170; x_wconf 75' lang='grc' dir='ltr'>συνηόά</span> <span class='ocrx_word' id='word_1_41' title='bbox 427 2088 461 2162; x_wconf 86' lang='grc' dir='ltr'>δέ</span> <span class='ocrx_word' id='word_1_42' title='bbox 485 2095 722 2187; x_wconf 88' lang='grc' dir='ltr'>ἀνακεκραμένη</span> <span class='ocrx_word' id='word_1_43' title='bbox 741 2096 920 2187; x_wconf 77' lang='grc' dir='ltr'>φρονήματι</span> <span class='ocrx_word' id='word_1_44' title='bbox 935 2100 1095 2188; x_wconf 77' lang='grc' dir='ltr'>πρέποντι,</span> <span class='ocrx_word' id='word_1_45' title='bbox 1114 2095 1264 2189; x_wconf 85' lang='grc' dir='ltr'>θεωρείτω</span> <span class='ocrx_word' id='word_1_46' title='bbox 1281 2090 1310 2163; x_wconf 86' lang='grc' dir='ltr'>δ’</span> <span class='ocrx_word' id='word_1_47' title='bbox 1328 2099 1389 2163; x_wconf 80' lang='grc' dir='ltr'>ἀπό</span> <span class='ocrx_word' id='word_1_48' title='bbox 1406 2107 1463 2174; x_wconf 83' lang='grc' dir='ltr'>τῆς</span> <span class='ocrx_word' id='word_1_49' title='bbox 1489 2099 1586 2184; x_wconf 78' lang='grc' dir='ltr'>βολῆς</span> <span class='ocrx_word' id='word_1_50' title='bbox 1609 2108 1672 2164; x_wconf 87' lang='grc' dir='ltr'>τῶν</span> 
     </span>
     <span class='ocr_line' id='line_1_7' title="bbox 121 2202 1673 2296; baseline 0.001 -25"><span class='ocrx_word' id='word_1_51' title='bbox 121 2205 285 2296; x_wconf 77' lang='grc' dir='ltr'>ἀμμάτων,</span> <span class='ocrx_word' id='word_1_52' title='bbox 309 2207 339 2270; x_wconf 89' lang='grc' dir='ltr'>εί</span> <span class='ocrx_word' id='word_1_53' title='bbox 358 2229 406 2282; x_wconf 87' lang='grc' dir='ltr'>τις</span> <span class='ocrx_word' id='word_1_54' title='bbox 430 2206 658 2272; x_wconf 77' lang='grc' dir='ltr'>ἀπολέλειπται</span> <span class='ocrx_word' id='word_1_55' title='bbox 689 2215 745 2271; x_wconf 90' lang='grc' dir='ltr'>τοῦ</span> <span class='ocrx_word' id='word_1_56' title='bbox 773 2202 883 2288; x_wconf 80' lang='grc' dir='ltr'>μαθεῖν</span> <span class='ocrx_word' id='word_1_57' title='bbox 907 2205 987 2294; x_wconf 84' lang='grc' dir='ltr'>ἔργῳ</span> <span class='ocrx_word' id='word_1_58' title='bbox 1011 2205 1049 2269; x_wconf 83' lang='grc' dir='ltr'>τό</span> <span class='ocrx_word' id='word_1_59' title='bbox 1072 2205 1253 2296; x_wconf 90' lang='grc' dir='ltr'>λεγόμενον·</span> <span class='ocrx_word' id='word_1_60' title='bbox 1279 2207 1352 2272; x_wconf 80' lang='grc' dir='ltr'>οὔτε</span> <span class='ocrx_word' id='word_1_61' title='bbox 1376 2204 1436 2296; x_wconf 84' lang='grc' dir='ltr'>γάρ</span> <span class='ocrx_word' id='word_1_62' title='bbox 1459 2210 1673 2272; x_wconf 81' lang='grc' dir='ltr'>ἐπαναστᾶσιν</span> 
     </span>
     <span class='ocr_line' id='line_1_8' title="bbox 122 2307 1671 2406; baseline 0.001 -27"><span class='ocrx_word' id='word_1_63' title='bbox 122 2319 251 2399; x_wconf 81' lang='grc' dir='ltr'>ἀτενεῖς,</span> <span class='ocrx_word' id='word_1_64' title='bbox 268 2313 332 2379; x_wconf 70' lang='grc' dir='ltr'>οόθ*</span> <span class='ocrx_word' id='word_1_65' title='bbox 348 2307 473 2389; x_wconf 81' lang='grc' dir='ltr'>ὑπνωδῆ</span> <span class='ocrx_word' id='word_1_66' title='bbox 491 2339 553 2380; x_wconf 89' lang='grc' dir='ltr'>τινι</span> <span class='ocrx_word' id='word_1_67' title='bbox 569 2312 797 2405; x_wconf 70' lang='grc' dir='ltr'>καθῃρημένοις</span> <span class='ocrx_word' id='word_1_68' title='bbox 815 2314 948 2378; x_wconf 79' lang='grc' dir='ltr'>ἐοίκασιν</span> <span class='ocrx_word' id='word_1_69' title='bbox 966 2314 1025 2379; x_wconf 83' lang='grc' dir='ltr'>ὑπὸ</span> <span class='ocrx_word' id='word_1_70' title='bbox 1043 2314 1283 2390; x_wconf 81' lang='grc' dir='ltr'>ταπεινότητος·</span> <span class='ocrx_word' id='word_1_71' title='bbox 1302 2312 1373 2379; x_wconf 81' lang='grc' dir='ltr'>ἀλλ’</span> <span class='ocrx_word' id='word_1_72' title='bbox 1391 2320 1496 2406; x_wconf 77' lang='grc' dir='ltr'>ήουχῇ</span> <span class='ocrx_word' id='word_1_73' title='bbox 1515 2315 1671 2405; x_wconf 84' lang='grc' dir='ltr'>σεμνότης</span> 
     </span>
     <span class='ocr_line' id='line_1_9' title="bbox 121 2411 1671 2513; baseline 0.001 -26"><span class='ocrx_word' id='word_1_74' title='bbox 121 2423 236 2513; x_wconf 83' lang='grc' dir='ltr'>ἥμερος</span> <span class='ocrx_word' id='word_1_75' title='bbox 260 2411 369 2511; x_wconf 90' lang='grc' dir='ltr'>ἐρείδει</span> <span class='ocrx_word' id='word_1_76' title='bbox 392 2421 430 2487; x_wconf 79' lang='grc' dir='ltr'>τό</span> <span class='ocrx_word' id='word_1_77' title='bbox 454 2420 612 2513; x_wconf 76' lang='grc' dir='ltr'>βάγματ’)</span> <span class='ocrx_word' id='word_1_78' title='bbox 628 2421 718 2512; x_wconf 87' lang='grc' dir='ltr'>χάρις</span> <span class='ocrx_word' id='word_1_79' title='bbox 735 2422 875 2495; x_wconf 81' lang='grc' dir='ltr'>τοίνυνή</span> <span class='ocrx_word' id='word_1_80' title='bbox 900 2420 1007 2487; x_wconf 86' lang='grc' dir='ltr'>παισίν</span> <span class='ocrx_word' id='word_1_81' title='bbox 1031 2426 1067 2486; x_wconf 90' lang='grc' dir='ltr'>ἐκ</span> <span class='ocrx_word' id='word_1_82' title='bbox 1090 2418 1166 2488; x_wconf 90' lang='grc' dir='ltr'>θεῶν</span> <span class='ocrx_word' id='word_1_83' title='bbox 1191 2413 1287 2512; x_wconf 86' lang='grc' dir='ltr'>δῶρον</span> <span class='ocrx_word' id='word_1_84' title='bbox 1307 2421 1506 2513; x_wconf 86' lang='grc' dir='ltr'>προτεθεῖσα,</span> <span class='ocrx_word' id='word_1_85' title='bbox 1530 2421 1671 2513; x_wconf 88' lang='grc' dir='ltr'>καθάπερ</span> 
     </span>
     <span class='ocr_line' id='line_1_10' title="bbox 123 2521 1675 2622; baseline 0 -26"><span class='ocrx_word' id='word_1_86' title='bbox 123 2534 158 2596; x_wconf 84' lang='grc' dir='ltr'>ἐκ</span> <span class='ocrx_word' id='word_1_87' title='bbox 182 2554 266 2607; x_wconf 89' lang='grc' dir='ltr'>τινος</span> <span class='ocrx_word' id='word_1_88' title='bbox 289 2533 470 2622; x_wconf 83' lang='grc' dir='ltr'>ὁμολογίας,</span> <span class='ocrx_word' id='word_1_89' title='bbox 494 2533 562 2596; x_wconf 83' lang='grc' dir='ltr'>οὔτι</span> <span class='ocrx_word' id='word_1_90' title='bbox 586 2554 645 2596; x_wconf 90' lang='grc' dir='ltr'>που</span> <span class='ocrx_word' id='word_1_91' title='bbox 670 2527 773 2621; x_wconf 80' lang='grc' dir='ltr'>γυμνή</span> <span class='ocrx_word' id='word_1_92' title='bbox 798 2531 884 2594; x_wconf 84' lang='grc' dir='ltr'>κατά</span> <span class='ocrx_word' id='word_1_93' title='bbox 906 2527 979 2606; x_wconf 83' lang='grc' dir='ltr'>τοὺς</span> <span class='ocrx_word' id='word_1_94' title='bbox 1007 2524 1197 2620; x_wconf 81' lang='grc' dir='ltr'>ζωγράφους,</span> <span class='ocrx_word' id='word_1_95' title='bbox 1222 2529 1292 2595; x_wconf 86' lang='grc' dir='ltr'>ἀλλ’</span> <span class='ocrx_word' id='word_1_96' title='bbox 1319 2521 1396 2596; x_wconf 89' lang='grc' dir='ltr'>αίδῶ</span> <span class='ocrx_word' id='word_1_97' title='bbox 1420 2529 1543 2604; x_wconf 81' lang='grc' dir='ltr'>πολλὴν</span> <span class='ocrx_word' id='word_1_98' title='bbox 1567 2535 1675 2622; x_wconf 89' lang='grc' dir='ltr'>ἐπαμ-</span> 
     </span>
     <span class='ocr_line' id='line_1_11' title="bbox 126 2627 1674 2731; baseline 0.001 -30"><span class='ocrx_word' id='word_1_99' title='bbox 126 2639 301 2729; x_wconf 86' lang='grc' dir='ltr'>φιασαμένη</span> <span class='ocrx_word' id='word_1_100' title='bbox 329 2649 394 2716; x_wconf 85' lang='grc' dir='ltr'>τοῖς</span> <span class='ocrx_word' id='word_1_101' title='bbox 419 2639 525 2730; x_wconf 81' lang='grc' dir='ltr'>μέρεσι</span> <span class='ocrx_word' id='word_1_102' title='bbox 547 2647 641 2704; x_wconf 80' lang='grc' dir='ltr'>πᾶσιν</span> <span class='ocrx_word' id='word_1_103' title='bbox 665 2638 844 2710; x_wconf 85' lang='grc' dir='ltr'>ἐντέτηκεν.</span> <span class='ocrx_word' id='word_1_104' title='bbox 869 2642 986 2704; x_wconf 87' lang='grc' dir='ltr'>Οὺκοῦν</span> <span class='ocrx_word' id='word_1_105' title='bbox 1010 2640 1075 2704; x_wconf 81' lang='grc' dir='ltr'>οὔτ’</span> <span class='ocrx_word' id='word_1_106' title='bbox 1101 2627 1274 2727; x_wconf 81' lang='grc' dir='ltr'>ἐμειδίασεν</span> <span class='ocrx_word' id='word_1_107' title='bbox 1299 2639 1394 2716; x_wconf 85' lang='grc' dir='ltr'>ἀλλος</span> <span class='ocrx_word' id='word_1_108' title='bbox 1423 2639 1476 2705; x_wconf 87' lang='grc' dir='ltr'>σὺν</span> <span class='ocrx_word' id='word_1_109' title='bbox 1505 2631 1674 2731; x_wconf 82' lang='grc' dir='ltr'>Ἀφροδίτῃ</span> 
     </span>
     <span class='ocr_line' id='line_1_12' title="bbox 123 2736 1676 2838; baseline 0.001 -27"><span class='ocrx_word' id='word_1_110' title='bbox 123 2746 278 2834; x_wconf 80' lang='grc' dir='ltr'>τοσαύτῃ,</span> <span class='ocrx_word' id='word_1_111' title='bbox 301 2749 373 2812; x_wconf 84' lang='grc' dir='ltr'>οὔτε</span> <span class='ocrx_word' id='word_1_112' title='bbox 399 2746 462 2838; x_wconf 84' lang='grc' dir='ltr'>μήν</span> <span class='ocrx_word' id='word_1_113' title='bbox 486 2747 618 2822; x_wconf 85' lang='grc' dir='ltr'>έστησεν</span> <span class='ocrx_word' id='word_1_114' title='bbox 642 2745 818 2837; x_wconf 76' lang='grc' dir='ltr'>ἐρυθήματι</span> <span class='ocrx_word' id='word_1_115' title='bbox 842 2746 1019 2836; x_wconf 80' lang='grc' dir='ltr'>κινούμενον</span> <span class='ocrx_word' id='word_1_116' title='bbox 1037 2736 1099 2820; x_wconf 87' lang='grc' dir='ltr'>ήδη</span> <span class='ocrx_word' id='word_1_117' title='bbox 1120 2748 1174 2812; x_wconf 79' lang='grc' dir='ltr'>τὸν</span> <span class='ocrx_word' id='word_1_118' title='bbox 1198 2750 1336 2838; x_wconf 88' lang='grc' dir='ltr'>γελῶτα,</span> <span class='ocrx_word' id='word_1_119' title='bbox 1357 2751 1391 2814; x_wconf 82' lang='grc' dir='ltr'>οὐ</span> <span class='ocrx_word' id='word_1_120' title='bbox 1415 2749 1517 2814; x_wconf 90' lang='grc' dir='ltr'>τοίνυν</span> <span class='ocrx_word' id='word_1_121' title='bbox 1543 2751 1615 2815; x_wconf 85' lang='grc' dir='ltr'>οὔτε</span> <span class='ocrx_word' id='word_1_122' title='bbox 1637 2751 1676 2814; x_wconf 84' lang='grc' dir='ltr'>τό</span> 
     </span>
     <span class='ocr_line' id='line_1_13' title="bbox 123 2847 1677 2948; baseline 0 -28"><span class='ocrx_word' id='word_1_123' title='bbox 123 2847 282 2945; x_wconf 84' lang='grc' dir='ltr'>θυμοειδές</span> <span class='ocrx_word' id='word_1_124' title='bbox 306 2857 401 2921; x_wconf 82' lang='grc' dir='ltr'>αὐτόν</span> <span class='ocrx_word' id='word_1_125' title='bbox 434 2857 641 2932; x_wconf 89' lang='grc' dir='ltr'>ἐπιλέλοιπεν,</span> <span class='ocrx_word' id='word_1_126' title='bbox 673 2861 713 2932; x_wconf 88' lang='grc' dir='ltr'>ὡς</span> <span class='ocrx_word' id='word_1_127' title='bbox 744 2855 927 2947; x_wconf 85' lang='grc' dir='ltr'>τεκμαίρετ“</span> <span class='ocrx_word' id='word_1_128' title='bbox 953 2854 989 2920; x_wconf 88' lang='grc' dir='ltr'>ἄν</span> <span class='ocrx_word' id='word_1_129' title='bbox 1014 2880 1062 2930; x_wconf 84' lang='grc' dir='ltr'>τις</span> <span class='ocrx_word' id='word_1_130' title='bbox 1087 2854 1147 2930; x_wconf 82' lang='grc' dir='ltr'>τήν</span> <span class='ocrx_word' id='word_1_131' title='bbox 1171 2865 1235 2921; x_wconf 86' lang='grc' dir='ltr'>τῶν</span> <span class='ocrx_word' id='word_1_132' title='bbox 1259 2857 1390 2947; x_wconf 80' lang='grc' dir='ltr'>ἀρρένων</span> <span class='ocrx_word' id='word_1_133' title='bbox 1414 2856 1521 2948; x_wconf 80' lang='grc' dir='ltr'>φύσιν,</span> <span class='ocrx_word' id='word_1_134' title='bbox 1546 2855 1611 2924; x_wconf 81' lang='grc' dir='ltr'>οὔτ’</span> <span class='ocrx_word' id='word_1_135' title='bbox 1635 2862 1677 2934; x_wconf 88' lang='grc' dir='ltr'>είς</span> 
     </span>
     <span class='ocr_line' id='line_1_14' title="bbox 124 2955 1676 3057; baseline 0.001 -28"><span class='ocrx_word' id='word_1_136' title='bbox 124 2967 235 3056; x_wconf 83' lang='grc' dir='ltr'>ἀγρίαν</span> <span class='ocrx_word' id='word_1_137' title='bbox 260 2967 313 3030; x_wconf 87' lang='grc' dir='ltr'>καί</span> <span class='ocrx_word' id='word_1_138' title='bbox 336 2957 474 3057; x_wconf 85' lang='grc' dir='ltr'>θηριώδη</span> <span class='ocrx_word' id='word_1_139' title='bbox 493 2966 616 3038; x_wconf 79' lang='grc' dir='ltr'>ταύτην</span> <span class='ocrx_word' id='word_1_140' title='bbox 632 2958 845 3056; x_wconf 75' lang='grc' dir='ltr'>ἐρεθιζόμενον</span> <span class='ocrx_word' id='word_1_141' title='bbox 861 2957 1034 3042; x_wconf 79' lang='grc' dir='ltr'>ἐπεξῆκται</span> <span class='ocrx_word' id='word_1_142' title='bbox 1049 2962 1075 3048; x_wconf 81' lang='lat'>³)</span> <span class='ocrx_word' id='word_1_143' title='bbox 1095 2955 1253 3057; x_wconf 87' lang='grc' dir='ltr'>δείγματα</span> <span class='ocrx_word' id='word_1_144' title='bbox 1270 2957 1298 3030; x_wconf 88' lang='grc' dir='ltr'>δ’</span> <span class='ocrx_word' id='word_1_145' title='bbox 1316 2969 1431 3056; x_wconf 80' lang='grc' dir='ltr'>ἀμφοῖν</span> <span class='ocrx_word' id='word_1_146' title='bbox 1447 2965 1569 3032; x_wconf 83' lang='grc' dir='ltr'>τούτων</span> <span class='ocrx_word' id='word_1_147' title='bbox 1587 2965 1676 3031; x_wconf 81' lang='grc' dir='ltr'>αὐτοὶ</span> 
     </span>
     <span class='ocr_line' id='line_1_15' title="bbox 123 3064 1766 3164; baseline -0.001 -26"><span class='ocrx_word' id='word_1_148' title='bbox 123 3074 312 3163; x_wconf 76' lang='grc' dir='ltr'>παρέσχατα</span> <span class='ocrx_word' id='word_1_149' title='bbox 324 3073 362 3156; x_wconf 61' lang='grc'>4),</span> <span class='ocrx_word' id='word_1_150' title='bbox 386 3085 437 3140; x_wconf 91' lang='grc' dir='ltr'>νῦν</span> <span class='ocrx_word' id='word_1_151' title='bbox 455 3074 510 3163; x_wconf 81' lang='grc' dir='ltr'>μὲν</span> <span class='ocrx_word' id='word_1_152' title='bbox 527 3083 573 3158; x_wconf 82' lang='grc' dir='ltr'>τῷ</span> <span class='ocrx_word' id='word_1_153' title='bbox 597 3075 754 3164; x_wconf 85' lang='grc' dir='ltr'>προσώπῳ</span> <span class='ocrx_word' id='word_1_154' title='bbox 771 3073 830 3145; x_wconf 79' lang='grc' dir='ltr'>τήν</span> <span class='ocrx_word' id='word_1_155' title='bbox 848 3076 969 3146; x_wconf 88' lang='grc' dir='ltr'>κίνησιν</span> <span class='ocrx_word' id='word_1_156' title='bbox 994 3083 1052 3149; x_wconf 84' lang='grc' dir='ltr'>τῆς</span> <span class='ocrx_word' id='word_1_157' title='bbox 1069 3069 1170 3164; x_wconf 77' lang='grc' dir='ltr'>ψυχῆς</span> <span class='ocrx_word' id='word_1_158' title='bbox 1187 3064 1335 3150; x_wconf 86' lang='grc' dir='ltr'>ἐπίδηλος</span> <span class='ocrx_word' id='word_1_159' title='bbox 1359 3069 1412 3158; x_wconf 80' lang='grc' dir='ltr'>ὢν,</span> <span class='ocrx_word' id='word_1_160' title='bbox 1429 3084 1481 3139; x_wconf 92' lang='grc' dir='ltr'>νῦν</span> <span class='ocrx_word' id='word_1_161' title='bbox 1498 3065 1533 3139; x_wconf 84' lang='grc' dir='ltr'>δέ</span> <span class='ocrx_word' id='word_1_162' title='bbox 1556 3073 1678 3164; x_wconf 89' lang='grc' dir='ltr'>ἀτρέμα</span> <span class='ocrx_word' id='word_1_163' title='bbox 1764 3143 1766 3146; x_wconf 57' lang='grc'>,</span> 
     </span>
     <span class='ocr_line' id='line_1_16' title="bbox 124 3171 1676 3273; baseline -0.002 -26"><span class='ocrx_word' id='word_1_164' title='bbox 124 3179 238 3247; x_wconf 89' lang='grc' dir='ltr'>πείθων</span> <span class='ocrx_word' id='word_1_165' title='bbox 262 3180 361 3253; x_wconf 82' lang='grc' dir='ltr'>αὑτήν</span> <span class='ocrx_word' id='word_1_166' title='bbox 385 3180 544 3270; x_wconf 79' lang='grc' dir='ltr'>ήσυχάσαι</span> <span class='ocrx_word' id='word_1_167' title='bbox 567 3181 621 3246; x_wconf 87' lang='grc' dir='ltr'>καί</span> <span class='ocrx_word' id='word_1_168' title='bbox 643 3183 789 3273; x_wconf 86' lang='grc' dir='ltr'>γαλήνην</span> <span class='ocrx_word' id='word_1_169' title='bbox 815 3179 913 3257; x_wconf 85' lang='grc' dir='ltr'>ίστάς·</span> <span class='ocrx_word' id='word_1_170' title='bbox 928 3180 1026 3248; x_wconf 86' lang='grc' dir='ltr'>πειθὼ</span> <span class='ocrx_word' id='word_1_171' title='bbox 1044 3171 1077 3246; x_wconf 87' lang='grc' dir='ltr'>δέ</span> <span class='ocrx_word' id='word_1_172' title='bbox 1093 3184 1124 3246; x_wconf 88' lang='grc' dir='ltr'>ἐν</span> <span class='ocrx_word' id='word_1_173' title='bbox 1142 3192 1210 3256; x_wconf 88' lang='grc' dir='ltr'>ταῖς</span> <span class='ocrx_word' id='word_1_174' title='bbox 1228 3175 1376 3257; x_wconf 84' lang='grc' dir='ltr'>σπουδαῖς</span> <span class='ocrx_word' id='word_1_175' title='bbox 1392 3181 1447 3246; x_wconf 88' lang='grc' dir='ltr'>καί</span> <span class='ocrx_word' id='word_1_176' title='bbox 1469 3172 1606 3257; x_wconf 85' lang='grc' dir='ltr'>παιδίαις</span> <span class='ocrx_word' id='word_1_177' title='bbox 1629 3185 1676 3257; x_wconf 88' lang='grc' dir='ltr'>τίς</span> 
     </span>
     <span class='ocr_line' id='line_1_17' title="bbox 127 3281 1676 3380; baseline 0 -27"><span class='ocrx_word' id='word_1_178' title='bbox 127 3289 163 3353; x_wconf 88' lang='grc' dir='ltr'>ἀν</span> <span class='ocrx_word' id='word_1_179' title='bbox 188 3289 250 3354; x_wconf 82' lang='grc' dir='ltr'>ἀπό</span> <span class='ocrx_word' id='word_1_180' title='bbox 274 3299 336 3352; x_wconf 86' lang='grc' dir='ltr'>τῶν</span> <span class='ocrx_word' id='word_1_181' title='bbox 361 3288 475 3355; x_wconf 88' lang='grc' dir='ltr'>τοότου</span> <span class='ocrx_word' id='word_1_182' title='bbox 499 3293 613 3380; x_wconf 78' lang='grc' dir='ltr'>χειλῶν</span> <span class='ocrx_word' id='word_1_183' title='bbox 638 3289 854 3366; x_wconf 88' lang='grc' dir='ltr'>ἀναστήσειεν,</span> <span class='ocrx_word' id='word_1_184' title='bbox 885 3291 920 3354; x_wconf 85' lang='grc' dir='ltr'>οὐ</span> <span class='ocrx_word' id='word_1_185' title='bbox 944 3281 1158 3379; x_wconf 76' lang='grc' dir='ltr'>φθεγξαμένου</span> <span class='ocrx_word' id='word_1_186' title='bbox 1183 3289 1287 3378; x_wconf 91' lang='grc' dir='ltr'>μόνον,</span> <span class='ocrx_word' id='word_1_187' title='bbox 1313 3289 1396 3355; x_wconf 88' lang='grc' dir='ltr'>ἀλλά</span> <span class='ocrx_word' id='word_1_188' title='bbox 1420 3290 1474 3355; x_wconf 84' lang='grc' dir='ltr'>καί</span> <span class='ocrx_word' id='word_1_189' title='bbox 1497 3300 1676 3365; x_wconf 88' lang='grc' dir='ltr'>σιωπῶντος</span> 
     </span>
     <span class='ocr_line' id='line_1_18' title="bbox 128 3388 1676 3489; baseline -0.001 -27"><span class='ocrx_word' id='word_1_190' title='bbox 128 3398 213 3486; x_wconf 80' lang='grc' dir='ltr'>(οὔτε</span> <span class='ocrx_word' id='word_1_191' title='bbox 236 3395 295 3489; x_wconf 87' lang='grc' dir='ltr'>γάρ</span> <span class='ocrx_word' id='word_1_192' title='bbox 321 3395 414 3462; x_wconf 85' lang='grc' dir='ltr'>εἰπὼν</span> <span class='ocrx_word' id='word_1_193' title='bbox 438 3397 475 3462; x_wconf 90' lang='grc' dir='ltr'>άν</span> <span class='ocrx_word' id='word_1_194' title='bbox 498 3423 546 3475; x_wconf 91' lang='grc' dir='ltr'>τις</span> <span class='ocrx_word' id='word_1_195' title='bbox 570 3393 741 3489; x_wconf 71' lang='grc' dir='ltr'>ἐντρέψειαν</span> <span class='ocrx_word' id='word_1_196' title='bbox 764 3398 863 3474; x_wconf 84' lang='grc' dir='ltr'>οὕτως</span> <span class='ocrx_word' id='word_1_197' title='bbox 887 3402 926 3474; x_wconf 86' lang='grc' dir='ltr'>ὡς</span> <span class='ocrx_word' id='word_1_198' title='bbox 951 3398 1089 3474; x_wconf 84' lang='grc' dir='ltr'>οὕτω;,ό</span> <span class='ocrx_word' id='word_1_199' title='bbox 1115 3397 1271 3482; x_wconf 85' lang='grc' dir='ltr'>βοόληται</span> <span class='ocrx_word' id='word_1_200' title='bbox 1296 3408 1335 3482; x_wconf 70' lang='grc' dir='ltr'>τῇ</span> <span class='ocrx_word' id='word_1_201' title='bbox 1362 3407 1463 3482; x_wconf 78' lang='grc' dir='ltr'>σιωπῇ</span> <span class='ocrx_word' id='word_1_202' title='bbox 1489 3388 1676 3487; x_wconf 76' lang='grc' dir='ltr'>προδείξας),</span> 
     </span>
     <span class='ocr_line' id='line_1_19' title="bbox 129 3497 1680 3598; baseline -0.001 -26"><span class='ocrx_word' id='word_1_203' title='bbox 129 3509 195 3572; x_wconf 83' lang='grc' dir='ltr'>οὔτ’</span> <span class='ocrx_word' id='word_1_204' title='bbox 221 3504 257 3570; x_wconf 89' lang='grc' dir='ltr'>άν</span> <span class='ocrx_word' id='word_1_205' title='bbox 282 3510 298 3570; x_wconf 90' lang='grc' dir='ltr'>ό</span> <span class='ocrx_word' id='word_1_206' title='bbox 321 3506 446 3598; x_wconf 85' lang='grc' dir='ltr'>Νέστωρ</span> <span class='ocrx_word' id='word_1_207' title='bbox 470 3509 518 3572; x_wconf 89' lang='grc' dir='ltr'>ἔτι</span> <span class='ocrx_word' id='word_1_208' title='bbox 543 3497 661 3585; x_wconf 78' lang='grc' dir='ltr'>δόξειεν</span> <span class='ocrx_word' id='word_1_209' title='bbox 686 3507 721 3572; x_wconf 89' lang='grc' dir='ltr'>ἀν</span> <span class='ocrx_word' id='word_1_210' title='bbox 746 3506 843 3597; x_wconf 88' lang='grc' dir='ltr'>γέρων</span> <span class='ocrx_word' id='word_1_211' title='bbox 867 3530 903 3597; x_wconf 88' lang='grc' dir='ltr'>γε</span> <span class='ocrx_word' id='word_1_212' title='bbox 920 3502 961 3569; x_wconf 82' lang='grc' dir='ltr'>ὢν</span> <span class='ocrx_word' id='word_1_213' title='bbox 978 3509 1093 3581; x_wconf 84' lang='grc' dir='ltr'>ἐκεῖνος</span> <span class='ocrx_word' id='word_1_214' title='bbox 1111 3505 1237 3572; x_wconf 83' lang='grc' dir='ltr'>ἐοικότα</span> <span class='ocrx_word' id='word_1_215' title='bbox 1253 3502 1442 3596; x_wconf 88' lang='grc' dir='ltr'>φθέγγεσθαι</span> <span class='ocrx_word' id='word_1_216' title='bbox 1466 3505 1572 3595; x_wconf 87' lang='grc' dir='ltr'>μέλιτι</span> <span class='ocrx_word' id='word_1_217' title='bbox 1594 3504 1680 3596; x_wconf 84' lang='grc' dir='ltr'>παρά</span> 
     </span>
     <span class='ocr_line' id='line_1_20' title="bbox 128 3603 1675 3703; baseline -0.003 -24"><span class='ocrx_word' id='word_1_218' title='bbox 128 3624 238 3680; x_wconf 90' lang='grc' dir='ltr'>τοῦτον</span> <span class='ocrx_word' id='word_1_219' title='bbox 263 3606 449 3696; x_wconf 77' lang='grc' dir='ltr'>ἐξετασθείς,</span> <span class='ocrx_word' id='word_1_220' title='bbox 473 3614 637 3680; x_wconf 91' lang='grc' dir='ltr'>συνελόντι</span> <span class='ocrx_word' id='word_1_221' title='bbox 659 3605 685 3678; x_wconf 88' lang='grc' dir='ltr'>δ’</span> <span class='ocrx_word' id='word_1_222' title='bbox 710 3615 782 3679; x_wconf 84' lang='grc' dir='ltr'>οὔτε</span> <span class='ocrx_word' id='word_1_223' title='bbox 806 3605 973 3691; x_wconf 80' lang='grc' dir='ltr'>σπουδάζει</span> <span class='ocrx_word' id='word_1_224' title='bbox 998 3603 1073 3702; x_wconf 88' lang='grc' dir='ltr'>δίχα</span> <span class='ocrx_word' id='word_1_225' title='bbox 1098 3604 1356 3703; x_wconf 51' lang='grc' dir='ltr'>φαιδρότητοςθ)</span> <span class='ocrx_word' id='word_1_226' title='bbox 1382 3610 1466 3676; x_wconf 85' lang='grc' dir='ltr'>ἀλλά</span> <span class='ocrx_word' id='word_1_227' title='bbox 1490 3619 1550 3688; x_wconf 83' lang='grc' dir='ltr'>πᾶς</span> <span class='ocrx_word' id='word_1_228' title='bbox 1574 3610 1631 3677; x_wconf 81' lang='grc' dir='ltr'>κάν</span> <span class='ocrx_word' id='word_1_229' title='bbox 1656 3606 1675 3698; x_wconf 79' lang='grc' dir='ltr'>ᾗ</span> 
     </span>
     <span class='ocr_line' id='line_1_21' title="bbox 126 3709 1679 3813; baseline -0.004 -25"><span class='ocrx_word' id='word_1_230' title='bbox 126 3723 277 3813; x_wconf 83' lang='grc' dir='ltr'>χαλεπόν,</span> <span class='ocrx_word' id='word_1_231' title='bbox 295 3727 350 3788; x_wconf 86' lang='grc' dir='ltr'>οόκ</span> <span class='ocrx_word' id='word_1_232' title='bbox 367 3724 450 3788; x_wconf 86' lang='grc' dir='ltr'>ἔστιν</span> <span class='ocrx_word' id='word_1_233' title='bbox 468 3726 578 3812; x_wconf 78' lang='grc' dir='ltr'>ἑορτῆς</span> <span class='ocrx_word' id='word_1_234' title='bbox 595 3720 666 3786; x_wconf 82' lang='grc' dir='ltr'>ἀνευ</span> <span class='ocrx_word' id='word_1_235' title='bbox 690 3718 881 3811; x_wconf 78' lang='grc' dir='ltr'>πραχθῆναι,</span> <span class='ocrx_word' id='word_1_236' title='bbox 898 3719 974 3786; x_wconf 91' lang='grc' dir='ltr'>τότε</span> <span class='ocrx_word' id='word_1_237' title='bbox 990 3723 1021 3786; x_wconf 85' lang='grc' dir='ltr'>ἐν</span> <span class='ocrx_word' id='word_1_238' title='bbox 1039 3730 1084 3803; x_wconf 82' lang='grc' dir='ltr'>τῷ</span> <span class='ocrx_word' id='word_1_239' title='bbox 1101 3719 1186 3810; x_wconf 89' lang='grc' dir='ltr'>μέρει</span> <span class='ocrx_word' id='word_1_240' title='bbox 1202 3720 1332 3810; x_wconf 81' lang='grc' dir='ltr'>τερπνόν</span> <span class='ocrx_word' id='word_1_241' title='bbox 1354 3721 1440 3803; x_wconf 82' lang='grc' dir='ltr'>αὐτῷ</span> <span class='ocrx_word' id='word_1_242' title='bbox 1457 3709 1606 3802; x_wconf 83' lang='grc' dir='ltr'>σπουδῆς,</span> <span class='ocrx_word' id='word_1_243' title='bbox 1623 3721 1679 3783; x_wconf 88' lang='grc' dir='ltr'>οὑκ</span> 
     </span>
     <span class='ocr_line' id='line_1_22' title="bbox 129 3825 1678 3920; baseline -0.003 -24"><span class='ocrx_word' id='word_1_244' title='bbox 129 3832 336 3906; x_wconf 84' lang='grc' dir='ltr'>ἀπήλλακται</span> <span class='ocrx_word' id='word_1_245' title='bbox 359 3831 502 3896; x_wconf 91' lang='grc' dir='ltr'>τοιοῦτόν</span> <span class='ocrx_word' id='word_1_246' title='bbox 526 3835 595 3896; x_wconf 90' lang='grc' dir='ltr'>ἑστι</span> <span class='ocrx_word' id='word_1_247' title='bbox 618 3827 740 3920; x_wconf 87' lang='grc' dir='ltr'>καθαρά</span> <span class='ocrx_word' id='word_1_248' title='bbox 764 3828 851 3918; x_wconf 86' lang='grc' dir='ltr'>φόσις</span> <span class='ocrx_word' id='word_1_249' title='bbox 875 3825 908 3908; x_wconf 79' lang='grc' dir='ltr'>ἐξ</span> <span class='ocrx_word' id='word_1_250' title='bbox 932 3828 1092 3920; x_wconf 81' lang='grc' dir='ltr'>ἀκηράτου</span> <span class='ocrx_word' id='word_1_251' title='bbox 1117 3852 1153 3919; x_wconf 91' lang='grc' dir='ltr'>γε</span> <span class='ocrx_word' id='word_1_252' title='bbox 1177 3838 1232 3894; x_wconf 88' lang='grc' dir='ltr'>τοῦ</span> <span class='ocrx_word' id='word_1_253' title='bbox 1257 3838 1353 3916; x_wconf 86' lang='grc' dir='ltr'>κηροῦ</span> <span class='ocrx_word' id='word_1_254' title='bbox 1383 3825 1569 3908; x_wconf 86' lang='grc' dir='ltr'>πλασθεϊσα,</span> <span class='ocrx_word' id='word_1_255' title='bbox 1594 3826 1678 3892; x_wconf 89' lang='grc' dir='ltr'>κατά</span> 
     </span>
     <span class='ocr_line' id='line_1_23' title="bbox 128 3926 1677 4033; baseline -0.005 -28"><span class='ocrx_word' id='word_1_256' title='bbox 128 3941 183 4006; x_wconf 83' lang='grc' dir='ltr'>τὸν</span> <span class='ocrx_word' id='word_1_257' title='bbox 209 3939 378 4022; x_wconf 84' lang='grc' dir='ltr'>Πλάτωνα,</span> <span class='ocrx_word' id='word_1_258' title='bbox 392 3939 490 4029; x_wconf 90' lang='grc' dir='ltr'>μέσην</span> <span class='ocrx_word' id='word_1_259' title='bbox 508 3943 600 4033; x_wconf 82' lang='grc' dir='ltr'>ὑγροῦ</span> <span class='ocrx_word' id='word_1_260' title='bbox 624 3962 661 4004; x_wconf 87' lang='grc' dir='ltr'>τε</span> <span class='ocrx_word' id='word_1_261' title='bbox 683 3938 737 4002; x_wconf 87' lang='grc' dir='ltr'>καί</span> <span class='ocrx_word' id='word_1_262' title='bbox 753 3934 916 4027; x_wconf 83' lang='grc' dir='ltr'>μαλθακοῦ</span> <span class='ocrx_word' id='word_1_263' title='bbox 933 3935 987 4002; x_wconf 84' lang='grc' dir='ltr'>καί</span> <span class='ocrx_word' id='word_1_264' title='bbox 1002 3947 1057 4002; x_wconf 89' lang='grc' dir='ltr'>τοῦ</span> <span class='ocrx_word' id='word_1_265' title='bbox 1074 3940 1211 4029; x_wconf 84' lang='grc' dir='ltr'>σκληροῦ</span> <span class='ocrx_word' id='word_1_266' title='bbox 1236 3937 1289 4002; x_wconf 87' lang='grc' dir='ltr'>καί</span> <span class='ocrx_word' id='word_1_267' title='bbox 1312 3926 1463 4012; x_wconf 81' lang='grc' dir='ltr'>λιθώδυυς</span> <span class='ocrx_word' id='word_1_268' title='bbox 1486 3933 1546 4008; x_wconf 83' lang='grc' dir='ltr'>τήν</span> <span class='ocrx_word' id='word_1_269' title='bbox 1562 3934 1677 4000; x_wconf 85' lang='grc' dir='ltr'>πλάσιν</span> 
     </span>
     <span class='ocr_line' id='line_1_24' title="bbox 129 4051 257 4139; baseline 0.031 -25"><span class='ocrx_word' id='word_1_270' title='bbox 129 4051 257 4139; x_wconf 79' lang='grc' dir='ltr'>ἔχουσα.</span> 
     </span>
    </p>
   </div>
   <div class='ocr_carea' id='block_1_4' title="bbox 129 4363 1680 4895">
    <p class='ocr_par' dir='ltr' id='par_1_4' title="bbox 129 4363 1680 4895">
     <span class='ocr_line' id='line_1_25' title="bbox 167 4363 1680 4447; baseline -0.005 -17"><span class='ocrx_word' id='word_1_271' title='bbox 167 4371 189 4447; x_wconf 86' lang='lat'>¹)</span> <span class='ocrx_word' id='word_1_272' title='bbox 207 4371 254 4430; x_wconf 78' lang='lat' dir='ltr'>Ex</span> <span class='ocrx_word' id='word_1_273' title='bbox 272 4372 335 4430; x_wconf 83' lang='lat' dir='ltr'><strong>eod.</strong></span> <span class='ocrx_word' id='word_1_274' title='bbox 348 4372 469 4430; x_wconf 85' lang='lat' dir='ltr'><strong>Baroee.</strong></span> <span class='ocrx_word' id='word_1_275' title='bbox 483 4371 551 4428; x_wconf 71' lang='grc' dir='ltr'>ῦῦῖ</span> <span class='ocrx_word' id='word_1_276' title='bbox 567 4369 625 4427; x_wconf 82' lang='grc'>107.</span> <span class='ocrx_word' id='word_1_277' title='bbox 638 4372 717 4428; x_wconf 74' lang='lat' dir='ltr'><strong>Ante</strong></span> <span class='ocrx_word' id='word_1_278' title='bbox 736 4372 791 4428; x_wconf 86' lang='lat' dir='ltr'>hoe</span> <span class='ocrx_word' id='word_1_279' title='bbox 810 4387 879 4443; x_wconf 84' lang='lat' dir='ltr'><strong>que-</strong></span> <span class='ocrx_word' id='word_1_280' title='bbox 933 4373 1012 4440; x_wconf 76' lang='grc' dir='ltr'>ὅστις,</span> <span class='ocrx_word' id='word_1_281' title='bbox 1031 4365 1113 4426; x_wconf 85' lang='lat' dir='ltr'><strong>hand</strong></span> <span class='ocrx_word' id='word_1_282' title='bbox 1131 4365 1230 4426; x_wconf 80' lang='lat' dir='ltr'><strong>anaim</strong></span> <span class='ocrx_word' id='word_1_283' title='bbox 1248 4371 1395 4435; x_wconf 73' lang='grc' dir='ltr'>ιέυέιιοτος</span> <span class='ocrx_word' id='word_1_284' title='bbox 1416 4363 1582 4441; x_wconf 77' lang='lat' dir='ltr'><strong>dijudioeni</strong></span> <span class='ocrx_word' id='word_1_285' title='bbox 1603 4365 1680 4441; x_wconf 86' lang='lat' dir='ltr'><strong>pari·</strong></span> 
     </span>
     <span class='ocr_line' id='line_1_26' title="bbox 129 4459 1034 4536; baseline -0.004 -16"><span class='ocrx_word' id='word_1_286' title='bbox 129 4463 268 4536; x_wconf 73' lang='lat' dir='ltr'>draginta</span> <span class='ocrx_word' id='word_1_287' title='bbox 286 4480 388 4534; x_wconf 81' lang='lat' dir='ltr'><strong>annos,</strong></span> <span class='ocrx_word' id='word_1_288' title='bbox 405 4479 467 4520; x_wconf 84' lang='lat' dir='ltr'>una</span> <span class='ocrx_word' id='word_1_289' title='bbox 489 4481 558 4519; x_wconf 82' lang='lat' dir='ltr'>enm</span> <span class='ocrx_word' id='word_1_290' title='bbox 583 4462 695 4536; x_wconf 83' lang='lat' dir='ltr'><strong>optimo</strong></span> <span class='ocrx_word' id='word_1_291' title='bbox 713 4461 877 4518; x_wconf 78' lang='lat' dir='ltr'><strong>Bodleiano</strong></span> <span class='ocrx_word' id='word_1_292' title='bbox 930 4459 1034 4517; x_wconf 77' lang='lat' dir='ltr'><strong>tiores.</strong></span> 
     </span>
     <span class='ocr_line' id='line_1_27' title="bbox 129 4545 1406 4628; baseline -0.008 -16"><span class='ocrx_word' id='word_1_293' title='bbox 129 4561 243 4613; x_wconf 76' lang='lat' dir='ltr'><strong>rectore</strong></span> <span class='ocrx_word' id='word_1_294' title='bbox 257 4555 393 4626; x_wconf 73' lang='lat' dir='ltr'><strong>EOoxe,</strong></span> <span class='ocrx_word' id='word_1_295' title='bbox 402 4553 494 4610; x_wconf 82' lang='lat' dir='ltr'><strong>incidi</strong></span> <span class='ocrx_word' id='word_1_296' title='bbox 505 4553 537 4610; x_wconf 88' lang='lat' dir='ltr'>in</span> <span class='ocrx_word' id='word_1_297' title='bbox 547 4553 624 4610; x_wconf 85' lang='lat' dir='ltr'><strong>hane</strong></span> <span class='ocrx_word' id='word_1_298' title='bbox 632 4553 790 4628; x_wconf 82' lang='lat' dir='ltr'><strong>pagellam,</strong></span> <span class='ocrx_word' id='word_1_299' title='bbox 800 4569 877 4627; x_wconf 84' lang='lat' dir='ltr'><strong>quaa</strong></span> <span class='ocrx_word' id='word_1_300' title='bbox 966 4547 992 4619; x_wconf 84' lang='lat'>¹)</span> <span class='ocrx_word' id='word_1_301' title='bbox 1011 4547 1058 4603; x_wconf 85' lang='lat' dir='ltr'>Ex</span> <span class='ocrx_word' id='word_1_302' title='bbox 1076 4545 1203 4604; x_wconf 81' lang='lat' dir='ltr'><strong>obscuro</strong></span> <span class='ocrx_word' id='word_1_303' title='bbox 1222 4545 1406 4619; x_wconf 80' lang='lat' dir='ltr'><strong>compendio.</strong></span> 
     </span>
     <span class='ocr_line' id='line_1_28' title="bbox 131 4632 1572 4716; baseline -0.009 -17"><span class='ocrx_word' id='word_1_304' title='bbox 131 4662 198 4699; x_wconf 86' lang='lat' dir='ltr'>eum</span> <span class='ocrx_word' id='word_1_305' title='bbox 222 4642 303 4701; x_wconf 74' lang='lat' dir='ltr'><strong>edito</strong></span> <span class='ocrx_word' id='word_1_306' title='bbox 321 4641 455 4700; x_wconf 80' lang='lat' dir='ltr'>Aristide</span> <span class='ocrx_word' id='word_1_307' title='bbox 473 4641 634 4716; x_wconf 74' lang='lat' dir='ltr'><strong>diligenter</strong></span> <span class='ocrx_word' id='word_1_308' title='bbox 656 4643 779 4708; x_wconf 76' lang='lat' dir='ltr'><strong>collata,</strong></span> <span class='ocrx_word' id='word_1_309' title='bbox 798 4659 878 4698; x_wconf 80' lang='lat' dir='ltr'><strong>nova</strong></span> <span class='ocrx_word' id='word_1_310' title='bbox 966 4637 991 4710; x_wconf 80' lang='lat'>³)</span> <span class='ocrx_word' id='word_1_311' title='bbox 1010 4635 1164 4710; x_wconf 80' lang='lat' dir='ltr'><strong>Scriptura</strong></span> <span class='ocrx_word' id='word_1_312' title='bbox 1181 4635 1281 4692; x_wconf 81' lang='lat' dir='ltr'><strong>dubia.</strong></span> <span class='ocrx_word' id='word_1_313' title='bbox 1300 4634 1416 4692; x_wconf 78' lang='lat' dir='ltr'><strong>Codicis</strong></span> <span class='ocrx_word' id='word_1_314' title='bbox 1435 4632 1572 4698; x_wconf 78' lang='grc' dir='ltr'>ίπιίῆκται.</span> 
     </span>
     <span class='ocr_line' id='line_1_29' title="bbox 131 4727 1227 4804; baseline -0.01 -15"><span class='ocrx_word' id='word_1_315' title='bbox 131 4732 215 4790; x_wconf 84' lang='lat' dir='ltr'><strong>nobie</strong></span> <span class='ocrx_word' id='word_1_316' title='bbox 239 4731 307 4790; x_wconf 78' lang='lat' dir='ltr'><strong>visa</strong></span> <span class='ocrx_word' id='word_1_317' title='bbox 331 4739 394 4803; x_wconf 73' lang='grc' dir='ltr'>επις</span> <span class='ocrx_word' id='word_1_318' title='bbox 419 4749 457 4788; x_wconf 88' lang='lat' dir='ltr'>an</span> <span class='ocrx_word' id='word_1_319' title='bbox 481 4735 549 4788; x_wconf 74' lang='lat' dir='ltr'><strong>into</strong></span> <span class='ocrx_word' id='word_1_320' title='bbox 572 4730 649 4804; x_wconf 82' lang='lat' dir='ltr'><strong>jure,</strong></span> <span class='ocrx_word' id='word_1_321' title='bbox 676 4737 778 4787; x_wconf 77' lang='lat' dir='ltr'><strong>uirum</strong></span> <span class='ocrx_word' id='word_1_322' title='bbox 806 4746 878 4788; x_wconf 86' lang='lat' dir='ltr'><strong>vero</strong></span> <span class='ocrx_word' id='word_1_323' title='bbox 967 4729 990 4802; x_wconf 83' lang='lat'>⁴)</span> <span class='ocrx_word' id='word_1_324' title='bbox 1008 4727 1052 4783; x_wconf 92' lang='lat' dir='ltr'>Id.</span> <span class='ocrx_word' id='word_1_325' title='bbox 1073 4728 1227 4799; x_wconf 72' lang='grc' dir='ltr'>παρέσχηται.</span> 
     </span>
     <span class='ocr_line' id='line_1_30' title="bbox 132 4817 1250 4895; baseline -0.007 -17"><span class='ocrx_word' id='word_1_326' title='bbox 132 4839 218 4895; x_wconf 81' lang='grc' dir='ltr'>πονιτ,</span> <span class='ocrx_word' id='word_1_327' title='bbox 237 4829 306 4895; x_wconf 72' lang='lat' dir='ltr'><strong>poet</strong></span> <span class='ocrx_word' id='word_1_328' title='bbox 318 4826 383 4878; x_wconf 82' lang='lat' dir='ltr'><strong>aeto</strong></span> <span class='ocrx_word' id='word_1_329' title='bbox 395 4838 541 4878; x_wconf 86' lang='lat' dir='ltr'><strong>annornm</strong></span> <span class='ocrx_word' id='word_1_330' title='bbox 552 4821 657 4891; x_wconf 76' lang='lat' dir='ltr'><strong>lustra,</strong></span> <span class='ocrx_word' id='word_1_331' title='bbox 671 4823 792 4876; x_wconf 81' lang='lat' dir='ltr'><strong>maneat</strong></span> <span class='ocrx_word' id='word_1_332' title='bbox 811 4818 880 4872; x_wconf 75' lang='grc' dir='ltr'>ὰνίκ-</span> <span class='ocrx_word' id='word_1_333' title='bbox 968 4818 992 4893; x_wconf 72' lang='lat'>⁶)</span> <span class='ocrx_word' id='word_1_334' title='bbox 1009 4817 1053 4874; x_wconf 93' lang='lat' dir='ltr'>Id.</span> <span class='ocrx_word' id='word_1_335' title='bbox 1075 4819 1250 4890; x_wconf 71' lang='grc' dir='ltr'>φαιδρότατος.</span> 
     </span>
    </p>
   </div>
   <div class='ocr_carea' id='block_1_5' title="bbox 0 0 1993 6068">
    <p class='ocr_par' dir='ltr' id='par_1_5' title="bbox 0 0 1993 6068">
     <span class='ocr_line' id='line_1_31' title="bbox 0 0 1993 6068; baseline 0 0"><span class='ocrx_word' id='word_1_336' title='bbox 0 0 1993 6068; x_wconf 95' lang='lat' dir='ltr'> </span> 
     </span>
    </p>
   </div>
  </div>
 </body>
</html>
