3978 6070
531 512 661 586 Ouncta
678 510 807 606 triplici
824 511 950 588 σίνοιιίο
968 513 1006 586 in
1025 535 1060 587 se
1077 518 1306 588 revertuntur.
1637 522 1689 580 109

146 682 276 774 ύρνίθας,
301 684 384 749 ἀλλά
406 685 459 748 καί
482 696 596 749 ποιεῖν·
622 695 708 750 πάσα
731 684 791 776 γάρ
815 687 933 763 κίνησις
957 687 1011 751 καί
1034 689 1106 774 πᾶν]
1132 687 1259 776 ὄχημα,
1284 686 1337 752 καί
1359 696 1445 752 πᾶσα
1478 688 1690 778 [μεταστροφὴ

146 807 200 861 τοῦ
225 796 355 886 κόσμου]
381 787 567 886 δραστήριός
591 799 687 880 ἐστιν,
712 794 765 860 καί
782 795 875 882 [άλλη
895 796 998 873 ἄλλως
1016 795 1151 882 οίστικίι]
1170 795 1288 886 φθορῶν
1305 795 1359 860 καί
1381 796 1553 887 γενέσε]ων“
1580 797 1694 888 φθείρει

147 897 190 990 δὲ]
209 904 250 969 τά
267 904 322 994 μὲν
347 909 395 993 ὑφ’
420 909 551 981 ἑαυτῶν,
576 904 617 968 τά
642 895 676 970 δὲ
700 897 739 969 δι’
765 904 893 990 ἀλλ]ων,
918 905 971 968 καὶ
994 904 1078 992 ἦτοι]
1105 915 1167 968 τῶν
1188 907 1373 994 συστοίχων,
1398 904 1416 976 ἢ
1443 914 1505 969 τῶν
1531 908 1649 990 αίτίων,
1674 905 1693 977 ἢ

147 1024 209 1078 τῶν
229 1019 390 1078 αἱτιατῶν·
412 1005 497 1101 δεϊῙ]
523 1012 582 1103 γάρ
607 1011 648 1078 τὰ
672 1011 808 1103 σώματα
833 1007 865 1092 ἐξ
889 1013 992 1078 ἀλλων
1007 1011 1032 1096 ²)
1050 1011 1200 1105 γίνεσθαι,
1217 1015 1271 1078 καί
1294 1012 1336 1079 τά
1360 1013 1513 1104 γενόμενοι
1533 1016 1567 1078 ἔκ
1591 1041 1695 1103 τινων,

107 1145 119 1182 ε
147 1121 337 1188 ἀναλύεσθαι
354 1126 394 1196 είς
412 1125 525 1198 ἐκεῖνα,
543 1121 596 1185 καί
612 1121 719 1186 πάντα
735 1119 918 1212 πορεύεσθαί
935 1146 1006 1186 τινα
1023 1121 1137 1186 κύκλον
1154 1122 1261 1198 οὕτως.
1279 1127 1330 1186 Ἐν
1349 1121 1403 1211 μὲν
1420 1117 1472 1188 ούν
1496 1133 1562 1199 τοῖς
1586 1127 1695 1200 ἁπλοῖς

148 1231 277 1322 φανερὸν
301 1239 377 1295 πᾶσι
400 1240 496 1294 τοῦτο
520 1231 705 1321 γιγνόμενον
730 1239 876 1318 συνεχῶς.
901 1229 944 1294 Τδ
968 1228 1028 1321 γάρ
1052 1233 1087 1295 ἐκ
1110 1239 1166 1294 τοῦ
1187 1231 1324 1321 γεγονὸς,
1350 1236 1391 1307 εἰς
1415 1235 1513 1296 ἐκεῖνο
1539 1231 1696 1322 φθείρεται

146 1339 241 1403 πάλιν
266 1331 299 1416 ἐξ
322 1334 356 1403 ού
380 1339 517 1430 γέγονεν,
543 1336 605 1404 οἷον
630 1343 646 1402 ό
670 1341 705 1404 ἐκ
728 1338 820 1428 πυρός
844 1336 904 1427 &kp
928 1342 969 1414 είς
992 1348 1061 1429 πῦρ·
1084 1339 1165 1404 ούτω
1182 1329 1215 1403 δέ
1232 1339 1298 1428 ἔχει
1323 1340 1376 1403 καί
1399 1338 1441 1404 τά
1466 1338 1599 1406 σύντεθα
1621 1342 1697 1432 πρὸς

147 1446 189 1512 τά
214 1449 309 1511 ἁπλοῖ·
333 1446 487 1538 γενόμενα
511 1445 571 1537 γάρ
588 1438 619 1523 έξ
636 1446 759 1510 ἐκείνων
777 1444 945 1510 ἀναλύεται
963 1439 1048 1521 αὖθις
1064 1450 1105 1522 είς
1123 1451 1237 1515 ἐκεῖνα.
1254 1446 1476 1535 Δανεισάμενοι
1498 1447 1569 1540 γάρ,
1594 1450 1698 1537 φησίν,

148 1561 176 1621 οί
200 1558 230 1620 ἐν
254 1563 300 1638 τῷ
322 1555 431 1645 κόσμῳ
456 1547 640 1646 δημιουργοί
665 1553 757 1640 μόρια
780 1555 815 1616 έκ
838 1563 893 1618 τοῦ
916 1538 1034 1629 παντθςΙ
1056 1552 1098 1618 τά
1123 1552 1256 1618 σύνθετα
1279 1552 1485 1639 πλάττουσιν,
1516 1561 1555 1631 ὡς
1580 1546 1700 1621 ἀποδο-

96 1699 121 1736 10
149 1663 307 1751 θησέμεναι
330 1661 433 1727 πάλιν.
460 1667 494 1725 Et
518 1655 569 1726 ούν
594 1661 647 1726 καί
670 1659 713 1725 τά
736 1664 823 1725 ἁπλᾶ
846 1664 881 1726 ἐκ
904 1671 967 1726 τῶν
993 1666 1118 1740 ἁπλῶν,
1144 1662 1196 1726 καὶ
1219 1660 1261 1726 τά
1285 1662 1418 1728 σύνθετα
1441 1668 1563 1729 ἐκτῶν
1587 1668 1696 1729 ἁπλῶν

150 1773 246 1848 οὕτως
269 1773 335 1861 ἔχει
358 1773 488 1862 γένεσιν,
513 1775 553 1845 ὡς
577 1769 631 1834 καί
654 1768 714 1840 τὴν
732 1773 773 1844 εἰς
791 1768 872 1834 αύτά
889 1769 1036 1833 ἀνάλυσιν
1053 1771 1216 1860 ὑπομένειν
1234 1763 1266 1848 ἐξ
1284 1765 1324 1834 ὧν
1342 1775 1467 1861 γέγονεν
1491 1769 1575 1836 κατά
1599 1772 1698 1861 φύσιν,

149 1883 214 1970 ἔχει
238 1872 338 1954 δήπου
362 1879 457 1972 λόγον
481 1878 535 1944 καί
557 1880 595 1944 τὸ
612 1878 797 1967 λειπόμενον
814 1868 1016 1959 τάσύνθετα,
1034 1879 1092 1942 ὅσα
1109 1881 1144 1943 ἑκ
1163 1877 1315 1944 συνθέτων
1336 1879 1440 1945 ἀλλων
1464 1883 1602 1973 γέγονεν,
1627 1885 1701 1946 ἀνα-

150 1987 278 2055 λύεσθαι
292 1990 317 2072 ³)
341 1993 382 2065 εἰς
406 1987 448 2054 τά
472 1981 504 2066 ἐξ
520 1981 562 2052 ών
578 1987 716 2080 γέγονεν,
739 1985 867 2052 πάντων
891 1985 976 2050 κατά
999 1985 1113 2051 κύκλον
1137 1978 1414 2077 μεταύαλλόντων,
1432 1989 1515 2054 ὥστε
1535 1989 1590 2054 καί
1613 1982 1699 2068 ζώων

152 2099 279 2190 βρώσεις
303 2101 362 2164 ὑπὸ
380 2108 441 2163 τῶν
459 2097 697 2188 γεννησαμένων
723 2093 805 2159 αύτά
820 2094 1005 2186 γιγνόμεναι
1022 2094 1107 2159 κατά
1123 2119 1194 2159 τινα
1211 2088 1299 2172 τάξιν
1318 2098 1544 2162 ἀποτελοῦνται
1568 2099 1698 2188 φυσικὴν

98 2235 123 2271 ιε
151 2209 204 2273 καί
228 2207 412 2298 σωματικὴν
436 2209 477 2284 είς
501 2210 603 2272 έκεῖνα
628 2198 823 2296 μεταύολὰν,
847 2197 879 2282 ἐξ
904 2198 945 2268 ών
969 2203 1106 2294 γέγονεν·
1132 2206 1185 2268 καὶ
1209 2205 1286 2270 ὅταν
1311 2205 1419 2294 μέντοι
1441 2205 1482 2269 τά
1508 2205 1699 2298 γεννηθέντα

151 2318 305 2408 τρέφηται
329 2321 449 2382 ἐκτῶν
481 2314 718 2406 γεννησάντων,
742 2311 827 2378 κατά
858 2312 917 2385 τὴν
948 2314 1022 2403 πρὸς
1054 2311 1095 2378 τά
1119 2314 1178 2377 όλα
1201 2315 1325 2404 γίνεται
1347 2313 1400 2378 καί
1430 2325 1525 2380 τοῦτο
1550 2317 1697 2406 μίμησιν·

151 2423 288 2512 πύθενθ]

151 2643 174 2709 f.
202 2644 276 2724 161,
301 2643 412 2708 decem
435 2663 547 2706 versus
570 2640 837 2726 pessumdantur:
865 2635 935 2729 [γάρ
960 2636 1094 2703 ἄλλοθεν
1118 2636 1160 2703 τά
1182 2635 1314 2704 σύνθετα
1346 2637 1507 2729 τρέφεται,
1532 2637 1551 2712 λ
1578 2643 1612 2704 ἑκ
1636 2649 1698 2704 τῶν

153 2752 259 2814 ἁπλῶν
283 2742 316 2827 ἐξ
340 2742 381 2812 ών
405 2748 548 2838 γέγονεν;
573 2746 699 2812 Τούτων
725 2739 762 2817 δὴ
781 2757 874 2836 τριῶν
891 2747 988 2811 ὄντων
1007 2755 1142 2836 φυσικῶν
1159 2748 1261 2837 νόμων
1285 2748 1356 2838 περί
1380 2745 1437 2824 τὰς
1457 2755 1519 2811 τῶν
1544 2747 1699 2838 σωμάτων

96 2896 124 2933 20
152 2847 343 2945 μεταύολάς,
368 2853 410 2919 τά
433 2853 624 2946 γεννηθέντα
640 2847 835 2943 άμοιύεῖσθαι
851 2860 891 2928 εἰ;
908 2863 950 2919 τά
966 2857 1187 2947 γεν]νήσαντα,
1205 2855 1247 2921 τά
1268 2856 1421 2948 σύστοιχα
1448 2860 1617 2942 [συντελεῖν
1643 2861 1699 2922 ἀλ-

151 2966 263 3040 λήλαις
277 2969 318 3040 είς
333 2962 400 3050 τάς]
414 2963 557 3053 γενέσεις,
571 2973 636 3039 τοῖς
649 2961 840 3053 γεννηθεῖσιν
856 2965 903 3048 [έκ
915 2973 977 3028 τῶν
991 2964 1221 3054 γεννησάντων]
1237 2960 1386 3039 εἶναιτὴν
1400 2965 1527 3056 τροφὴν,
1541 2969 1663 3057 γίνεται
1674 2967 1698 3051 ⁵)

153 3073 219 3162 [μὲν
244 3070 298 3136 καί
321 3074 352 3136 έν
369 3081 434 3146 τοῖς
451 3073 544 3157 ὅλοις]
562 3081 666 3135 ταῦτα
682 3072 735 3135 καί
751 3077 782 3136 έν
799 3082 864 3148 τοῖς
882 3071 1002 3166 μέρεσιν
1020 3073 1104 3138 κατά
1122 3072 1179 3150 τάς
1200 3075 1387 3165 [εἰρημένας]
1406 3086 1489 3166 τρεῖς
1510 3069 1700 3163 μεταύολάς,

152 3181 206 3246 καί
228 3183 266 3247 τὸ
288 3191 349 3246 πεῖν
375 3182 456 3246 ούτω
473 3173 547 3269 δρᾷν
571 3179 692 3246 τούτων
716 3181 860 3264 ἕκαστον,
884 3185 924 3257 ὡς
948 3191 1048 3246 κινοῦν
1073 3186 1114 3258 είς
1135 3183 1263 3256 ἄλληλα
1279 3183 1395 3263 πάντα,
1419 3185 1473 3249 καί
1497 3177 1700 3273 μεταύάλλον

153 3288 289 3378 σώματα
313 3289 397 3378 ἄλλα
421 3295 461 3365 εἰς
485 3286 609 3375 ἀλλαθ]
631 3286 692 3362 τὴν
717 3279 745 3354 δ’
770 3281 859 3366 ἀξίαν
886 3283 1021 3380 ἀφορίζει
1045 3288 1104 3362 τὴν
1130 3295 1160 3355 ἐν
1184 3289 1308 3367 τούτοις
1327 3289 1411 3356 κατά
1435 3291 1495 3364 τὴν
1519 3286 1601 3372 ζωὴν
1625 3299 1644 3367 η
1671 3296 1701 3359 ἐν

97 3431 125 3468 2⁵
155 3402 240 3482 αύτῷ
264 3391 347 3471 δίκη.
374 3439 414 3447 -
438 3405 490 3463 Δεῖ
513 3395 573 3488 γάρ
596 3388 658 3471 ἤδη
685 3396 738 3461 καί
768 3398 841 3489 πρὸς
873 3397 932 3470 τὴν
963 3389 1110 3487 δευτέραν
1135 3399 1296 3464 ἐπίστασιν
1322 3399 1564 3489 ἀποκρίνασθαι,
1589 3401 1643 3466 καί
1667 3403 1700 3466 ού

152 3507 267 3584 πάσαις
281 3504 319 3591 ⁷),
343 3506 427 3571 ἀλλά
444 3507 525 3572 τισίν
542 3517 645 3572 ταῦτα
661 3499 797 3597 ἀφορίζει
813 3502 919 3596 ψυχῶν
938 3508 1024 3591 βίοις,
1041 3508 1080 3571 τύ
1096 3505 1156 3578 τὴν
1180 3506 1331 3580 τοιαύτην
1357 3507 1504 3573 ἀνάλυσιν
1528 3513 1701 3600 ύπομεῖναι,

152 3627 214 3681 τῶν
239 3615 322 3681 κατά
345 3614 433 3706 φύσιν
459 3616 513 3704 μὲν
539 3620 570 3681 έν
593 3625 640 3699 τῷ
656 3614 753 3680 παντί
768 3615 968 3707 γιγνομένην,
987 3618 1089 3679 αὐτῶν
1108 3606 1141 3680 δέ
1156 3612 1242 3705 παρά
1259 3614 1347 3704 φύσιν
1364 3619 1561 3707 ένεργουσῶν,
1586 3627 1644 3693 τῆς
1669 3608 1702 3683 δέ

153 3715 241 3800 δίκης
265 3723 349 3789 κατά
373 3725 410 3789 τὸ
434 3735 590 3814 προσῆκον
614 3724 735 3798 ταύτην
764 3727 834 3813 περί
864 3748 957 3790 τινων
990 3723 1049 3795 τὴν
1081 3719 1182 3813 ψῆφον
1214 3722 1417 3814 ἐκφερούσης,
1442 3723 1527 3790 κατά
1551 3717 1588 3798 δή
1615 3750 1702 3803 τινας

153 3832 292 3924 ἀνάγκας
315 3831 530 3924 τιμωρητικάς
547 3843 610 3898 τῶν
628 3826 720 3910 ἀξίων
745 3833 859 3898 τούτου
883 3830 1001 3922 ψυχῶν.
1026 3834 1087 3898 Καί
1110 3833 1169 3924 γάρ
1193 3830 1234 3897 τὰ
1259 3830 1343 3896 ἀλλά
1365 3832 1471 3898 πάντα
1495 3845 1579 3900 ποιεῖ
1602 3834 1655 3926 μὲν
1680 3841 1699 3910 ι]

96 3972 124 4010 το
152 3937 239 4022 τάξις
263 3955 317 4008 τοῦ
333 3943 451 4019 παντὸς
467 3949 486 4028 ι]
505 3943 624 4007 ἕκαστα
640 3942 784 4032 πέφυκεν·
803 3934 988 4033 συναρμόζει
1005 3932 1038 4006 δὲ
1055 3939 1096 4006 τά
1112 3940 1284 4032 γιγνόμενα
1304 3951 1369 4017 τοῖς
1395 3943 1470 4024 βίοις
1494 3946 1513 4015 ἡ
1540 3933 1610 4016 δίκη
1637 3953 1702 4020 τοῖς

153 4053 325 4144 ἡμετέροις,
350 4052 403 4116 καί
427 4044 565 4141 διανέμει
587 4050 628 4116 τά
646 4051 700 4140 μέν
718 4050 833 4129 ἄλλοις,
851 4051 892 4116 τά
909 4043 942 4116 δὲ
959 4049 1074 4126 ἀλλοις·
1093 4049 1147 4115 καί
1162 4049 1311 4141 γενέσεων
1338 4051 1467 4140 τρόπους
1485 4049 1539 4114 καί
1559 4048 1701 4116 θανάτων

153 4161 207 4225 καί
229 4160 336 4226 πάντα
361 4163 476 4236 ἁπλῶς,
502 4161 560 4224 ὅσοι
584 4165 623 4236 ὡς
647 4165 688 4236 εἰς
712 4160 749 4224 τό
773 4168 834 4224 πᾶν
859 4162 1023 4234 τελοῦντες
1048 4157 1198 4248 χρώμεθα
1220 4168 1285 4234 τοῖς
1302 4161 1337 4223 ἐκ
1354 4170 1409 4223 τοῦ
1425 4157 1553 4234 παντός.
1578 4159 1639 4223 Καί
1663 4151 1699 4232 δέ,

154 4269 208 4333 καί
230 4268 333 4352 τούτῳ
357 4277 403 4352 τῷ
426 4265 541 4358 πρώτῳ
565 4266 757 4358 κληρωθέντι
781 4245 835 4330 καί
859 4271 886 4332 εί
909 4276 971 4330 τῶν
995 4271 1030 4331 ἐκ
1055 4277 1110 4331 τοῦ
1134 4269 1262 4357 ούρανοῦ
1279 4291 1326 4342 τις
1349 4267 1492 4341 ἡκόντων
1517 4261 1565 4343 ἧν,
1591 4271 1625 4331 ού
1650 4257 1703 4331 διά

155 4378 337 4467 φιλοσοφίαν
362 4381 426 4441 ἐκεῖ
447 4377 636 4467 γεγονότων,
661 4373 745 4440 ἀλλά
767 4366 819 4440 διὰ
844 4365 881 4448 δή
901 4399 973 4439 τινα
990 4373 1104 4464 ἁρετλν
1120 4375 1238 4457 παισίν,
1255 4377 1311 4438 ούκ
1328 4365 1474 4457 ἀνδράσιν
1498 4376 1626 4458 οἰκείαν,
1643 4372 1702 4447 τὴν

97 4508 127 4546 ιε
156 4477 188 4562 ἐξ
211 4483 287 4548 ἐθῶν
314 4487 487 4570 βελτίστων
512 4484 693 4576 γενομένην,
717 4481 842 4558 πάντως
866 4487 885 4555 ἠ
912 4491 973 4546 τῶν
998 4473 1118 4546 παίδων
1145 4484 1255 4572 βρῶσις
1279 4483 1369 4556 ποινή
1395 4507 1443 4559 τις
1467 4475 1605 4570 ὥστ’).
1623 4535 1652 4550 ..

156 4703 179 4767 ί.
199 4703 260 4768 161
286 4724 327 4783 ν,
346 4703 458 4768 eadem
479 4701 638 4768 corrosio:
663 4697 822 4789 ἄνθρωπον
847 4699 906 4765 ὑπὸ
931 4698 1182 4788 ἀφρο[σύνης...
1206 4700 1269 4786 καί]
1295 4697 1354 4790 γάρ
1378 4688 1443 4764 οὐδ’
1468 4698 1504 4764 ἀν
1529 4699 1589 4764 έπα
1605 4752 1611 4766 .
1627 4753 1656 4768 ,.
1681 4705 1700 4774 ἠ

155 4807 314 4885 τοιούτους
338 4810 443 4897 ἔνοχος
460 4806 501 4871 ών
520 4817 637 4890 κακοῖς,
654 4801 783 4896 κρ[ἀζει]
800 4809 903 4872 τοίνυν
916 4805 944 4895 ⁹)
961 4812 980 4881 ι]
1000 4797 1070 4880 δίκη
1089 4809 1144 4872 τὸν
1160 4810 1336 4898 λαίμαργον
1363 4807 1474 4897 βρώσει
1495 4798 1628 4886 παίδων,
1652 4799 1704 4872 διά

193 5003 216 5078 ¹)
234 5002 291 5060 Ηίο
308 5001 412 5076 incipit
429 5003 468 5058 M.
994 5004 1016 5076 8)
1035 5002 1073 5058 Η.
1093 5001 1113 5058 f.
1133 5002 1177 5060 93.

191 5097 214 5168 ²)
233 5097 347 5152 ἀλλήλων
366 5095 444 5150 male
464 5111 536 5150 corr.
555 5094 617 5151 cod.
993 5093 1015 5165 7)
1033 5093 1071 5147 H.
1091 5097 1165 5144 πᾶσιν
1185 5091 1254 5149 sic...
1273 5092 1312 5148 M.
1332 5097 1399 5146 m&
1419 5101 1517 5166 φησὶν...

159 5181 162 5188 ’
191 5185 214 5259 ³)
232 5183 270 5239 H.
291 5184 432 5239 ἀναλύεται.
993 5182 1016 5254 ⁸)
1034 5181 1072 5238 M.
1084 5199 1140 5237 om.
1152 5181 1308 5253 sequentia
1320 5199 1416 5254 usque
1429 5183 1467 5240 ad
1481 5187 1501 5237 εἰ
1515 5185 1594 5238 τοίνυν
1607 5188 1622 5240 ’λ
1637 5187 1703 5248 δίκη,

192 5278 215 5350 ⁴)
227 5275 267 5330 M.
278 5293 334 5330 om.
346 5272 502 5346 sequentia
512 5289 608 5345 usque
618 5272 656 5329 ad
665 5277 745 5326 ταῦτα
755 5279 798 5328 καί
808 5275 830 5328 ῖν
842 5279 901 5336 τοῖς.
991 5272 1015 5345 ⁹)
1033 5271 1073 5326 M.
1093 5274 1113 5322 ιί
1139 5273 1227 5327 τοίνυν.
1252 5270 1289 5326 Η.
1316 5277 1434 5330 tantum
1455 5272 1547 5331 habet
1572 5277 1702 5347 ιηράζει,

193 5365 216 5442 ⁵)
234 5365 272 5422 Η.
292 5367 367 5419 ἔσται.
955 5362 1024 5419 fort.
1045 5359 1145 5422 πῑᾶζῑιθ
