3978 6070
642 518 827 592 Variorum
844 521 887 592 de
900 519 1051 611 planetis
1068 521 1262 594 sententiae.
1691 535 1726 590 69

174 693 197 758 f.
225 694 297 771 148,
322 694 357 758 in
381 694 494 760 eedem
510 693 644 760 lacuna:
670 703 725 758 τοῦ
750 683 897 782 όγδόου...
922 692 977 757 τόν
995 692 1048 756 καί
1066 690 1193 759 πέντε...
1219 685 1257 756 αὖ
1274 687 1352 756 εἶναι
1373 692 1427 756 τόν
1452 695 1730 766 ·ί,λιακ“ον...πτον

173 801 318 889 πέμπτον
343 790 377 864 δέ
402 794 478 864 εἶναι
502 801 590 868 τόν...
614 803 707 891 ἑρμοῦ
732 824 906 889 και...μον
923 801 977 865 τὀν
995 811 1050 864 τοῦ
1067 803 1186 890 τρίτου,
1204 810 1316 864 τοῦτον
1338 791 1370 865 δέ
1395 795 1472 864 εἶναι
1495 803 1550 866 τδν
1576 813 1631 869 τοῦ
1657 795 1731 889 διὀς,

175 909 229 972 καί
252 900 363 999 ὄγδοον
388 909 442 973 τόν
466 919 522 973 τοῦ
547 900 702 999 δευτέρου,
720 900 818 982 δῆλον
837 899 874 980 δη“
892 909 947 974 τόν
965 919 1021 974 τοῦ
1042 910 1163 998 κρόνου,
1182 909 1289 984 λοιπός
1314 907 1373 999 γάρ
1398 904 1497 984 οὗτος.
1523 911 1585 974 Καὶ
1608 914 1679 986 ἴσως
1704 919 1733 976 οἱ

176 1019 272 1093 οὕτως
297 1019 455 1107 λέγοντες,
479 1011 613 1106 ἐύλεψαν
631 1023 672 1093 εἰς
689 1017 731 1082 τά
748 1017 883 1108 ἀπόγεια
901 1017 955 1080 καί
969 1020 1112 1107 περίγεια
1128 1018 1291 1105 κινήματα
1309 1027 1370 1080 τῶν
1388 1018 1536 1107 ἀστέρων,
1553 1020 1606 1084 καί
1623 1023 1668 1109 ἐφ’
1691 1015 1732 1084 ὧν

176 1128 307 1190 πλείονα
330 1125 389 1198 τήν
416 1117 564 1216 διαφοράν
589 1121 684 1216 εὖρον,
708 1125 760 1192 ἐπί
783 1126 903 1190 τούτων
927 1127 965 1190 τό
983 1125 1076 1210 βάθος
1093 1125 1198 1190 ἔθεντο
1218 1129 1327 1190 πλεῖον
1351 1135 1413 1190 τῶν
1441 1138 1586 1217 σφαιρῶν·
1611 1130 1649 1193 τδ
1674 1128 1733 1220 γάρ

177 1239 298 1323 μᾶλλον
323 1235 472 1327 ἀπόγειον
490 1233 645 1300 ἐλάσσονα
662 1247 807 1317 κινεῖται,
825 1237 908 1300 ὥστε
925 1236 962 1300 τό
979 1237 1052 1324 ἔχον
1076 1236 1173 1298 πλείω
1199 1225 1347 1323 διαφοράν
1371 1244 1434 1299 τῶν
1459 1238 1614 1327 ἀπογείων
1639 1261 1733 1310 κινη-

179 1341 287 1432 μάτων
312 1343 386 1433 πρὸς
402 1341 444 1406 τά
460 1345 600 1432 περίγεια
618 1347 738 1430 μᾶλλον
756 1344 879 1433 γίνεται
897 1343 1054 1434 ἀπόγειον·
1071 1343 1175 1426 τούτῳ
1193 1334 1227 1407 δέ
1242 1342 1368 1407 ἕπεσθαι
1384 1345 1422 1408 τὸ
1444 1343 1548 1428 βάθος,
1567 1347 1615 1409 ίνα
1638 1347 1732 1410 πλέον

178 1461 235 1525 τῆς
260 1452 401 1540 σφαίρας,
425 1455 456 1515 έν
482 1447 500 1536 ᾖ
527 1452 565 1514 τό
588 1451 724 1516 ἑκάστου
747 1462 810 1517 τῶν
828 1451 966 1541 ἀστέρων
983 1452 1068 1517 ἐστίν
1087 1453 1234 1546 ἀπόγειον
1251 1451 1305 1515 καί
1328 1453 1492 1542 περίγειον·
1518 1453 1592 1517 ὥστ’
1618 1455 1731 1543 ἔχομεν

179 1559 361 1648 ἀμφοτέρων
375 1551 603 1647 τῶνιέπιύολῶν
617 1559 673 1636 τάς
687 1559 837 1650 ἀφορμάς.
849 1599 891 1610 -
906 1563 977 1625 Εἴτε
992 1551 1024 1626 δέ
1037 1560 1097 1632 τὴν
1109 1561 1274 1651 προτέραν,
1287 1561 1350 1624 εἴτε
1362 1559 1421 1630 την
1437 1551 1583 1650 δευτέραν
1598 1551 1734 1651 ἐγκρίνοι

179 1671 226 1744 τίς
250 1666 383 1758 γραφὴν,
408 1671 441 1732 ού
466 1669 547 1733 πάνυ
572 1661 754 1754 συνᾴδουσιν
778 1681 846 1744 ταῖς
871 1679 933 1733 τῶν
958 1668 1041 1758 μετά
1065 1680 1169 1734 ταῦτα
1193 1669 1371 1758 τηρησεσιν·
1399 1672 1519 1756 μᾶλλον
1545 1658 1578 1732 δέ
1606 1671 1688 1759 ὅμως
1712 1675 1731 1742 η

181 1775 235 1865 μέν
253 1765 384 1864 δευτέρα
401 1768 565 1863 συμύαίνει
579 1787 622 1861 πῇ
642 1787 706 1852 τοῖς
722 1773 778 1850 τάς
796 1777 1020 1852 ἀνελίττουσας
1038 1780 1266 1867 εἰσαγαγοῶσιν,
1283 1782 1302 1850 η
1319 1767 1353 1840 δέ
1368 1777 1504 1867 προτέρα
1528 1777 1565 1842 τό
1584 1776 1733 1867 αὐτοφυές

179 1883 257 1972 ἔχει,
282 1893 346 1958 τοῖς
371 1882 533 1973 μεγέθεσιν
550 1875 743 1949 ἀποδιδοῦσα
759 1894 822 1948 τῶν
840 1875 1044 1971 ἐνδεδεμένων
1062 1889 1092 1948 έν
1109 1895 1178 1960 ταῖς
1195 1887 1337 1974 σφαίραις
1362 1885 1510 1975 ἀστέρων,
1535 1884 1591 1962 τάς
1615 1890 1646 1950 ἐν
1670 1896 1735 1961 τοῖς

183 1989 292 2072 βάθεσι
316 1982 472 2080 διαφοράς,
497 1991 581 2062 πλὴν
606 1993 656 2055 ὅτι
679 2001 737 2066 τῆς
761 1992 932 2067 σελήνηςή
957 1983 1109 2081 ἀφροδίτη
1136 1988 1262 2081 μείζων,
1287 1998 1314 2058 εἰ
1332 1993 1385 2058 καί
1408 1995 1445 2058 τό
1469 1992 1654 2083 φαινόμενον
1679 1993 1732 2058 ἀπ’

180 2101 322 2175 ἐναντίας
339 2101 405 2188 ἔχει
424 2104 586 2176 παντελῶς
603 2110 666 2164 τῶν
684 2105 755 2164 κατ’
773 2100 962 2165 ἐκεῖνοντὸν
979 2101 1089 2191 χρόνον
1114 2103 1325 2192 ἀστρονόμων,
1348 2113 1414 2178 τοῖς
1438 2102 1632 2192 φαινομένοις
1657 2105 1731 2166 ἀκο·

141 2223 152 2260 ⁵
179 2206 413 2290 λουθησάντων,
431 2215 470 2284 ῶς
489 2210 527 2273 τό
551 2209 631 2284 εἰκός
656 2209 710 2272 καί
733 2208 835 2294 ταύτῃ
862 2209 915 2273 καὶ
938 2209 980 2274 τά
999 2207 1079 2293 βάθη
1100 2199 1339 2284 διαστησάντων
1358 2214 1400 2275 ἀπ
1426 2211 1587 2283 ἀλλήλων.
1608 2209 1730 2274 Ἔοικεν

183 2306 209 2380 δ’
235 2309 287 2380 οὖν
313 2319 328 2380 ό
355 2315 489 2380 Πλάτων
513 2315 726 2391 ἀκολουθῆσαι
748 2328 814 2392 τοῖς
839 2317 904 2382 καθ’
933 2319 1045 2382 ἑαυτόν

182 2534 206 2598 f.
233 2535 296 2599 148
313 2557 355 2613 νς
371 2534 406 2599 in
422 2535 538 2600 lacuna
558 2537 576 2600 6
593 2559 694 2602 vera:
721 2587 727 2602 .
744 2585 751 2600 .
767 2535 846 2601 ,ὅσα
869 2545 935 2610 τοῒς
950 2587 957 2601 .
972 2586 979 2600 .
997 2588 1004 2602 .
1027 2535 1136 2624 ἤρεσεν
1155 2535 1256 2624 ὥσπερ
1273 2587 1280 2602 .
1295 2586 1324 2602 ..
1349 2535 1404 2598 τόν
1421 2536 1511 2606 ἥλιον
1528 2527 1659 2623 ἐ’ύδομον
1677 2535 1736 2600 ύπδ

183 2645 269 2704 άπλα
284 2693 291 2707 .
306 2694 336 2709 ..
360 2651 520 2732 προσεχῶς
544 2643 618 2732 ὑπέρ
644 2643 790 2716 σελήνην.
816 2647 849 2708 οὐ
864 2697 870 2711 .
886 2693 916 2709 ..
942 2643 1054 2732 μόνον·
1080 2642 1164 2707 ἀλλά
1188 2644 1242 2708 καί
1266 2647 1297 2707 έν
1322 2645 1446 2732 Τιμαίῳ
1472 2653 1567 2708 τοῦτο
1591 2645 1736 2732 φαίνεται

183 2749 294 2840 λέγων.
319 2753 423 2815 καίτοι
446 2775 483 2842 γε
508 2742 577 2816 οἶδα
601 2752 654 2815 καί
672 2752 749 2816 αύτό
773 2775 810 2816 τε
834 2752 968 2838 καὶτοῖς
987 2751 1079 2840 μέσον
1097 2762 1159 2815 τῶν
1176 2751 1258 2816 έπτά
1278 2751 1333 2816 τόν
1354 2753 1444 2824 ἥλιον
1468 2755 1600 2816 εἰποῦσιν
1625 2753 1738 2840 ἀστρο-

185 2857 300 2947 νόμοις,
323 2861 357 2922 οὐ
380 2858 462 2923 πάνυ
486 2849 524 2923 δι’
551 2861 728 2950 ἀναγκαίων
753 2870 847 2924 τοῦτο
872 2851 1031 2925 δέδεικται
1055 2859 1246 2948 λημμάτων,
1263 2860 1345 2934 ὅπως
1364 2851 1398 2924 δέ
1422 2861 1500 2934 ὅλως
1523 2860 1739 2949 ἐπεχείρησαν,

186 2969 311 3055 εἴπομεν
330 2968 441 3043 ἐντοῖς
460 2972 501 3042 εἰς
518 2969 650 3057 Τίμαιον
676 2975 796 3043 ἱκανῶς·
819 2964 964 3049 “ἀλλά’)
986 2977 1048 3032 τῶν
1073 2966 1158 3057 παρά
1176 2958 1343 3040 Χαλδαίοις
1362 2965 1514 3056 θεουργῶν
1533 2964 1677 3046 ἀκούσας,
1698 2970 1738 3040 ὡς

184 3071 260 3161 ἄρας
284 3071 349 3148 θεὸς
374 3067 629 3162 ἑμ.εσεμ.ύόλησεν
654 3076 708 3138 τόν
733 3077 821 3144 ἥλιον
846 3077 877 3141 ἐν
908 3087 973 3152 τοῖς
997 3074 1090 3158 ἑπτά,
1114 3074 1168 3139 καί
1192 3075 1400 3164 ἀνεκρέμασεν
1427 3072 1478 3137 ἀπ’
1505 3075 1600 3137 αὑτοῦ
1624 3071 1682 3148 τάς
1706 3066 1738 3149 ἐξ

187 3181 285 3256 άλλας
309 3173 408 3258 ζώνας
432 3181 486 3245 καί
510 3190 572 3244 τῶν
597 3180 673 3246 θεῶν
698 3185 812 3266 αὐτῶν,
835 3185 884 3248 ότι
908 3185 945 3247 τό
970 3184 1102 3256 ηλιακδν
1126 3193 1185 3272 πῢρ
1209 3175 1339 3271 κραδίης
1362 3184 1450 3265 τόπῳ
1468 3173 1659 3270 ἐστέριξεν·,
1687 3179 1740 3243 καί

187 3280 332 3364 δεδοικὼς
347 3290 389 3377 μή
404 3315 449 3374 πῃ
467 3288 551 3353 κατά
568 3289 622 3353 τὀν
635 3281 768 3364 ’ΊύυκονΙ
785 3290 870 3379 παρά
885 3289 962 3367 θεοῖς
976 3294 1151 3378 ἀμπλακῶν
1169 3288 1263 3378 τιμάν
1276 3291 1351 3379 πρὸς
1368 3288 1535 3379 ἀνθρώπων
1550 3283 1739 3376 ἀμείψωμαι,

187 3407 281 3461 τοῦτο
305 3389 343 3467 δὴ
369 3399 406 3462 τό
431 3397 484 3461 καί
507 3399 565 3462 ὑπὸ
589 3409 644 3462 τοῦ
670 3398 855 3488 Σωκράτους
874 3397 975 3489 ῥηθὲν,
993 3399 1107 3486 ἕπομαι
1125 3400 1179 3487 μὲν
1196 3409 1262 3474 τοῖς
1279 3403 1314 3463 ἐκ
1332 3409 1394 3462 τῶν
1420 3396 1495 3462 θεῶν
1520 3396 1738 3485 πεφασμένως,

186 3503 269 3593 λέγω
294 3496 337 3587 δέ,
362 3505 475 3591 ὅτιτῇ
501 3506 566 3570 καθ’
595 3510 706 3574 ἑαυτὸν
732 3510 933 3598 ἀστρονομίᾳ,
957 3508 1026 3599 περὶ
1050 3507 1170 3572 τούτοιν
1194 3507 1360 3572 ὁΠλάτων
1378 3506 1580 3595 συμφέρεται.
1596 3504 1658 3568 Καὶ
1680 3501 1741 3594 γάρ

187 3613 411 3695 Ἀριστοτέλης
436 3625 548 3679 τοῦτον
573 3617 673 3680 οίεται
696 3618 751 3680 τόν
775 3617 903 3707 τρόπον,
926 3616 1074 3706 ἑπόμενος
1099 3627 1164 3692 τοῖς
1184 3616 1255 3704 περὶ
1270 3615 1456 3680 Κάλλιππον
1475 3613 1687 3702 ἀστρονόμοις·
1714 3615 1741 3675 εἰ

188 3711 222 3785 δέ
246 3711 283 3791 δὴ
310 3723 453 3810 κρατοίη,
478 3723 533 3786 τόν
559 3723 614 3810 μέν
637 3726 726 3798 ἥλιον
752 3729 783 3789 έν
807 3734 853 3807 τῷ
879 3725 962 3812 μέσῳ
986 3722 1115 3788 τάττειν
1139 3733 1202 3788 τῶν
1227 3721 1325 3798 ἑπτά,
1351 3720 1491 3810 καθάπερ
1516 3725 1543 3785 οί
1568 3717 1743 3808 θεουργικοί

186 3829 277 3920 λόγοι
300 3830 353 3893 καί
378 3828 442 3895 θεοί
466 3832 568 3918 φασίν,
586 3833 640 3896 τόν
661 3824 694 3897 δέ
717 3832 814 3923 έρμὴν
832 3830 905 3918 ὑπὲρ
923 3833 1070 3913 σελήνην,
1087 3841 1198 3896 σκοπεῖ
1219 3830 1279 3902 τὴν
1304 3823 1404 3908 τάξιν,
1428 3829 1509 3905 ὅπως
1533 3827 1601 3892 ἐστὶ
1624 3826 1742 3917 προσή-

133 3977 137 3988 ·
188 3963 303 4002 κουσαν
320 3949 385 4015 τοῖς
402 3949 459 4015 τῆς
473 3939 619 4030 γενέσεως
633 3943 709 4018 όλης
721 3941 924 4031 προστάταις·
938 3945 954 4004 ό
968 3941 1023 4028 μέν
1038 3939 1098 4032 γάρ
1112 3946 1151 4016 ὡς
1166 3941 1220 4004 καί
1233 3949 1295 4003 τῶν
1310 3942 1430 4028 ὁρατῶν
1443 3934 1570 4001 πάντων
1587 3930 1742 4019 βασιλεὺς,

189 4047 242 4110 καὶ
264 4046 322 4122 τάς
346 4037 572 4137 δημιουργικὰς
597 4038 742 4138 δυνάμεις
767 4040 819 4114 διά
842 4060 905 4115 τῶν
930 4060 984 4114 τοῦ
1009 4050 1111 4140 φωτὸς
1133 4050 1294 4133 ἀκτί[νων]

190 4268 212 4334 ί.
234 4269 306 4347 149,
323 4269 358 4333 in
374 4268 491 4334 lacuna
508 4268 529 4332 4
545 4289 648 4333 vere:
668 4259 781 4333 ...εὖθ’
796 4259 873 4331 ούσα
887 4317 895 4332 .
910 4319 917 4333 .
932 4317 938 4332 .
956 4277 1053 4355 ρεῖται
1067 4275 1163 4332 τῶν...
1177 4259 1259 4345 ζωῆς
1271 4260 1479 4350 πληρωθεὶς..
1491 4311 1497 4324 .
1509 4251 1594 4349 ρωδέ·
1608 4253 1647 4322 αὖ
1660 4269 1742 4347 τρεῖς

191 4375 427 4465 ἀρρενωποίος...
451 4364 695 4464 ἐπιδεικνύμενοι
712 4371 796 4438 κατά
815 4373 968 4450 πάντας...
992 4373 1140 4464 γενέσεως
1157 4371 1282 4452 κύκλον,
1307 4374 1322 4434 ό
1347 4368 1402 4460 μέν
1427 4369 1596 4458 συγκρίνων
1608 4368 1644 4450 ²),
1668 4370 1684 4429 ὁ
1710 4356 1742 4431 δέ

191 4481 394 4572 συγκεραννύς
411 4481 467 4558 τάς
485 4482 719 4572 ἀμφοτέρας...
736 4482 789 4546 καὶ
806 4483 951 4558 κινήσεις·
967 4473 1080 4547 διὸκαὶ
1094 4480 1270 4570 σύμμετρος
1284 4484 1303 4552 η
1317 4531 1323 4546 .
1335 4529 1360 4544 .,
1376 4477 1510 4551 ποίησις,
1524 4486 1588 4551 τοῖς
1607 4472 1741 4548 θνητοῖς·

136 4619 139 4627 ·
192 4597 223 4654 αἱ
247 4582 280 4656 δέ
302 4601 365 4655 τῶν
384 4589 520 4680 ἀστέρων
537 4583 708 4680 ὑπερύολαὶ
725 4581 765 4654 δι’
784 4591 882 4662 αὐτὴν
900 4589 959 4660 την
978 4579 1122 4678 μονοειδῆ
1139 4588 1265 4658 ποίησιν
1283 4583 1477 4674 ἀσύμμετροι
1498 4594 1562 4656 τοῖς
1586 4578 1743 4653 συνθέτοις

192 4700 277 4782 εἰσίν,
299 4699 422 4776 ἀπάσης
441 4699 494 4788 μέν
511 4709 569 4776 τῆς
586 4700 735 4791 γενέσεως
753 4691 804 4765 διά
822 4699 1011 4790 συγκρίσεων
1029 4721 1122 4762 τινων
1139 4695 1193 4760 καὶ
1209 4685 1390 4783 διακρίσεων
1408 4688 1661 4777 ἐπιτελουμένης,
1679 4695 1742 4748 τῶν

191 4801 224 4874 δέ
248 4808 401 4875 συνθέτων
427 4807 609 4898 ἀμφοτέρων
634 4807 755 4873 τούτων
781 4808 1022 4898 μεμετρημένως
1040 4795 1201 4892 δεομένων·
1221 4798 1389 4888 κατωτέρω
1410 4789 1452 4875 δέ,
1474 4798 1566 4862 άλλοι
1590 4804 1672 4885 τρεῖς
1698 4786 1739 4856 ὦν

229 5101 250 5175 ¹)
270 5099 432 5174 Sequentia
445 5099 564 5156 lineolis
580 5099 611 5154 in
624 5098 759 5170 margine
773 5096 939 5170 signanaur,
993 5093 1091 5152 toxico
1110 5090 1225 5158 imbuit,
1252 5093 1287 5144 ut
1312 5093 1377 5144 toea
1395 5082 1559 5154 evanuerit,
1583 5079 1642 5137 nisi
1664 5079 1744 5152 quod

192 5209 226 5247 aa
246 5190 271 5247 si
285 5188 409 5245 Proelus
424 5189 472 5245 vel
486 5205 556 5244 suos
570 5187 600 5243 in
612 5187 776 5258 Timaeum,
788 5187 838 5244 vel
858 5185 942 5242 Chal·
994 5186 1025 5240 in
1039 5202 1091 5240 ora
1103 5181 1258 5256 appositae
1277 5177 1402 5252 paginae
1419 5174 1562 5233 nonnulla
1580 5178 1744 5229 raaroreum

192 5281 334 5337 daeorum
352 5279 465 5334 referat
484 5277 720 5333 commentarios.
994 5272 1160 5329 manserina
1172 5267 1259 5341 quasi
1274 5269 1456 5339 βουστροφηδὸν
1471 5262 1590 5335 scripta,
1602 5276 1698 5333 neque
1714 5257 1745 5313 id

228 5371 250 5444 ²)
270 5369 379 5425 Notam
398 5383 491 5438 marg.
512 5365 621 5438 aliquis
646 5365 782 5423 curiosus
801 5371 862 5422 tam
882 5365 942 5422 aeri
997 5363 1089 5421 semel
1109 5361 1223 5419 accidit.
