3940 6072
763 555 805 628 de
832 553 958 628 Herbis
986 561 1047 628 cic.
1627 564 1682 620 299
1753 549 1757 558 ⁸

134 725 189 790 καί
212 726 272 791 ὑπὸ
295 722 367 801 τοὺς
389 717 489 802 πόδας
514 727 610 790 αὐτοῦ
628 723 800 816 βάτραχον,
817 725 872 791 καί
887 725 947 790 ὑπὸ
963 737 1018 792 τοῦ
1034 723 1123 790 λίθου
1147 722 1268 817 γράψας
1289 737 1394 794 ταῦτα
1414 712 1550 819 Μία,
1567 726 1621 794 καί
1644 732 1685 805 εὶς

135 835 293 925 μαγνίτην
318 832 377 906 τὴν
402 833 501 907 αὐτὴν
525 833 659 926 γλυρὴν,
685 835 739 898 καί
761 835 821 900 ὑπὸ
845 845 900 900 τοῦ
924 833 1166 923 λίθουμαλινά,
1191 835 1245 900 καί
1267 834 1362 926 φόρει.

592 1156 691 1248 Ἀρχὴ
717 1168 773 1225 τοῦ
798 1163 833 1222 X.
860 1157 1070 1250 Χρυσάνθεμις
1096 1159 1228 1244 βοτάνη,

419 1265 632 1358 χρυσόπτερον
656 1269 788 1346 πτηνὸν,
812 1267 985 1358 χρυσόφρυς
1012 1267 1108 1358 ἰχθὺς,
1131 1271 1282 1360 χρυσίτης
1306 1266 1400 1344 λίθος.

180 1487 229 1561 Ei:
254 1475 288 1549 δὲ
311 1483 365 1548 τὴν
390 1485 544 1574 χρυσίτην
567 1483 653 1549 λίθον
677 1481 795 1576 γλόψυν
819 1484 875 1549 τὴν
899 1484 1013 1572 ὄρνεον,
1040 1486 1197 1570 βασιλειον
1221 1485 1294 1574 ἕχον
1319 1473 1496 1562 δισκοειδές,
1521 1483 1576 1548 καί
1599 1483 1685 1574 παρά

132 1593 205 1670 τοὺς
227 1584 327 1670 πόδας
352 1596 448 1659 αὐτοῦ
471 1593 526 1660 τὀν
551 1591 649 1684 ἰχθὺν,
674 1593 728 1659 καί
751 1595 965 1670 κατακλείσας
989 1588 1083 1686 βιζίον
1109 1593 1257 1678 βοτάνης,
1281 1584 1368 1658 δίδου
1392 1601 1504 1683 φορεῖν.

340 1895 440 1988 Ἀρχὴ
466 1907 521 1963 τοῦ
547 1901 590 1964 Ψ.
615 1901 736 1974 Ψιλλος
761 1897 893 1985 βοτάνη,
917 1894 1003 1989 ψιλός
1028 1896 1205 1976 θαλάσσιος,
1230 1893 1323 1989 ψοίρος
1347 1899 1478 1978 πτηνὸν,

562 2003 700 2098 ψωρίτης
723 2006 819 2090 λίθος,
836 2013 859 2072 -ό
882 2008 936 2074 καί
958 2017 1059 2099 πῶρος
1083 2006 1262 2099 λεγόμενος.

183 2226 232 2297 Eu
256 2213 290 2288 δὲ
310 2222 365 2288 τὴν
382 2221 468 2288 λίθον
485 2223 540 2288 τόν
557 2221 696 2314 ψωρίτην
713 2220 832 2313 γλίιβον
849 2218 955 2313 ψιλοὺς
973 2221 1159 2301 θαλασσίους
1184 2235 1274 2314 τρεῖς,
1298 2224 1358 2288 cai
1381 2223 1526 2313 κάλαμον
1550 2226 1691 2298 ἑστῶτας

137 2329 269 2420 χλωρὸν,
292 2327 346 2394 καί
369 2331 582 2408 κατακλείσας
606 2323 700 2421 ῥιζίον
724 2341 783 2408 τῆς
808 2331 956 2416 βοτάνης,
981 2332 1035 2397 καί
1058 2321 1144 2396 δίδου
1169 2343 1282 2422 φορεῖν,

246 2651 346 2744 Ἀρχὴ
372 2663 428 2718 τοῦ
452 2661 490 2724 Ω.
514 2652 653 2746 ΙὨκιμος
678 2654 811 2740 βοτάνη,
829 2655 1006 2748 ὼκόπτερυν
1030 2655 1162 2742 πτηνὸν,
1186 2657 1224 2723 τὸ
1247 2655 1419 2748 λεγόμενον
1441 2647 1587 2748 χελίδων,

616 2764 694 2855 ὡμίς
719 2763 898 2848 θαλάσσιος,
921 2765 1092 2842 ὠκυτόκιος
1115 2765 1211 2843 λίθος.

182 2980 262 3044 ’Ὂτι
286 2983 302 3043 ό
328 2977 466 3056 Γάληνος
497 2982 529 3045 ἑν
557 2989 604 3064 τῷ
636 2980 708 3071 Περί
737 2991 859 3071 τροφῶν
882 2985 978 3046 αὐτοῦ
1005 2981 1215 3072 πραγματείιρ
1247 2979 1414 3069 ἀνατρέπει
1444 2990 1558 3058 τοῦτο,
1583 2971 1690 3070 ψευδὲς

137 3089 263 3178 φάσκων
287 3082 366 3153 ιίναι
381 3086 404 3169 Ι)
420 3140 427 3155 .
442 3140 471 3156 ..
496 3088 558 3153 Καί
581 3087 704 3162 ταύτην
729 3081 763 3154 δὲ
787 3089 846 3162 τὴν
870 3081 1085 3160 Ιιπιδεικτικὴν
1109 3090 1257 3180 ἐργασίαν
1280 3081 1391 3178 πρᾶξιν
1416 3078 1496 3153 είδον
1520 3087 1582 3180 ἐγὼ
1605 3112 1693 3180 γενο-

138 3196 235 3285 μένην
259 3197 290 3260 ίν
315 3187 513 3284 μητροπόλει
535 3205 594 3271 τῆς
620 3187 818 3272 Βαβυλωνίας
842 3195 1014 3286 χώρας...
1039 3192 1159 3285 Γλύψον
1182 3187 1216 3260 δὲ
1239 3197 1270 3260 ὲν
1294 3204 1340 3278 τῷ
1363 3193 1440 3279 λίθῳ
1461 3187 1620 3286 χελιδόνα,
1638 3196 1693 3260 καί

137 3300 223 3392 παρά
247 3301 319 3378 τοὺς
342 3293 442 3379 πόδας
465 3306 676 3368 κατακλτῑσον
701 3301 879 3392 ὀιρθαλμοὺς
912 3314 967 3368 τοῦ
991 3306 1138 3394 σκορπίου
1162 3313 1221 3379 τῆς
1246 3291 1385 3392 μαινίδος
1413 3304 1468 3368 καί
1491 3305 1691 3395 οκορπίουρον

140 3404 243 3500 ῥιζίον,
267 3411 321 3474 καί
344 3413 559 3486 κατακλείσας
582 3411 667 3500 φόρει
681 3409 718 3493 ²).
801 3439 805 3450 ς

175 3623 197 3698 ¹)
209 3621 268 3680 Vix
281 3621 405 3680 dubium
417 3622 489 3698 quin
502 3623 551 3682 hic
565 3623 746 3698 respiciatur
758 3623 892 3684 Galenus
945 3625 1030 3683 locus
1054 3631 1108 3683 aui
1135 3631 1220 3682 aetas
1247 3623 1388 3682 abscondi
1416 3622 1507 3682 simul
1534 3628 1565 3681 et
1590 3622 1691 3698 detegi

138 3715 183 3772 De
191 3715 377 3786 simplicibus
389 3715 612 3772 medicamentis
623 3715 702 3790 (opp.
714 3723 733 3771 ι.
744 3732 768 3773 ιι
779 3735 806 3790 p.
817 3717 891 3791 268),
945 3723 1068 3789 queunt„
1081 3748 1116 3760 -
1129 3717 1264 3772 Faveani
1282 3723 1346 3772 tum
1358 3715 1487 3773 maxime
1499 3715 1618 3774 candidi
1632 3715 1691 3774 iec-

138 3803 170 3859 in
189 3821 313 3876 gravem
333 3802 513 3860 senientiam
533 3821 692 3878 crumpens
710 3803 759 3862 hie
778 3805 888 3878 verbis,
946 3813 1036 3880 iores,
1054 3824 1091 3864 ne
1111 3825 1128 3863 a
1147 3805 1233 3863 uobis
1246 3805 1400 3878 requirant
1412 3807 1528 3880 prolixa
1539 3812 1689 3878 notarum,

135 3892 201 3966 jam
219 3910 257 3950 ex
275 3898 360 3966 paris
378 3892 529 3951 recitatis:
547 3897 589 3946 Ἐν
607 3915 653 3948 τινι
675 3899 721 3948 τῶν
742 3899 775 3957 ιίι
795 3895 891 3968 'Eppia
946 3913 1155 3967 censurarum,
1177 3893 1466 3953 animadversionum
1491 3894 1690 3968 incrementa,

139 3986 180 4036 τὴν
199 3984 335 4056 Αίγύπτιον
355 3985 543 4056 ἂναριριμίνων
564 3981 665 4050 βιόλίυν
691 3985 828 4056 πιριίχοντι
847 3993 891 4048 τὰς
945 4003 1022 4060 quas
1040 3984 1108 4060 quis
1126 3985 1157 4042 in
1176 3984 1235 4041 alio
1253 3985 1319 4042 loco
1339 3984 1378 4042 sd
1404 3984 1539 4058 singulas
1561 3984 1690 4058 paginas

141 4075 176 4136 λς’
196 4077 246 4128 seia
272 4076 421 4146 spaosines
443 4078 508 4147 ίιρὰς
536 4076 651 4146 βοτάναι,
671 4079 698 4128 τί
719 4079 833 4145 auceia,
854 4080 891 4130 ὅτι
945 4083 999 4134 aut
1017 4075 1182 4134 versiculos
1194 4074 1290 4149 plenia
1303 4073 1440 4132 manibus
1452 4075 1541 4131 facile
1560 4073 1693 4132 effunde·

140 4169 221 4218 πᾶται
239 4167 312 4236 λῆρος
332 4167 379 4218 sici
398 4171 442 4218 sai
462 4168 604 4236 πλάσματα
622 4169 665 4218 τοῦ
683 4166 817 4228 συνθίντος.
837 4165 892 4224 Oui
944 4173 1000 4226 roi.
1019 4167 1164 4240 Exemplo
1183 4165 1223 4223 sit
1248 4166 1355 4224 doctus
1380 4164 1428 4222 vir
1445 4163 1689 4234 Boissonnsdius‚

141 4272 229 4312 nomo
247 4271 307 4312 nun
326 4253 481 4313 assentiet.
859 4243 869 4266 ⁸
945 4256 1083 4332 quicum
1101 4271 1212 4330 paucas
1231 4253 1261 4310 id
1280 4271 1376 4327 genus
1395 4253 1531 4328 pagellas
1550 4271 1567 4310 e
1586 4251 1692 4311 codici·

176 4344 199 4417 ¹)
217 4343 312 4401 Nemo
330 4361 348 4400 a
366 4341 453 4401 nobie
466 4343 670 4418 expectaverit
682 4349 717 4402 ui
734 4342 892 4402 innumera
929 4341 1002 4405 'bue
1021 4345 1107 4413 eruic,
1120 4344 1152 4403 in
1170 4343 1390 4403 commentariis
1405 4343 1591 4418 consumpsit
1608 4343 1691 4418 quiu-

141 4436 278 4504 αούοιατα,
299 4432 428 4492 maxime
446 4453 515 4493 cum
532 4436 715 4511 copulieiai,
729 4443 793 4510 περὶ,
813 4443 890 4508 παρὰ,
945 4455 1003 4512 que
1032 4439 1063 4493 at
1087 4435 1251 4508 nonaginta
1277 4433 1400 4509 majoris
1424 4431 1538 4490 moduli
1565 4432 1691 4506 paginas

143 4530 185 4596 εἰς,
214 4543 291 4598 qnae
316 4526 427 4599 passim
456 4533 624 4600 occurrunt,
649 4545 845 4603 repurgemus
873 4545 892 4584 a
944 4528 1074 4600 (Notices
1084 4529 1111 4583 at
1120 4527 1247 4584 extruite
1257 4527 1309 4584 dea
1317 4529 1448 4597 σικυόν,
1456 4542 1484 4598 ρ.
1493 4523 1690 4597 apliunvu).

141 4613 293 4690 squallida
316 4613 464 4684 barbaric,
484 4633 573 4690 quam
591 4616 637 4674 nii
658 4617 746 4674 mesti
772 4615 888 4674 codices
944 4617 971 4672 Α
990 4632 1049 4688 qne
1068 4615 1181 4690 aliquid
1200 4617 1223 4670 ia
1236 4618 1337 4687 παρόδῳ
1350 4613 1499 4688 recipiam,
1514 4612 1631 4670 edoceri
1650 4613 1691 4671 ni·

141 4703 318 4775 retulerunt,
336 4705 503 4764 retulimus.
526 4709 683 4764 Caeterum
709 4707 887 4780 sphalmata,
944 4705 1051 4762 mirum
1071 4723 1126 4777 me,
1145 4705 1176 4762 in
1195 4705 1274 4779 diple
1287 4711 1451 4762 memorata
1466 4723 1493 4778 p.
1507 4704 1646 4761 280ncia
1665 4706 1690 4776 1,

141 4799 223 4866 quot,
244 4801 357 4868 quante
375 4801 406 4852 et
420 4796 646 4870 qualiacumque
659 4797 779 4854 demum
798 4797 888 4854 offen·
944 4793 1016 4851 alibi
1035 4793 1205 4868 significari,
1218 4801 1329 4869 puncto
1348 4793 1458 4868 addite,
1477 4796 1606 4866 δραχμὴνι
1625 4810 1693 4851 nos·

142 4883 217 4940 duni
226 4883 257 4940 in
266 4884 315 4943 hia
325 4903 401 4958 quac
414 4885 553 4942 dicuutur
565 4886 712 4960 Orpheica
725 4888 887 4944 etHerme-
944 4889 1111 4941 traaucem
1130 4883 1209 4958 diple
1235 4883 1300 4942 eine
1325 4890 1453 4958 puncto,
1473 4882 1571 4956 qualis
1594 4881 1691 4940 estin

142 4971 210 5042 tica,
225 4991 259 5029 ea
278 4981 365 5031 canto
380 4979 516 5048 cignano
529 4975 634 5032 lectori
652 4975 780 5034 fortasse
800 4985 889 5035 erunt
943 4974 1045 5032 codice
1064 4974 1144 5031 etin
1161 4981 1241 5046 noia,
1261 4973 1338 5032 eatis
1357 4973 1456 5032 differt
1478 4992 1497 5030 a
1515 4989 1587 5031 vcra
1611 4971 1690 5047 diplc

143 5061 268 5120 totidem
288 5068 434 5136 ίδιιιτιομοί,
455 5063 564 5138 quibus
577 5064 673 5140 operis
687 5064 780 5137 origo,
795 5064 888 5138 regio,
942 5067 980 5140 <
997 5082 1074 5140 quae
1093 5065 1202 5122 dicitur
1221 5073 1350 5122 νιναυκυῗα
1369 5067 1422 5130 ἔξω.

706 5287 1130 5320 -ἥ-ῄ,
