3940 6072
966 519 1222 616 Harpocration

459 913 559 1006 ιλρχὴ
585 924 641 980 τοῦ
665 921 699 983 P.
723 912 854 1003 Ῥάμνος
879 913 984 1003 φυτθς,
1009 911 1147 1006 ῥομφαία
1169 911 1290 984 πτηνὸν
1315 909 1544 1002 τὸλεγόμενον
1569 911 1732 1002 νυκτερίς,

831 1023 918 1114 ῥαφίς
943 1019 1040 1112 ἰχθὺς,
1067 1019 1225 1112 ῥινόκερως
1248 1017 1344 1096 λίθος.

354 1237 511 1330 Γλάψεται
534 1233 586 1306 οὖν
610 1243 630 1313 η
657 1239 796 1330 νυκτερίς
821 1243 862 1316 είς
879 1238 933 1304 τὸν
954 1235 1053 1321 λίθον,
1070 1235 1124 1302 καί
1139 1233 1224 1326 παρά
1241 1233 1313 1312 τοὺς
1329 1226 1430 1312 πάθας
1447 1237 1580 1312 αὐτῆςὴ
1606 1234 1711 1326 ῥαφίς,
1739 1235 1801 1300 καὶ
1825 1236 1884 1299 ὑπὸ

312 1359 370 1416 τοῦ
393 1347 480 1414 λίθου
507 1341 598 1440 ῥιζίον
623 1357 682 1424 τῆς
707 1345 855 1432 βοτάνης,
880 1345 934 1411 καί
957 1355 1052 1411 τοῦτο
1076 1345 1263 1436 φορούμενος
1288 1335 1439 1432 δαίμονας
1463 1333 1644 1412 άποθιώκει.

580 1670 681 1762 Ἀρχὴ
707 1680 761 1736 τοῦ
787 1676 822 1740 Σ.
848 1668 986 1760 Σάτυρος
1011 1668 1143 1754 βοτάνη,
1167 1667 1445 1761 στρουθοκάμηλος
1465 1671 1597 1758 πτηνὸν,

801 1771 941 1869 σάλπιγξ
965 1775 1062 1868 ἰχθὺς,
1086 1777 1254 1870 σάπφειρος
1276 1777 1371 1856 λίθος.

357 2003 408 2076 Είς
433 1989 467 2064 δὲ
491 1997 545 2063 τὸν
572 1996 740 2088 σάπφειρον
765 1994 850 2062 λίθον
868 1995 967 2087 γλὺφτ
985 1993 1275 2087 στρουθοκάμηλον,
1292 1995 1489 2087 κατέχουσαν
1506 2001 1537 2063 ἐν
1559 2007 1605 2082 τῷ
1630 1998 1779 2088 στόματι
1807 2001 1885 2066 σάλ-

311 2131 413 2198 πιγγα
437 2107 456 2180 ἥ
482 2106 604 2198 σάρπην
620 2105 655 2190 ¹),
679 2107 733 2170 καί
757 2104 874 2191 ὑποθῇς
898 2106 957 2185 ὑπὸ
980 2106 1035 2170 τὸν
1059 2103 1144 2170 λίθον
1168 2105 1281 2171 κάκκον
1307 2108 1453 2196 σατυρίου
1477 2107 1530 2171 καί
1555 2107 1658 2198 βραχὺ
1682 2117 1744 2173 τοῦ
1770 2111 1882 2198 ἐχίνου

311 2226 366 2280 τοῦ
391 2221 423 2281 ἐν
447 2223 488 2302 τῇ
514 2217 619 2301 κοιλίᾳ
640 2225 696 2281 τοῦ
720 2212 1014 2305 στρουθοκαμιίλου,
1038 2213 1092 2278 καί
1116 2215 1327 2290 κατακλείσας
1351 2214 1445 2306 φόρει.

408 2537 508 2631 Ἀρχὴ
528 2547 585 2604 τοῦ
602 2545 639 2605 Τ.
655 2540 831 2631 Τρίφυλλον
850 2537 982 2625 βοτάνη,
999 2537 1083 2616 τάως
1098 2537 1212 2630 ὄρνεον,
1227 2537 1352 2632 τρυγὼν
1369 2538 1536 2618 θαλασσία,
1553 2541 1670 2618 ταίτης
1686 2539 1794 2620 λίθος.

359 2757 515 2847 Γλάψεται
538 2751 590 2824 οὖν
615 2757 666 2823 ίπί
689 2757 804 2822 τούτου
827 2755 917 2822 λίθου
941 2757 1036 2841 τάως,
1059 2769 1169 2824 πατῶν
1186 2768 1330 2852 τρυγῶνα
1347 2757 1529 2836 θαλασσίαν,
1546 2759 1600 2824 καί
1615 2760 1677 2825 ὑπὸ
1702 2773 1765 2828 τοῦ
1793 2763 1882 2830 λίθου
1949 2773 1950 2794 ¹

311 2872 331 2942 ἡ
350 2867 435 2958 φωνὴ
453 2877 509 2933 τοῦ
526 2876 658 2952 ταῶνος,
673 2867 694 2940 ἤ
712 2870 797 2931 ἐστιν
814 2869 883 2943 ἀῶ,
908 2865 962 2931 καί
986 2860 1079 2958 ῥιζίον
1103 2878 1162 2945 τῆς
1187 2866 1324 2954 βοτάνης
1347 2866 1581 2959 ὑποτιθέμενον·
1605 2872 1808 2947 ὑπσκλείσας
1832 2867 1881 2938 οὖν

311 2978 408 3069 φάρει,
432 2978 502 3044 ἔστι
524 2975 586 3070 γάρ
610 2975 695 3068 μίγα
717 2985 814 3042 τοῦτο
838 2975 893 3042 καί
916 2974 1098 3066 θαυμαστὸν
1123 2976 1346 3070 φυλακτήριον.

595 3302 695 3396 Ἀρχὴ
720 3311 776 3368 τοῦ
801 3308 834 3368 Υ.
860 3300 1020 3392 Ὑπερικὸν
1046 3300 1165 3386 βοτάνη
1194 3301 1225 3389 (η
1250 3299 1406 3394 λεγομένη
1434 3291 1586 3387 διονυσία)

535 3415 683 3506 ὑπιρωνίς
711 3412 731 3486 ἢ
764 3411 856 3489 άετος
886 3409 999 3484 θήλεια
1029 3411 1161 3490 πτηνὸν,
1190 3411 1262 3487 ὅλος
1292 3409 1390 3500 ἰχθὺς,
1418 3409 1518 3486 ὑέτιος
1547 3407 1643 3486 λίθος.

360 3626 517 3718 Γλὺψεται
534 3629 625 3707 ἀετὸς
644 3621 887 3720 θιασπαράττων
904 3629 960 3694 τον
979 3628 1077 3720 ίχθίν·
1095 3629 1155 3694 ὑπὸ
1172 3619 1206 3694 δὲ
1220 3629 1275 3694 τὸν
1291 3626 1378 3693 λίθον
1395 3627 1621 3693 κατακλείεται
1639 3626 1756 3716 μικρὸν
1782 3623 1880 3719 ῥιζίον

313 3749 372 3814 τῆς
397 3737 537 3824 βοτάνης
561 3738 614 3803 καί
631 3737 823 3828 άκρόπτερον
838 3748 894 3802 τοῦ
912 3741 1006 3802 άετοῦ
1023 3735 1042 3810 ἢ
1061 3747 1116 3804 τοῦ
1135 3737 1262 3826 ίεράκος,
1279 3737 1333 3803 καί
1349 3737 1570 3813 κατακλείσας,
1584 3737 1638 3825 ἔχε
1654 3739 1881 3826 φυλακτήριον

312 3847 368 3912 καί
391 3857 455 3922 τοῖς
481 3837 610 3937 άνθράσι
634 3847 688 3912 καί
711 3858 781 3924 ταῖς
804 3840 928 3938 γυναιξί
950 3847 1033 3913 πάνυ
1057 3847 1223 3938 χρήσιμον.

402 4169 503 4264 ’λρχίι
529 4181 584 4238 τοῦ
608 4176 649 4240 Φ.
673 4171 784 4262 Φράτη
813 4171 988 4258 βοτάνη,’ή
1014 4171 1168 4264 λεγομένη
1195 4169 1308 4263 φράτη,
1334 4169 1547 4262 βατράχωνή
1574 4171 1778 4260 βατραχίτις,

514 4279 623 4372 φράνος
639 4281 770 4363 πτηνὸν,
788 4280 877 4370 φώκη
897 4279 1065 4346 θαλάσσιον
1083 4275 1172 4366 ζῶον,
1191 4279 1299 4372 φράνος
1314 4278 1400 4356 λίθος
1417 4279 1436 4353 ἣ
1456 4281 1663 4370 βατραχίτης.

358 4499 408 4572 Εἲς
432 4487 467 4562 δὲ
490 4495 545 4561 τον
571 4497 769 4586 βατραχίτην
787 4492 904 4587 γλάψον
930 4495 1049 4587 ίεράκα,
1073 4496 1127 4561 καί
1150 4494 1236 4586 παρά
1267 4493 1339 4571 τοὺς
1366 4485 1465 4571 πάθας
1490 4497 1584 4560 αὑτοῦ
1609 4493 1795 4584 βάτραχον,
1823 4495 1876 4558 καί

315 4607 526 4670 κατακλεῖσον
549 4609 696 4695 γλῶσσαν
716 4605 877 4696 βατράχου
894 4607 948 4670 καί
965 4599 1058 4696 ῥιζίον
1076 4615 1134 4680 τῆς
1155 4603 1292 4688 βοτάνης
1308 4602 1363 4668 καὶ
1378 4603 1471 4690 άκρον
1488 4600 1634 4694 γλώσσης
1655 4611 1710 4665 τοῦ
1735 4610 1875 4673 πτηνοῦ,
1949 4679 1950 4690 ,

314 4715 369 4779 καὶ
392 4715 605 4788 κατακλείσας
630 4705 686 4796 θοςλ
706 4725 825 4804 φορεῖν·
851 4715 982 4788 ἔστησεν
1007 4707 1059 4777 οὖν
1091 4722 1195 4777 πᾶσαν
1228 4713 1444 4803 αἱμορραγίαν.
1468 4749 1513 4758 -
1536 4709 1597 4774 Καί
1619 4709 1680 4773 ὑπὸ
1703 4709 1762 4772 τίον
1785 4707 1875 4772 λίθον

313 4815 432 4911 γράψον
449 4832 562 4884 ταῦτα·
582 4809 793 4910 μαλλον-εκκά·
813 4827 843 4887 ὲν
862 4825 949 4914 άλλιμ
968 4810 1131 4912 μαλλαλά.
1145 4861 1189 4870 -
1201 4825 1251 4899 Εἰς
1269 4824 1323 4888 τὀν
1341 4823 1501 4910 ίερακίτην
1514 4817 1600 4883 λίθον
1613 4813 1734 4910 γλύψον
1754 4817 1874 4906 ίεράκα,

351 5177 374 5253 ¹)
392 5178 459 5236 Vox
477 5184 594 5238 tantum
614 5180 745 5238 οοοοιτίι
762 5178 793 5236 in
813 5179 931 5237 duobus
949 5179 1063 5252 gloss&
1118 5177 1240 5236 dotimo
1263 5177 1300 5234 do
1325 5173 1544 5250 significatione
1569 5173 1691 5248 siletur,
1716 5193 1798 5250 qm
1825 5177 1873 5234 hic

312 5267 375 5344 riis,
391 5269 474 5327 nullo
488 5287 580 5329 sensu
591 5276 705 5344 notata,
718 5269 798 5327 undo
810 5269 841 5327 in
853 5269 997 5328 thesauro
1016 5269 1064 5326 Di·
1117 5275 1220 5344 aperte
1240 5275 1327 5327 sonat
1344 5265 1493 5325 musicum
1511 5265 1757 5324 instrumentum.
