4022 6072
804 547 951 624 Sancta
970 548 1190 641 Epiphanius
1733 559 1769 616 73

221 717 375 806 ρύσοεται,
395 717 488 808 Τριίις
505 724 535 784 ἐν
553 723 747 814 εὐαγγελίοις
764 732 961 812 φανεροῦται,
1021 723 1129 809 palam
1160 723 1384 808 praedicatur;
1416 723 1560 790 Trinitas
1588 730 1697 792 autem
1730 726 1764 791 in

218 830 327 892 πλεῖον
350 827 435 892 κατὰ
453 828 576 918 καιροὺς
593 830 646 894 καί
662 829 769 920 γενεὰς
788 825 966 922 ἁρμόζουσα
1021 829 1200 916 evangeliis
1218 829 1447 896 manifestatur
1461 832 1665 915 praesertim,
1684 854 1767 917 quae

217 944 263 1017 τῷ
288 926 407 1016 δικαίῳ·
432 941 473 1011 εἰς
493 946 607 1026 γνῶσιν
629 929 662 1002 δὲ
680 941 777 1013 αὐτῆς
802 938 964 1014 ἀθανασία,
1016 939 1113 1022 juxta
1136 941 1285 1022 tempora
1309 942 1343 1003 et
1358 939 1587 1024 generateonis
1599 941 1769 1026 justoac-

217 1046 252 1107 ἐκ
264 1045 397 1118 πίστεως
412 1036 445 1108 tt
458 1049 556 1119 αὐτῆς
571 1043 707 1111 υἱοθεσία
718 1047 849 1136 γίνεται.
862 1044 966 1112 Ἀλλὰ
1021 1047 1256 1112 commodatur.
1273 1045 1334 1114 Per
1350 1048 1419 1131 ejus
1435 1047 1638 1134 agnitionem
1663 1049 1769 1115 oritur

218 1161 342 1241 πρῶτον
375 1143 577 1241 δικαώρατα
601 1155 713 1243 οαρκύς
738 1150 901 1245 ὲκρρτίζει,
926 1161 965 1232 ὡς
1021 1154 1260 1235 immortalitas,
1277 1154 1311 1220 in
1329 1155 1398 1240 ejus
1414 1161 1524 1221 autem
1544 1156 1606 1222 fide
1630 1157 1765 1243 adoptio

218 1253 416 1350 περιύίλαιον
440 1272 524 1341 ναοῦ,
548 1263 603 1327 τὸν
627 1255 686 1340 ἔξω
711 1254 910 1355 θιαγείρουσα
934 1268 965 1330 ἐν
1021 1263 1162 1330 filiorum
1175 1264 1222 1329 fit.
1244 1263 1364 1330 Verum
1378 1263 1436 1330 ille
1452 1265 1594 1349 primum
1619 1265 1767 1338 edisserit

221 1375 355 1434 Μοιϋτεῑ·
374 1361 516 1460 ὐεύτερον
532 1369 556 1454 Ι)
582 1363 616 1436 δὲ
640 1363 841 1462 δικαιώματα
866 1369 967 1462 ψυχῆς
1022 1369 1165 1436 camalia
1192 1375 1386 1455 praecepta,
1411 1393 1494 1455 quae
1527 1372 1630 1438 veluti
1659 1373 1767 1439 velum

221 1467 428 1567 ἐκδιηγεῖται,
447 1483 486 1554 ὡς
505 1476 548 1543 τὰ
571 1477 647 1570 ἅγια
670 1491 831 1567 κοσμοῦσα
847 1505 877 1546 εν
901 1485 967 1546 λοι-
1022 1475 1137 1561 templi
1154 1476 1295 1542 exterius
1310 1476 1345 1541 in
1361 1477 1473 1563 Moyse
1491 1477 1682 1564 eriguntur3
1700 1481 1770 1546 ani·

219 1595 291 1660 ταῖς
318 1587 531 1674 προφητείαις.
555 1589 668 1675 Τρίτον
701 1578 735 1652 δὲ
766 1578 967 1676 δικαιώματα
1022 1584 1712 1673 maeverolegesinsecundolocopaudit,
1730 1595 1768 1655 ut

219 1691 410 1779 Ηνεύματος,
434 1698 474 1769 ὡς
498 1693 535 1756 τύ
555 1694 736 1784 ἱλαστήριον
752 1693 806 1759 καί
826 1693 868 1760 ric
891 1695 967 1786 ἅγια
1022 1692 1243 1758 sanctuarium
1266 1693 1301 1758 in
1325 1695 1462 1760 caeteris
1478 1695 1650 1781 prophetis
1674 1719 1770 1763 orna·

220 1807 282 1863 τῶν
307 1801 403 1890 ἁγίων
427 1795 620 1890 ῥυθμίζουσα
637 1805 668 1866 ἐν
693 1805 889 1893 εὐαγγελίοις
913 1805 967 1870 καὶ
1022 1803 1103 1864 tum.
1115 1799 1227 1865 Tertio
1237 1804 1348 1865 autem
1359 1800 1489 1885 profert
1500 1803 1656 1869 mandata
1666 1802 1770 1890 Spiri-

221 1909 341 1980 οἴκησιν
365 1911 422 1972 ἐπ”
433 1906 567 1990 αὐτοῖ’).
586 1907 713 1983 Σκηνὴν
730 1902 764 1974 δὲ
784 1913 875 2000 ἁγίαν
893 1912 966 1976 ναὸν
1022 1914 1086 1988 tus,
1101 1908 1203 1974 veluti
1216 1930 1299 1994 quae
1312 1907 1581 1993 propitiatorium
1600 1915 1632 1977 et
1649 1908 1769 1978 Sancta

219 2015 307 2106 ἅγιον
331 2017 386 2081 τύν
411 2007 530 2082 δίκαιον
551 2019 617 2106 ἔχει
636 2018 728 2104 μόνον
752 2018 807 2081 τύν
832 2018 966 2083 συνόντα
1023 2017 1217 2084 Sanctorum
1232 2016 1401 2082 modulata
1420 2016 1543 2084 fuerint
1567 2017 1602 2083 in
1625 2041 1769 2106 evange·

219 2121 360 2198 τούτοις·
385 2133 527 2188 κατοικεῖ
550 2114 583 2188 tt
606 2126 637 2188 ἐν
663 2127 747 2207 αὐτῷ
772 2126 829 2212 μία
855 2124 966 2201 θεότης
1022 2124 1084 2206 liis,
1098 2124 1209 2210 ibique
1222 2123 1418 2191 manserint:
1434 2129 1469 2190 at
1482 2125 1653 2192 dumtaxat
1665 2125 1766 2191 habet

220 2228 352 2320 ἄπειρος,
370 2233 426 2319 μία
443 2229 553 2306 θεὸτης
571 2229 738 2320 ἄφραστος,
753 2231 966 2322 ἅπερινύητος,
1021 2233 1055 2298 in
1075 2235 1166 2319 justo
1182 2233 1239 2318 qni
1255 2233 1346 2298 solus
1367 2256 1405 2298 aa
1427 2231 1600 2320 intelligit,
1619 2239 1767 2300 sanctum

220 2339 460 2420 ἀκατάληπτος,
478 2331 717 2428 ὰνεκθιήγητος,
737 2342 878 2430 ιἰὐρατος,
896 2346 967 2406 luo·
1021 2341 1278 2418 tabernaculum,
1290 2345 1439 2406 sanctum
1453 2341 1622 2425 templum,
1635 2340 1712 2406 etin
1725 2363 1764 2406 eo

220 2447 278 2518 τὴν
304 2447 500 2538 γινώσκοντα
525 2448 625 2537 μόνη,
649 2450 703 2514 καί
726 2449 842 2520 ἑαυτὴν
867 2456 967 2540 ἑμρα-
1020 2447 1151 2512 habitat
1167 2470 1232 2513 nna
1256 2448 1359 2513 deitas
1382 2447 1569 2528 ineffabilis,
1595 2471 1660 2512 uua
1684 2469 1767 2531 quae

219 2551 345 2635 νίζουσα
369 2553 411 2632 οίς
431 2555 588 2640 βούλεται,
606 2556 765 2647 μιίρτυρας
781 2562 879 2644 ἑαυτῇ
906 2550 967 2624 trs·
1021 2556 1166 2640 concipi,
1191 2556 1441 2640 comprehendi,
1471 2556 1615 2622 enarrari
1647 2555 1765 2635 nescia,

219 2665 382 2754 γείρουσα,
406 2657 629 2754 προορίζουσα,
658 2669 840 2730 ἑνοποιοῦσα
870 2666 964 2730 πάλιν
1020 2661 1203 2738 invisibilis,
1229 2662 1298 2728 sola
1325 2685 1360 2729 se
1389 2663 1568 2749 cognoscit,
1593 2668 1626 2729 et
1649 2662 1768 2747 quibus

219 2772 293 2860 πρὸς
311 2771 370 2845 τὴν
388 2776 502 2849 ἑαυτῆς
520 2763 613 2851 δόξαν
631 2773 685 2838 καί
699 2776 816 2860 πίστιν,
834 2773 876 2839 τὰ
893 2777 965 2866 τρία
1021 2771 1093 2840 vult
1117 2793 1150 2837 se
1171 2770 1372 2850 manifestat,
1389 2793 1472 2856 quae
1489 2771 1551 2837 sibi
1574 2776 1675 2837 testes
1698 2793 1770 2836 sus·

218 2889 321 2944 ταῦτα
344 2879 522 2970 ἐπουράνια,
538 2882 662 2972 ἐπίγεια
683 2880 736 2946 καί
759 2880 964 2972 καταχθόνια.
1020 2885 1116 2963 citat,
1140 2904 1223 2966 quae
1247 2881 1360 2948 futura
1383 2882 1542 2967 disponit,
1568 2903 1651 2966 quae
1674 2879 1708 2945 in
1733 2901 1767 2946 se

1021 2989 1192 3070 coadunat,
1204 2989 1244 3054 ad
1256 2989 1510 3074 ipsiusgloriam
1523 2989 1674 3070 etfidem,
1686 2987 1767 3056 hacc
1793 2977 1798 2988 ’

1020 3095 1094 3179 tria,
1119 3095 1282 3176 coelestia,
1306 3095 1475 3162 terrestria
1499 3100 1532 3163 et
1554 3095 1721 3163 inferiora.

968 3419 1012 3490 ll.

752 3639 817 3712 Τῆς
839 3635 947 3710 αὐτῆς.
973 3672 1017 3684 -
1039 3633 1095 3702 Ec
1118 3635 1236 3704 eudem.

265 3846 300 3909 '0
318 3843 362 3937 μὴ
382 3847 545 3938 ὁμολογῶν
562 3856 643 3936 τρεῖς
659 3847 845 3924 ὑποστάσεις
859 3851 889 3914 ἐν
908 3857 964 3938 μιᾷ
1064 3850 1097 3916 Si
1114 3849 1268 3936 quianon
1285 3846 1460 3916 confitetur
1478 3853 1545 3914 tres
1569 3847 1764 3934 hypostases

220 3955 318 4038 οὐσίᾳ,
334 3959 392 4043 οὐχ
407 3953 511 4043 ἑτέρον
530 3945 563 4018 tt
577 3954 663 4044 λόγῳ
681 3956 786 4020 οὐσίαν
802 3954 887 4046 παρὰ
903 3956 963 4030 τὴν
1019 3957 1052 4022 in
1077 3956 1217 4022 essentia
1232 3978 1308 4035 una,
1325 3955 1425 4021 aliam
1441 3955 1475 4020 in
1492 3954 1601 4021 Verbo
1619 3977 1685 4021 non
1709 3955 1766 4021 ad·

219 4060 369 4138 θεότητα,
395 4065 454 4151 οὐχ
469 4062 577 4153 ἑτέραν
595 4053 629 4126 tt
646 4059 787 4136 θεότητα
804 4063 888 4154 παρὰ
905 4063 965 4136 τὴν
1018 4062 1162 4142 mittens,
1180 4067 1311 4148 praeter
1328 4062 1493 4142 deitatem,
1512 4084 1571 4128 nec
1587 4060 1686 4127 aliam
1704 4061 1768 4126 dei·

218 4172 338 4248 οὐσίαν,
363 4168 447 4234 ἀλλὰ
471 4161 505 4234 δὲ
528 4161 580 4234 ue
611 4172 648 4236 τύ
679 4172 776 4248 οὕτως
808 4166 965 4261 inputata,
1018 4176 1121 4238 tatem
1144 4175 1276 4256 praeter
1292 4171 1467 4238 essentiam
1486 4169 1556 4258 (sed
1571 4169 1617 4236 sic
1633 4192 1766 4236 accura-

219 4280 324 4344 οὐσίαν
349 4281 524 4365 καλοῦμεν,
548 4279 598 4340 ίνα
623 4276 665 4365 μὴ
699 4277 778 4342 ἄλλο
810 4277 864 4342 καί
887 4279 966 4342 ἄλλο
1017 4281 1083 4348 tius
1096 4279 1232 4347 dicimus
1249 4280 1424 4346 essentiam
1440 4303 1481 4347 ne
1498 4280 1646 4346 aliumet
1662 4278 1764 4346 alium

220 4379 299 4462 εἶδος
330 4389 455 4476 εἴπομεν
480 4396 538 4460 τῆς
571 4384 720 4462 θεότητος
750 4395 809 4462 τῆς
833 4378 965 4476 Τριάθος
988 4395 992 4406 ’
1018 4388 1150 4454 deitatis
1170 4393 1364 4473 conceptum
1381 4411 1562 4455 asseramus
1577 4389 1613 4454 in
1629 4389 1767 4454 abscon·

220 4488 484 4585 κρυπτοζομένης,
502 4497 518 4557 ὁ
533 4502 673 4568 τοιοῦτος
691 4483 904 4583 ῥᾳδιουργεῖ..
919 4544 927 4558 .
1018 4496 1087 4562 dita
1101 4497 1288 4579 Trinitate),
1302 4497 1363 4563 iste
1375 4496 1471 4563 facile
1484 4497 1525 4563 ad
1537 4518 1680 4564 errorem
1693 4495 1764 4581 pel·

1017 4604 1107 4670 liiur.

218 4813 340 4884 minum,
361 4831 450 4890 quem
467 4815 554 4874 ullibi
576 4817 677 4886 seiam,
699 4815 900 4876 subodoratus
918 4821 966 4874 est
1018 4815 1069 4890 qui
1082 4814 1283 4890 suspicabitur
1292 4813 1426 4872 mandari
1441 4813 1597 4887 epistolam
1608 4813 1646 4870 ad
1660 4814 1766 4870 Patres

219 4903 386 4978 epistolam,
400 4905 488 4977 cujus
500 4905 548 4962 hie
561 4905 620 4962 duo
632 4905 802 4978 fragmenta
813 4911 965 4978 ponuntur
1018 4905 1142 4965 Concilii
1166 4906 1198 4962 Π
1224 4904 1560 4978 Constantinopolitani,
1584 4904 1672 4977 cujus
1699 4909 1767 4960 acta

218 5010 257 5048 ex
275 4991 455 5050 inexhausto
467 4993 568 5050 codice
580 4993 769 5052 Goisliniano.
787 4993 845 5050 Nil.
855 4992 964 5049 mirum
1017 4996 1230 5070 propemodum
1249 4995 1389 5052 intercisa
1401 5002 1433 5052 et
1445 4993 1565 5067 abolita,
1579 4992 1699 5050 tandem
1718 4993 1766 5050 his

218 5080 243 5138 si
255 5082 291 5138 de
300 5080 394 5154 hujus
403 5080 548 5154 epistolae
557 5081 630 5152 loco,
644 5087 785 5156 tempore,
797 5081 961 5148 occasione,
1017 5086 1134 5144 duabus
1152 5084 1269 5143 laciniis
1288 5091 1452 5159 utcumque
1471 5084 1689 5157 supplerentur.

218 5169 256 5227 de
275 5169 323 5226 hie
342 5170 380 5225 ad
398 5187 474 5243 quos
492 5169 641 5244 dirigitur,
659 5172 696 5228 de
709 5169 863 5245 Synedriis
881 5170 912 5226 in
930 5171 964 5228 ti·
1055 5175 1077 5248 ι)
1097 5173 1167 5232 ced.
1188 5175 1296 5244 διύτιρα.

218 5261 283 5318 tulo
292 5261 441 5336 praefixis,
451 5277 512 5318 nox
521 5263 618 5320 multa
626 5263 749 5336 ingruit
759 5262 826 5320 Erit
834 5263 963 5321 fortasse
1052 5265 1077 5338 ²)
1097 5263 1167 5322 (lod.
1187 5262 1224 5318 ἐπ’
1246 5263 1331 5326 αὐτῆς.

360 5387 457 5447 num.
476 5405 504 5463 v,
524 5388 577 5448 iol.
594 5390 641 5448 vt
