4008 6068
286 522 323 578 22
366 597 371 620 ¹
863 516 1010 592 Sanaos
1029 517 1243 594 Athanasius

286 695 378 751 νικῶν
401 685 458 763 τὰς
482 688 687 777 ἐπιχειρήσεις
704 690 758 754 καί
774 682 951 779 προσόολόις
975 703 1030 756 τοῦ

285 805 431 884 πονηροῦ,
442 805 488 879 τῷ
502 796 627 887 μεγέθει
640 809 698 874 τῆς
712 790 857 874 διανοίας·
869 797 1030 891 γνώρισμα

285 911 343 978 τῆς
367 894 507 994 ἀνδρείας
523 905 643 976 ἐστίνη
665 908 816 994 ὑπομονή·
841 906 943 992 ταύτῃ
969 905 1028 996 γὰρ

284 1011 418 1088 ἕκαστος
441 1023 503 1077 τῶν
529 1015 625 1105 ἁγίων
657 1018 753 1104 φέρων
778 1014 820 1079 τὰ
844 1007 1029 1105 συμθαίνον-

284 1145 325 1185 τοι
341 1120 365 1204 ι)
385 1124 416 1186 ἐν
433 1131 481 1204 τῷ
496 1124 552 1206 βίῳ
569 1127 701 1188 ἐπίπονα
718 1123 771 1188 καί
786 1123 922 1213 λυπηρὰ,
939 1127 1028 1213 ἴσχυε

283 1225 368 1293 κατὰ
383 1239 437 1293 τοῦ
456 1221 619 1294 Διαόόλου·
638 1228 716 1320 ἅπερ
733 1233 771 1295 τό
789 1237 916 1319 Πνεῦμα
940 1230 1028 1296 θέλον

283 1342 367 1425 ἡμᾶς
385 1337 548 1429 ἀμφότερα
565 1337 711 1426 κτᾶσθαι,
721 1339 915 1431 προστάττει
927 1340 1028 1432 λέγων

282 1445 314 1508 ἐν
338 1453 384 1527 τῷ
408 1439 533 1533 ψάλμῳ·
553 1437 712 1536 Ἀνδρίζου
735 1447 790 1512 καὶ
813 1447 1029 1537 κραταιούσθω

282 1557 302 1626 ἡ
328 1544 442 1642 καρδία
459 1577 524 1638 σου,
541 1553 596 1618 καί
611 1555 778 1643 ὑπόμεινον
795 1557 850 1618 τὀν
873 1554 982 1644 Κύριον
991 1554 1027 1640 ²).

283 1659 318 1725 ‘0
334 1683 395 1752 γαρ
412 1662 582 1750 ὑπομένων,
600 1652 735 1753 ἅνδρειός
756 1666 833 1738 ἐστι,
858 1662 913 1726 καί
935 1666 951 1726 ὁ
975 1662 1029 1726 ἄν·

284 1760 382 1858 δρειος
406 1772 636 1859 ὑπομενητικὸς
652 1770 689 1836 ἂν
707 1773 764 1843 εἴη.
783 1773 836 1836 Διό
853 1772 907 1836 καὶ
927 1777 943 1836 t
968 1797 1028 1860 μα-

282 1877 386 1968 κάριος
400 1871 470 1944 *le
484 1869 535 1944 tut
549 1880 586 1943 τό
596 1877 620 1966 ³)
632 1881 797 1968 ὑπομένειν
811 1885 1026 1970 ἐκραταιοῦτο,

282 1985 337 2050 καί
361 1977 413 2052 διὰ
436 1987 474 2051 rb
506 1978 649 2077 ἀνδρείως
682 1987 780 2078 φέρειν
812 1988 884 2064 τοὺς
915 1988 1026 2065 πόνους

245 2109 249 2116 “
281 2095 434 2184 ὑπέμεινε,
451 2095 505 2160 καί
520 2095 580 2166 τὴν
596 2107 731 2186 γυναῖκα
749 2088 900 2173 διωθεῖτο,
914 2091 1028 2175 ἑξαπα-

281 2201 431 2268 ταθεῖσαν
455 2203 513 2268 ὑπό
530 2214 584 2269 τοῦ
601 2204 709 2294 ὄφεως,
725 2205 778 2269 καὶ
802 2203 967 2294 φθαρεῖσαν
984 2203 1026 2269 τὰ

281 2313 445 2401 νοήματα·
471 2317 535 2378 ἐκεῖ
556 2311 616 2403 γὰρ
642 2315 720 2389 ὅλως
749 2313 817 2378 ἐστί
848 2312 1024 2401 pro-urici

280 2427 340 2497 τῆς
362 2423 472 2496 κακίας
496 2421 632 2512 εὑρετὴς,
650 2423 703 2486 καί
727 2422 819 2509 μόνον
844 2423 1024 2512 φαινόμενος

281 2521 389 2607 ζητεῖν
402 2527 473 2592 τίνα
486 2521 632 2616 ἁρπάζειν
646 2529 700 2593 καί
711 2537 886 2605 καταπιεῖν,
897 2518 947 2593 διὰ
956 2539 1025 2593 τοῦ·

280 2660 318 2701 το
328 2634 344 2701 θ
355 2635 410 2724 μέν
423 2639 507 2701 ἐστιν
521 2637 624 2714 αὐτὸς,
637 2635 828 2726 ὑποκρύπτει
838 2636 892 2700 καί
905 2635 1023 2720 σκέπει,

279 2745 516 2836 ὑποκρινόμενος
542 2735 577 2810 δέ
600 2755 641 2830 τῇ
673 2745 832 2835 φαντασίᾳ
855 2744 914 2816 την
947 2753 1024 2836 πᾶσι

278 2849 474 2940 ποθουμένην
491 2850 651 2928 ἀλήθειαν,
669 2852 723 2916 τόν
740 2841 817 2915 ἴδιον
836 2853 879 2916 ἱόν
897 2844 1024 2916 ἐπιῦάλ-

278 2964 328 3025 λει
344 2972 410 3037 τοῖς
426 2958 676 3033 ἀκολουθήσασιν
691 2964 785 3043 αὐτῷ·
798 2961 880 3024 οὕτω
893 2959 947 3024 καί
962 2961 1022 3034 τὴν

280 3071 359 3134 Εὔαν
390 3068 567 3152 ἠπάτησεν,
592 3071 626 3133 οῦ
650 3067 692 3134 τὰ
715 3059 780 3133 ἴδια
810 3071 926 3146 λαλῶν,
951 3069 1021 3134 ἀλλ’

278 3178 516 3267 ὑποκρινόμενος
540 3175 582 3241 τὰ
605 3187 661 3241 τοῦ
686 3181 763 3242 Θεοῦ
793 3177 938 3267 ῥήματα,
962 3175 1022 3252 τὴν

279 3277 313 3351 δέ
336 3277 474 3351 διάνοιαν
499 3288 601 3350 αὐτῶν
615 3284 641 3368 ⁴)
665 3294 847 3376 παραποιιῦν
865 3286 946 3351 οὕτω
970 3286 1023 3350 καὶ

278 3393 338 3466 τὴν
361 3403 498 3484 γυναῖκα
514 3404 569 3459 τοῦ
585 3386 655 3460 'ibt
672 3385 819 3478 ῦπέόιιλε,
837 3394 945 3470 πείσας
970 3399 1024 3458 αῦ-

279 3503 340 3577 τῆν
363 3500 580 3594 ὑποκρίνεσθαι
604 3493 813 3591 φιλανδρείαν,
838 3492 965 3581 διδάξας
991 3493 1024 3568 δέ

280 3615 480 3701 βλασφημεῖν
504 3617 545 3687 εἰς
568 3611 623 3676 τόν
647 3612 735 3676 Θεόν·
761 3613 843 3676 οῦτω
866 3609 938 3687 τοὺς
963 3615 1022 3676 ἀν-

278 3717 417 3810 θρώπους
441 3722 457 3782 ό
483 3709 584 3795 δόλιος
608 3713 712 3798 παίζει
735 3730 804 3796 ταῖς
827 3720 1022 3806 φαντασίαις,

277 3826 482 3890 ὑποκλίπτων
496 3826 549 3890 καί
562 3825 658 3917 σόρων
673 3827 804 3893 ἕκαστον
818 3832 858 3903 εἰς
871 3827 926 3892 τόν
944 3817 1022 3891 ίδιον

277 3944 336 4010 τῆς
359 3937 470 4011 κακίας
495 3932 613 4026 βόθρον.

1085 695 1198 762 tiorem
1222 719 1255 762 se
1278 697 1426 780 ostendit,
1442 697 1562 765 invicto
1581 699 1679 764 animi
1703 701 1828 782 robore,

1083 803 1291 888 irrumpentis
1310 805 1411 871 hostis
1427 811 1559 872 conatus
1575 811 1671 892 atque
1687 808 1826 894 impetus

1084 913 1263 980 retundens.
1276 913 1437 980 Patientia
1447 915 1531 980 enim
1541 915 1763 982 fortitudinem
1774 940 1829 1003 pa·

1083 1019 1204 1099 tefacit,
1228 1024 1324 1105 atque
1339 1021 1400 1086 hae
1422 1021 1523 1087 saneti
1540 1043 1651 1088 omnes
1666 1023 1825 1106 instructi,

1082 1127 1240 1194 humanae
1263 1128 1348 1193 vitae
1376 1129 1575 1196 incommoda
1604 1135 1637 1196 et
1664 1131 1827 1198 molestias

1081 1234 1257 1315 tolerando,
1267 1239 1378 1300 contra
1386 1234 1824 1321 Diabolumpruevaluerunt.

1082 1342 1174 1419 Quod
1197 1349 1369 1428 utrumque
1393 1366 1465 1410 eum
1493 1343 1633 1430 Spiritus
1655 1351 1784 1414 sanctus
1807 1371 1827 1414 a

1083 1451 1175 1516 nobis
1189 1451 1343 1535 possideri
1357 1451 1445 1533 velit,
1462 1452 1507 1519 sic
1522 1453 1678 1539 praecipit
1692 1455 1727 1520 in
1740 1456 1827 1541 psal·

1083 1581 1151 1626 mo:
1179 1559 1357 1626 “Viriliter
1383 1581 1461 1646 age,
1486 1565 1519 1627 st
1542 1561 1741 1629 confortetur
1770 1586 1826 1631 cor

1083 1671 1185 1749 tuum,
1209 1671 1242 1734 et
1272 1667 1393 1734 sustine
1416 1668 1589 1735 Dominum
1606 1720 1632 1750 ,.
1656 1669 1742 1737 Nam
1772 1673 1838 1757 qui¹

1082 1775 1229 1856 sustinet,
1252 1775 1347 1841 fortis
1369 1779 1435 1855 est3
1460 1779 1492 1840 et
1515 1777 1571 1860 qui
1586 1775 1680 1842 fortis
1702 1782 1761 1859 est,
1786 1777 1827 1844 ad

1082 1884 1301 1951 sustinendum
1325 1884 1387 1950 erit
1410 1883 1551 1950 idoneus.
1576 1884 1690 1970 ltaque
1713 1885 1827 1952 beatus

1080 1990 1144 2057 Job
1160 1991 1344 2056 sustinendo
1360 1990 1638 2073 corroborabatur,
1651 1995 1683 2057 et
1695 1991 1825 2058 fortiter

1080 2100 1210 2166 ferendo
1233 2121 1401 2165 aerumnas
1423 2099 1612 2181 sustinebat,
1635 2103 1668 2166 et
1691 2121 1824 2166 uxorem

1079 2212 1258 2292 aserpente
1267 2207 1433 2292 deceptam
1445 2212 1616 2292 menteque
1628 2212 1823 2292 corruptam,

1079 2315 1266 2401 repellebat.
1280 2315 1436 2404 Quoniam
1448 2335 1524 2382 vero
1536 2316 1612 2398 mali
1629 2317 1823 2383 architectus

1080 2424 1165 2490 omni
1179 2425 1252 2489 odio
1263 2423 1377 2508 plenus
1390 2427 1450 2503 est,
1461 2423 1556 2508 idque
1569 2446 1667 2490 unum
1684 2423 1823 2508 quaerit,

1079 2554 1173 2617 quem
1197 2532 1303 2617 rapiat
1334 2537 1367 2599 et
1389 2532 1539 2613 devoret,
1563 2533 1635 2598 ideo
1658 2531 1824 2618 ingenium

1077 2639 1134 2704 ille
1150 2661 1243 2704 suum
1259 2639 1342 2706 celat
1357 2642 1389 2704 et
1405 2640 1507 2724 tegit3
1524 2640 1693 2705 veritatem
1715 2643 1823 2705 autem

1077 2768 1160 2832 quse
1182 2769 1203 2813 a
1223 2747 1347 2813 cunctis
1367 2746 1540 2831 expetitur,
1563 2749 1693 2812 externa
1716 2746 1820 2830 specis

1078 2853 1245 2935 simulans,
1270 2852 1356 2918 virus
1380 2874 1473 2917 suum
1495 2852 1609 2917 animis
1633 2873 1743 2918 eorum
1766 2851 1821 2937 qui

1076 2960 1182 3045 ipsum
1204 2965 1399 3046 sequuntur,
1421 2961 1579 3027 immittit.
1603 2959 1673 3026 Hac
1696 2961 1820 3026 ratione

1077 3069 1178 3134 Eram
1198 3066 1334 3153 decepit,
1357 3088 1421 3133 non
1445 3089 1502 3132 sua
1524 3067 1660 3149 locutus,
1684 3067 1739 3133 sed
1761 3067 1823 3133 Dei

1077 3177 1176 3243 verba
1197 3177 1322 3261 fingens
1337 3181 1370 3242 et
1385 3197 1513 3242 sensum
1528 3175 1699 3241 verborum
1714 3176 1822 3243 detor-

1077 3307 1186 3370 quens.
1201 3283 1252 3351 Sic
1265 3285 1362 3351 etism
1373 3283 1449 3350 Jobi
1464 3285 1646 3370 conjugem,
1663 3283 1822 3350 suadendo

1076 3395 1105 3459 ei
1118 3399 1155 3459 ut
1167 3415 1307 3459 amorem
1323 3413 1401 3478 erga
1415 3393 1520 3458 virum
1536 3415 1630 3459 suum
1645 3393 1830 3478 simularet,

1077 3501 1192 3568 doeens
1207 3507 1244 3567 ut
1260 3501 1364 3567 Deum
1379 3501 1627 3587 blasphemaret,
1648 3500 1820 3568 circumve-

1076 3611 1135 3676 nit.
1159 3608 1212 3676 Sie
1227 3608 1316 3674 falsis
1332 3607 1510 3692 phantasiis
1529 3609 1619 3675 vafer
1641 3608 1823 3675 hominibus

1076 3717 1194 3798 illudit,
1214 3715 1297 3783 clam
1312 3715 1488 3800 surripiens
1504 3720 1537 3782 ct
1553 3717 1684 3782 trahens
1708 3737 1821 3782 unum-

1077 3849 1234 3913 quemque
1258 3826 1291 3890 in
1314 3847 1389 3892 suae
1413 3824 1592 3910 iniquitatis
1616 3824 1792 3891 baratrum.

350 4297 427 4381 Cap.
451 4293 508 4376 IX,
531 4318 561 4361 ν.
586 4295 618 4361 5.
642 4293 677 4358 ‘0
699 4295 842 4360 παλαιῶν
867 4293 933 4384 όρη,
959 4293 1012 4356 καί
1034 4293 1090 4356 οῦκ
1114 4280 1243 4372 οίδασιν,
1267 4292 1283 4352 ὁ
1308 4286 1531 4380 καταστρέφων
1556 4286 1637 4352 αὐτοὶ
1661 4291 1748 4378 ὀργῇ.

411 4405 474 4489 Qui
496 4410 638 4472 adustos
659 4405 740 4491 feeit
762 4410 892 4487 montes,
916 4410 946 4470 et
967 4422 1034 4471 noa
1056 4401 1216 4482 ciderunt,
1235 4399 1292 4486 qui
1314 4399 1468 4468 εαόυονίέί
1490 4419 1542 4467 eos
1564 4400 1601 4465 ιἰι
1622 4399 1686 4466 iro.

318 4672 403 4765 ’Όρη
421 4681 451 4738 ol
466 4682 638 4764 προφῆται,
654 4676 670 4737 ό
688 4679 811 4750 Μοῦσῆς
829 4673 883 4738 καί
904 4678 933 4737 ot
948 4671 1013 4737 καθ

274 4773 355 4859 ίζῆς.
368 4780 431 4846 Καί
444 4770 537 4856 δῆλοι
552 4787 571 4856 η
586 4782 701 4875 γραφη·
718 4779 803 4871 ’ᾚρα
818 4778 889 4857 τοὺς
901 4777 1018 4869 ὀφθαλ-

274 4888 348 4978 μοός
374 4913 433 4980 μου
458 4895 500 4965 είς
522 4889 565 4956 τὰ
587 4891 655 4982 όρη,
673 4889 740 4956 ὅθεν
765 4883 867 4968 idest
888 4885 1018 4973 βοήθειά

309 5157 331 5234 ¹)
349 5159 419 5218 dua
444 5157 584 5233 συρῦάνιιι.
608 5161 763 5234 Experto
786 5159 884 5217 locum
906 5155 1017 5214 Junius

271 5256 393 5310 catenae
412 5268 485 5310 suae
502 5251 638 5311 inseruit.

308 5341 332 5418 ²)
350 5341 400 5399 Pe
419 5359 489 5414 xxv,
511 5344 554 5400 14.

1117 4670 1246 4737 Montes
1262 4672 1338 4735 erint
1352 4668 1539 4754 prophetae,
1551 4667 1680 4755 Moyses
1697 4672 1731 4734 et
1750 4671 1826 4753 post

1073 4801 1147 4846 enm
1169 4777 1297 4845 caeteri.
1321 4776 1364 4841 Et
1385 4775 1447 4844 hoc
1468 4774 1636 4860 Scriptura
1657 4775 1820 4842 declarat:

1075 4892 1088 4920 ⁴⁵
1103 4886 1220 4954 Levavi
1237 4882 1345 4952 oeulos
1360 4905 1448 4950 meos
1463 4884 1498 4949 iu
1513 4889 1648 4967 montes,
1665 4885 1748 4954 unde
1763 4904 1820 4950 re·

1107 5158 1132 5232 ⁸)
1150 5156 1171 5215 J
1172 5174 1221 5214 un.
1235 5161 1276 5210 διὰ
1288 5158 1361 5209 τοῦτο
1373 5151 1430 5229 bia,
1442 5152 1522 5210 uncle
1534 5151 1673 5228 proponit
1691 5153 1818 5228 θπομίνων

1072 5252 1103 5306 et
1122 5249 1209 5322 φέρων,
1228 5247 1284 5306 sed
1300 5247 1424 5304 frustra.

1111 5338 1136 5414 ⁴)
1150 5337 1171 5396 J
1171 5355 1224 5396 un·
1238 5337 1394 5414 ίνωιζαίιτῦι,
1408 5334 1611 5411 quoumtrum,
1619 5333 1710 5408 iuxta
1719 5335 1822 5408 ῥίματι
