3944 6074
845 575 976 639 ΠΙΝΑΞ.
1548 571 1549 575 ’
1629 575 1682 632 201

181 751 226 814 -ξ-
249 739 321 828 Περί
339 737 363 821 ¹)
387 745 449 802 τῶν
467 741 497 802 ἑν
515 745 559 820 τῷ
583 761 728 827 τεταρτῳ
752 747 809 811 τῆς
834 737 996 810 Πολιτείας
1021 727 1218 816 ἀποδείξεων,
1236 746 1290 800 τοῦ
1315 737 1386 826 τρία
1411 731 1488 801 εἶναι
1513 736 1606 828 μόρια
1624 749 1683 814 τῆς

139 845 330 935 ἀνθρωπίνης
355 844 467 934 ψυχῆς,
484 833 545 910 ’καί
568 847 723 936 τέτταρας
746 844 802 920 τὰς
827 849 858 908 ὲν
884 849 964 927 αὐτῇ
992 843 1116 931 ἀρετάς.
1143 883 1183 891 -
1208 844 1269 911 Ed.
1294 869 1325 930 p.
1350 847 1426 912 407.

181 968 227 1030 ÷
250 955 323 1044 Περί
345 965 400 1019 τοῦ
418 959 511 1036 ἐντῷ
534 953 669 1042 πέμπτῳ
693 964 749 1027 τῆς
774 952 936 1026 Πολιτείας
962 941 1143 1014 δεικνύντων
1168 949 1281 1039 λόγων,
1306 949 1409 1026 κοινὰς
1434 945 1512 1015 είναι
1535 951 1591 1030 τοὶς
1616 957 1685 1044 ἀρε-

139 1061 195 1138 τίις
220 1063 273 1127 καί
296 1061 356 1134 τὴν
380 1052 525 1126 παιδείαν
550 1052 668 1148 ἀνδρῶν
692 1061 746 1124 καί
769 1068 939 1149 γυναικῶν.
964 1097 1005 1107 -
1031 1059 1091 1124 Ed.
1115 1083 1147 1144 p.
1172 1060 1247 1124 416.

183 1184 227 1243 ÷
250 1169 324 1260 Περί
348 1178 410 1233 τῶν
433 1159 596 1258 Θεοδώρου
620 1178 675 1232 τοῦ
691 1167 847 1232 Ἀσιναίου
871 1167 984 1256 λόγων,
1002 1175 1064 1230 τῶν
1090 1159 1390 1243 κατασκευαζόντων
1408 1166 1467 1240 τὴν
1492 1169 1591 1241 αὐτὴν
1617 1173 1686 1259 ἀρε-

140 1276 199 1351 τὴν
225 1270 333 1366 ἀνδρὸς
357 1271 434 1342 εἶναι
457 1277 511 1340 καί
533 1277 687 1368 γυναικός,
713 1276 766 1340 καί
790 1269 831 1340 ὧν
855 1280 871 1338 ὁ
897 1275 1067 1365 Σωκράτης
1092 1269 1174 1339 εἶπεν
1199 1268 1347 1352 ἐξέτασις.
1372 1316 1414 1326 -·
1439 1279 1499 1344 Ed.
1517 1303 1547 1364 p.
1566 1281 1640 1346 420.

184 1398 228 1458 ÷
253 1384 326 1475 Περὶ
357 1394 412 1448 τοῦ
437 1389 467 1449 ἑν
492 1393 538 1467 τῷ
568 1385 703 1473 πέμπτῷ
727 1395 785 1460 τῆς
808 1387 971 1460 Πολιτείας
1002 1383 1098 1474 λόγου
1130 1375 1303 1459 δεικνύντος
1327 1386 1374 1461 τίς
1401 1387 1481 1471 [cod.
1505 1388 1528 1452 f.
1553 1391 1572 1452 5
1597 1388 1639 1473 κ]
1665 1394 1683 1461 ἡ

141 1502 203 1557 τῶν
227 1492 401 1582 ριλοσόρων
425 1491 598 1582 ριλομαθία
622 1493 675 1557 καί
698 1499 717 1565 ἡ
744 1501 807 1557 τῶν
830 1496 967 1560 πολλῶν.
991 1531 1034 1542 -
1057 1495 1119 1560 Ed.
1143 1518 1175 1579 p.
1199 1495 1275 1560 422.

185 1615 229 1677 ÷
253 1602 327 1690 Περί
350 1611 405 1680 τοῦ
422 1605 452 1666 ὲν
469 1603 617 1685 Πολιτείᾳ
639 1601 735 1692 λόγου
752 1612 808 1666 τοῦ
825 1592 1000 1679 δεικνῦντος
1016 1604 1048 1666 τί
1063 1601 1141 1666 ποτέ
1165 1605 1232 1665 ἐστι
1256 1599 1406 1693 τάγαθόν.
1424 1641 1466 1650 -
1483 1603 1544 1670 Ed.
1562 1627 1591 1689 p.
1609 1605 1685 1670 425.

185 1722 229 1784 ’τ
252 1709 324 1799 Περὶ
347 1719 403 1774 τοῦ
427 1714 458 1776 ἑν
483 1719 528 1792 τῷ
551 1701 676 1799 ἑόδύμῳ
700 1721 758 1785 τῆς
782 1713 945 1785 Πολιτείας
970 1712 1137 1784 σπηλαίου.
1162 1749 1203 1758 -
1228 1711 1289 1778 Ed.
1313 1735 1345 1796 p.
1370 1713 1526 1778 430-433.

726 1967 1098 1976 m*

184 2155 228 2216 -·,-
253 2142 392 2206 Μέλισσα
415 2147 456 2217 είς
480 2143 534 2206 τόν
560 2144 590 2208 ἐν
614 2145 758 2227 πολιτείᾳ
782 2142 877 2232 λόγον
902 2152 965 2207 τῶν
990 2147 1130 2210 Μουσῶν.
1149 2183 1190 2192 -
1216 2146 1328 2224 Anat,
1353 2168 1451 2230 supra
1474 2169 1505 2230 p.
1526 2147 1599 2212 147.

186 2262 229 2324 -ζ-
254 2249 327 2339 Περί
350 2259 413 2313 τῶν
439 2241 621 2316 δεικνύντων
652 2261 745 2340 τριῶν
776 2252 879 2342 λόγων
912 2243 1184 2341 εὐδαιμονέστερον
1209 2261 1265 2316 τοῦ
1290 2243 1459 2317 &tineent
1492 2243 1621 2320 δίκαιον.
1645 2294 1687 2304 -·

143 2345 247 2444 Supra
271 2383 302 2442 p.
330 2362 403 2425 186.

186 2478 230 2540 ÷
254 2465 326 2555 Περὶ
349 2476 411 2530 τῶν
436 2469 466 2531 ἐν
491 2475 536 2549 τῷ
561 2458 685 2550 δεκάτῳ
708 2477 765 2542 τῆς
791 2468 954 2543 Πολιτείας
978 2466 1165 2556 κεραλάιων.
1192 2505 1233 2516 -
1258 2467 1363 2554 Supra
1388 2491 1417 2554 p.
1444 2471 1508 2535 1-8.

185 2586 229 2646 -ζ-
254 2578 303 2649 Εἰς
326 2575 381 2638 τὀν
404 2579 436 2638 ἑν
461 2577 611 2659 Πολιτείᾳ
635 2574 742 2666 μῦθον.
767 2613 808 2623 -
834 2575 939 2661 Supra
963 2601 993 2662 p.
1021 2579 1049 2641 7.

189 2691 232 2753 -ζ-
257 2682 310 2754 Τίς
335 2685 354 2755 η
381 2680 522 2770 πρόθεσις
546 2693 600 2746 τοῦ
627 2680 723 2770 μόθου
748 2683 876 2758 παντός.
903 2722 942 2732 -
968 2685 1073 2770 Supra
1096 2709 1127 2770 p.
1153 2688 1184 2751 8.

186 2800 230 2862 -ζ
255 2788 342 2854 Πόσα
366 2781 412 2854 δεῖ
434 2789 654 2879 προληρθῆναι
677 2801 740 2855 τῶν
764 2787 903 2879 ψυχικῶν
926 2792 1066 2879 κρίσεων.
1091 2831 1133 2841 -·
1157 2792 1262 2879 Supra
1286 2817 1316 2878 p.
1343 2797 1395 2860 10.

188 2906 232 2969 ÷
254 2901 323 2970 Πῶς
348 2886 395 2959 δεῖ
417 2907 496 2961 νοεῖν
522 2899 559 2961 τό
583 2899 708 2963 εἰσιέναι
731 2899 784 2963 καί
807 2893 918 2976 ἐξιέναι
942 2896 1045 2989 ψυχὴν
1070 2901 1131 2964 ίιπό
1156 2899 1312 2989 σώματος.
1339 2938 1378 2950 -
1405 2901 1510 2987 Supra
1534 2926 1564 2987 p.
1591 2903 1644 2968 92.

186 3016 231 3076 ÷
255 3009 321 3077 Πῶς
339 3009 358 3076 ἡ
377 3013 439 3068 τῶν
464 2997 584 3070 παίδων
611 3010 719 3096 βρῶσις
744 3008 866 3097 γίνεται
882 3013 917 3072 ἐκ
933 3017 989 3072 τοῦ
1011 3009 1139 3086 παντὸς,
1164 3011 1304 3084 καὶπῶς
1328 3001 1423 3074 τοῦτο
1447 3013 1585 3098 φιλεῖται
1604 3008 1688 3101 ψυχῇ

143 3114 178 3173 ἐκ
202 3121 256 3174 τοῦ
281 3115 408 3201 ούρανοῦ
432 3113 595 3199 κατιούσῃ.
622 3154 662 3164 -
688 3117 792 3200 Supra
816 3141 846 3200 p.
874 3119 947 3182 108.
1038 3143 1042 3150 ·

188 3233 232 3294 ÷
255 3217 431 3308 Ἐπίσκεψις
454 3231 518 3284 τῶν
542 3226 583 3286 ύπ
601 3225 835 3314 Ἀριστοτέλους
853 3226 883 3286 ὲν
902 3216 1035 3312 δευτέρῳ
1052 3233 1114 3287 τῶν
1140 3229 1314 3289 Πολιτικῶν
1338 3226 1412 3314 πρός
1437 3225 1496 3300 τὴν
1522 3224 1690 3302 Πλάτωνος

147 3329 309 3394 Πολιτείαν
334 3327 615 3419 ἀντειρημένων’).
640 3368 681 3378 -
707 3331 811 3415 Supra
835 3355 865 3416 p.
896 3334 967 3396 188.

836 3757 949 3826 PARS
977 3761 1003 3826 I.

191 3955 268 4024 Ood.
293 3957 316 4023 f.
342 3959 373 4037 6,
396 3963 495 4042 eaput
518 3958 543 4023 Ι.
568 3966 612 4028 -ζ-
636 3953 776 4043 Πρόκλου
810 3955 922 4018 Λυκίου
952 3959 1155 4020 Πλατωνικοῦ
1188 3947 1342 4045 Διαδόχου
1365 3956 1435 4046 περί
1458 3965 1513 4022 τοῦ
1536 3957 1608 4022 τίνα
1630 3955 1690 4046 χρὴ

147 4062 200 4125 καί
223 4064 305 4128 πόσα
327 4066 386 4153 πρὸ
403 4074 461 4139 τῆς
485 4061 744 4153 συναναγνώσεως
769 4073 826 4138 τῆς
851 4064 1016 4139 Πολιτείας
1042 4063 1209 4141 Πλάτωνος
1233 4066 1388 4155 κεφάλαια
1413 4057 1599 4156 διαρθρῶσαι
1621 4065 1694 4142 τοὺς

147 4167 240 4258 ὀρθῶς
264 4164 489 4261 ἐξηγουμένους
513 4169 624 4239 αύτλν.

192 4281 244 4346 De
267 4303 317 4346 eo:
341 4302 422 4363 quoe
446 4287 475 4346 et
497 4282 610 4363 quotie
634 4283 752 4362 capito,
777 4288 851 4347 onte
874 4303 970 4363 quom
993 4285 1056 4347 rite
1079 4283 1289 4367 dr'pnoseotor
1313 4283 1464 4350 Platonis
1487 4283 1693 4364 Respublica,

149 4388 397 4472 distropoootur
420 4395 542 4470 oportet
566 4389 605 4452 ab
629 4390 673 4453 tis
696 4391 753 4471 poi
775 4409 844 4454 eom
868 4397 950 4454 reete
973 4391 1237 4471 interpretentur.

192 4603 425 4668 θοκεκινυιυκ.
454 4603 619 4688 Copitorett
643 4604 681 4669 cte
704 4605 854 4670 Ptetoror's
879 4605 1057 4686 Republica
1075 4608 1108 4671 tn
1126 4608 1273 4687 oprioom
1284 4605 1439 4687 ponendo
1455 4610 1574 4686 septem
1590 4606 1695 4669 eonsi-

148 4709 295 4776 oteraooto
313 4718 406 4778 suot:
416 4715 538 4792 primo,
556 4713 628 4794 quis
644 4714 688 4777 stt
704 4713 843 4795 ejusdem
860 4734 994 4795 scopos;
1010 4713 1158 4791 secunde,
1177 4713 1262 4796 qood
1285 4713 1415 4778 ‹tieeoete'
1428 4733 1530 4796 penos
1553 4713 1695 4791 scriptor

142 4818 299 4898 politicus
323 4822 546 4900 usurpaverit,-
570 4823 673 4898 tertio,
698 4841 779 4902 quae
802 4825 846 4886 sit
868 4842 995 4886 ουνιιιιο
1017 4841 1126 4885 rerum
1149 4823 1186 4884 ιἰι
1203 4821 1368 4900 personis,
1385 4821 1422 4884 e'o
1446 4820 1533 4897 tocie,
1558 4821 1595 4883 io
1618 4824 1695 4882 tem-

142 4927 281 5007 poribus
306 4949 388 5009 quoe
411 4930 551 5009 sere'ptor
574 4928 823 5010 contemplatur;
846 4935 971 5010 quarto,
988 4949 1085 5010 quom
1108 4927 1277 5008 multiplex
1299 4928 1344 4992 sit
1366 4927 1562 5008 reepobte'eoe
1581 4945 1694 5008 perere,

149 5055 308 5116 quaeram
324 5037 372 5100 tbi
388 5041 418 5100 et
433 5037 514 5102 ote'bi
528 5033 665 5101 Ptotone‘
674 5037 857 5117 placuerit;
873 5039 995 5119 quieto,
1013 5036 1170 5117 quaedam
1193 5037 1261 5099 siret
1284 5035 1484 5100 conditiones
1506 5036 1574 5098 ee'oe
1596 5034 1696 5097 um'os

186 5279 208 5354 ¹)
226 5279 263 5336 H.
282 5279 391 5338 iterum
410 5279 516 5338 inserit
535 5285 648 5353 Πρόκλου
667 5283 790 5351 διαδόχου.
951 5298 1058 5337 novem
1077 5279 1274 5352 capitulorum
1287 5277 1415 5350 videtur,
1430 5282 1461 5332 et
1473 5293 1526 5332 our
1539 5276 1576 5332 ab
1596 5293 1631 5332 eo
1650 5291 1697 5332 eu-

185 5371 209 5443 2)
221 5370 439 5442 Praepoeterus
457 5378 488 5428 et
500 5370 693 5429 inconcinnus
706 5371 778 5428 ordo
790 5371 897 5428 horum
951 5389 1005 5444 pre
1023 5370 1175 5428 discedere
1193 5386 1248 5426 noe
1267 5367 1440 5441 oportuerit,
1460 5367 1584 5424 dicetur.

292 5494 388 5551 Ακκι..
408 5511 435 5570 ν,
457 5495 505 5550 13*
