3978 6070
298 508 353 568 110
574 497 672 572 Unde
689 499 727 571 ῖιι
747 504 895 591 tyranno
915 519 990 570 esus
1008 495 1220 570 liberorum?
1239 497 1295 574 De
1313 497 1565 574 cacodaemone.

293 685 352 750 τῆς
377 672 512 762 ἀθέσμου
538 680 654 762 τροφῆς
678 669 732 736 καί
756 671 898 746 ἀνοσίας,
924 668 983 740 τήν
1007 679 1064 744 τῆς
1088 663 1169 748 ζωῆς
1194 673 1374 744 ἀπληστίαν
1406 673 1641 762 τιμωρουμένη·
1668 672 1760 760 μόνον
1784 674 1841 736 ούιι

294 786 393 846 ἐκεῖνο
418 783 523 866 βοῶσα
546 790 613 855 τοῖς
638 779 825 843 κατακούειν
850 788 912 843 τῶν
933 787 990 853 τῆς
1009 767 1097 851 δίκης
1114 777 1303 869 φθεγμάτων
1323 771 1511 867 δυναμένοις,
1529 787 1568 856 ὡς
1594 780 1653 870 ἀρα
1677 786 1696 852 ή
1722 774 1839 858 ζωτική

293 891 478 979 λαιμαργία,
503 888 556 952 καὶ
579 894 598 962 ή
626 888 796 978 ἀπέραντος
821 881 928 977 ὄρεξις,
953 881 994 950 ὧν
1013 884 1054 974 μή
1076 877 1130 970 δεῖ,
1150 888 1203 951 καί
1220 892 1383 961 ἀπληστία
1399 885 1422 973 ¹)
1440 890 1593 978 ἑπομένην
1616 891 1758 978 ἔχεικαὶ
1781 889 1840 959 τήν

293 997 378 1090 παρά
401 997 489 1088 φύσιν
513 997 641 1088 τροφήν,
667 1003 706 1072 ὡς
732 995 786 1084 μέν
804 995 959 1085 σωμάτων
977 993 1161 1082 σωματικήν
1178 994 1263 1060 κατά
1279 997 1367 1086 φύσιν
1392 991 1496 1075 οὖσαν,
1521 1003 1560 1074 ὡς
1585 987 1618 1062 δέ
1641 991 1728 1075 ζώων
1752 991 1840 1075 ζώοις

254 1137 266 1175 ε
294 1105 379 1200 παρά
403 1107 502 1196 φύσιν.
527 1108 620 1172 Αἰτία
644 1097 678 1171 δὲ
700 1111 720 1178 ῆ
739 1103 893 1194 ἀφροσύνη
914 1103 966 1167 καὶ
983 1101 1103 1179 ταύτης
1126 1111 1184 1176 τῆς
1208 1104 1397 1194 λαιμαργίας
1411 1102 1447 1189 ²)·
1472 1111 1491 1178 ή
1510 1103 1569 1194 γάρ
1589 1115 1645 1170 τοῦ
1667 1105 1764 1195 λόγου
1787 1129 1841 1168 τυ-

294 1218 414 1308 φλότης
438 1216 607 1306 ἀκόρεστον
631 1216 776 1288 ἐποίησεν
801 1210 965 1301 ἐπιθυμίαν
988 1210 1126 1275 πλούτου
1149 1211 1203 1276 καί
1227 1201 1396 1303 δυνάμεως,
1421 1212 1474 1276 καί
1500 1207 1558 1298 ζῇν
1583 1218 1622 1288 ὡς
1646 1213 1761 1302 ἄλογον
1785 1213 1840 1277 καὶ

295 1325 401 1416 θηρίον
431 1323 675 1414 παρεσκεύασεν·
702 1319 902 1411 ἀλογώσαντι
933 1314 985 1384 οὖν
1017 1321 1128 1384 ἑαυτὸν
1160 1326 1200 1410 ως
1233 1323 1339 1411 ἀλόγῳ
1369 1333 1487 1411 χρῆται
1509 1323 1547 1386 τό
1570 1330 1643 1390 πᾶν.
1675 1323 1709 1387 Ὁ
1737 1324 1839 1386 τοίνυν

294 1437 434 1510 ἐκτείνας
450 1434 488 1498 τό
504 1433 678 1523 λαίμαργον
697 1441 754 1506 τῆς
770 1435 881 1494 ἑαυτοῦ
899 1422 980 1508 ζωῆς
998 1433 1038 1503 εἰς
1056 1421 1233 1519 τυραννίδος
1251 1433 1363 1520 αἳρεσιν
1386 1429 1537 1520 μεγάλης,
1555 1435 1593 1505 ὡς
1616 1430 1800 1502 ἐκπλήσσων
1814 1429 1840 1516 ³)

294 1543 354 1615 τήν
378 1543 494 1607 οἰκείαν
519 1539 693 1630 ἀπέραντον
718 1529 830 1629 ὄρεξιν,
855 1541 886 1602 ἐν
914 1539 1015 1624 ἐκείνῃ
1050 1527 1157 1602 δίδωσι
1188 1531 1289 1614 δίκην,
1313 1539 1383 1628 περί
1406 1537 1547 1629 ἑαυτῷ*)
1570 1538 1629 1610 τήν
1651 1539 1839 1629 λαιμαργίαν

242 1673 267 1710 ιο
295 1649 407 1744 τρέψας
431 1651 485 1715 καί
507 1660 576 1726 ταῖς
600 1659 662 1712 τῶν
687 1651 799 1712 ἑαυτοῦ
822 1638 942 1712 παίδων
968 1645 1185 1732 ἀπολαύσεσιν,
1211 1646 1377 1737 μονονουχὶ
1402 1646 1522 1731 βούσης
1546 1658 1604 1724 τῆς
1629 1639 1729 1730 δίκης,
1747 1649 1837 1720 ὅτίή

295 1761 467 1852 ἀπέραντος
491 1769 549 1836 τῆς
573 1747 752 1848 τυραννίδος
776 1747 873 1845 ὄρεξις
889 1753 1011 1828 ταύτην
1028 1756 1093 1845 ἔχει
1108 1755 1217 1828 ποινήν
1235 1755 1339 1846 θηρίον
1357 1755 1509 1847 γενέσθαι,
1527 1768 1590 1822 τῶν
1610 1756 1727 1821 τέκνων
1752 1761 1841 1846 ἐμπι-

294 1869 454 1960 πλάμενον
472 1863 513 1933 ὧν
530 1866 730 1958 ἐγεννήσατο.
749 1903 790 1912 —-
807 1871 908 1928 Τοῦτο
925 1863 979 1954 μὲν
998 1857 1049 1929 ούν
1066 1869 1092 1929 εἰ
1109 1858 1220 1944 ζητοίη
1239 1889 1298 1948 τις,
1314 1875 1387 1941 πῶς,
1402 1869 1590 1938 τηλικοῦτον
1615 1866 1723 1931 ἕπεται
1746 1866 1840 1929 κακόν

295 1982 333 2046 τύ
359 1980 402 2067 μή
428 1982 463 2044 ἐκ
486 1968 740 2067 προύεθιωμένων
758 1971 968 2062 ὀφειλόμενον,
986 1972 1072 2061 εἰμὴ
1092 1972 1151 2064 ἀρα
1175 1973 1229 2038 καί
1251 1975 1310 2063 προ
1332 1984 1390 2050 τῆς
1414 1975 1611 2064 τεταγμένης
1635 1968 1716 2053 ζωῆς
1741 1965 1780 2038 δι’
1804 1970 1840 2047 ἦν

296 2092 407 2178 ἔτυχεν
432 2096 490 2164 τῆς
513 2086 653 2176 οὐρανίας
678 2074 805 2159 λήξεως,
830 2076 868 2155 ήν
892 2105 939 2156 τις
964 2083 1049 2165 αύτῷ
1075 2083 1139 2166 βίος
1155 2083 1178 2167 ⁶)
1195 2136 1202 2151 .
1218 2135 1247 2151 ..

243 2317 269 2354 ¹⁵
296 2308 320 2374 f.
340 2309 413 2386 162,
432 2328 490 2392 per
508 2306 549 2371 10
567 2327 679 2370 versus
695 2297 811 2368 crescit
826 2297 937 2363 hiatus
953 2298 986 2363 in
1004 2298 1083 2365 folio
1099 2299 1224 2366 lacero:
1249 2303 1289 2374 ὡς
1314 2298 1461 2362 ἀπόλλων
1487 2308 1632 2387 ...ρικῶν
1654 2297 1705 2362 ἐπί
1728 2291 1841 2387 ζωάρ...

295 2441 344 2493 τις
367 2419 398 2480 έν
424 2413 529 2488 ἄλλοις
553 2412 678 2500 ὕστερον
695 2459 701 2472 .
716 2458 744 2472 ..
769 2407 913 2496 τημένων
938 2411 1013 2494 ῆμῖν
1041 2405 1130 2480 ποινή
1147 2429 1268 2482 ...νοις
1291 2403 1496 2496 καθαρθέντες
1521 2406 1574 2470 καί
1597 2417 1767 2474 ταῦτα...
1791 2406 1843 2469 καί

298 2515 468 2615 προύιοτάς
492 2520 540 2584 ἀεὶ
563 2516 733 2600 αἰτιᾶσθαι,
758 2521 797 2591 ὡς
821 2521 910 2604 ήμεῖς
935 2537 971 2606 γε
989 2518 1165 2604 ἀποχρῆναι
1178 2509 1341 2605 νομίζομεν
1359 2512 1418 2581 τήν
1435 2515 1485 2580 ἐπί
1501 2526 1541 2601 τῇ
1567 2509 1627 2593 ἕξει
1651 2525 1708 2590 τῆς
1732 2512 1842 2603 ψυχῆς,

298 2632 348 2721 ἀφ’
373 2625 409 2704 ἧς
433 2635 453 2704 η
480 2631 592 2716 αἵρεσις
615 2624 739 2707 ποινήν,
762 2617 949 2702 κολάζοντος
974 2623 1093 2695 ἐκείνην
1118 2632 1172 2686 τοῦ
1196 2624 1312 2699 παντός
1338 2613 1389 2687 διά
1410 2632 1473 2687 τῶν
1497 2623 1669 2711 ἑπομένων·
1695 2612 1789 2694 δηλοῖ
1812 2612 1844 2684 δὲ

298 2739 351 2804 καί
376 2738 467 2812 αύτός
493 2734 584 2801 εἰπὼν
608 2746 649 2820 τῆ
676 2733 829 2824 ἀφροσύνη
857 2733 910 2798 καί
932 2735 1109 2825 λαιμαργία
1125 2732 1184 2807 τήν
1202 2743 1264 2798 τῶν
1281 2725 1400 2798 παίδων
1424 2737 1535 2824 βρῶσιν
1560 2730 1782 2804 ἀκολουθῆσαι·
1805 2729 1843 2804 ήν

242 2871 269 2908 ιο
299 2840 407 2914 ἰδόντα
431 2846 552 2937 θρηνεῖν
576 2846 631 2910 τόν
656 2845 890 2919 ἀνεπισκέπτως
907 2844 1053 2934 ἑλόμενον
1074 2853 1185 2908 τοῦτον
1204 2845 1258 2907 τόν
1285 2845 1349 2927 βίον
1366 2844 1389 2927 ⁶)
1415 2841 1500 2933 παρά
1521 2833 1619 2917 πόδας
1643 2839 1845 2933 τυγχάνοντα

297 2966 358 3030 τῆς
382 2946 482 3030 δίκης.
505 2960 560 3018 Δεῖ
581 2943 615 3018 δὲ
639 2943 720 3044 μηδὲ
744 2959 842 3018 ἐκεῖνο
866 2952 1038 3029 λανθάνειν,
1064 2954 1113 3017 ὅτι
1129 2952 1182 3016 καὶ
1200 2943 1354 3041 δαιμόνων
1374 2944 1664 3040 ἐπεισκωμάζουσαι
1688 2959 1757 3024 ταῖς
1780 2972 1847 3013 τοι-

299 3064 408 3140 αύταις
432 3059 556 3152 ψυχαῖς,
582 3055 623 3126 ὧν
648 3067 667 3134 ή
693 3063 841 3150 ἐπιθυμία
856 3061 1009 3144 τοσαύτη,
1026 3063 1172 3125 ποιναίων
1186 3057 1212 3146 ⁷)
1236 3060 1369 3135 κινήσεις
1386 3057 1443 3136 τάς
1464 3059 1612 3134 τοιαύτας
1636 3049 1846 3148 ἐμύάλλουσιν

299 3171 413 3261 όρμάς·
439 3166 481 3246 οἷς
505 3167 639 3259 ὑπάρχει
662 3167 704 3234 τά
727 3179 836 3260 πρῶτα
861 3167 1021 3258 μιμεῖσθαι
1044 3179 1101 3245 τῆς
1125 3173 1244 3234 ἑαυτῶν
1277 3177 1378 3258 σειροῖς
1409 3169 1560 3256 ἀνομοίως
1584 3167 1638 3231 καί
1661 3172 1700 3244 ὡς
1724 3167 1847 3255 ἔσχατα

301 3280 391 3356 εἰκός·
411 3280 468 3344 ὅσα
484 3275 545 3368 γάρ
562 3281 664 3342 ἐκεῖνα
681 3269 739 3368 δρᾷ
755 3276 851 3356 θείως,
868 3277 956 3344 ταῦθ’
973 3273 1058 3343 οὗτοι
1074 3279 1264 3369 πράττουσιν
1281 3278 1438 3360 ποιναίως,
1455 3275 1517 3342 οἷον
1534 3286 1592 3353 τῆς
1610 3281 1731 3366 ἀρεῖκῆς
1748 3284 1848 3365 σειρᾶς

244 3407 271 3444 2⁶
302 3397 371 3462 ταῖς
396 3385 561 3475 ἀχράντοις
585 3389 700 3460 ἑαυτῆς
725 3377 891 3473 δυνάμεσιν
915 3383 968 3450 καὶ
991 3376 1188 3475 διαιρετικαῖς
1203 3383 1238 3470 ⁸),
1261 3385 1434 3476 τεμνούσης
1459 3385 1513 3474 μὲν
1536 3385 1596 3456 τήν
1620 3387 1709 3462 ύλην,
1733 3381 1789 3458 τάς
1814 3374 1848 3447 δὲ

300 3491 401 3584 ψυχάς
425 3493 600 3584 ἀναγούοης
627 3485 678 3559 διά
702 3493 802 3584 μέσων
819 3503 882 3557 τῶν
899 3497 1120 3558 ἀποκοπτικῶν
1138 3496 1280 3585 ἀγγέλων
1298 3506 1356 3572 τῆς
1380 3499 1487 3571 ὑλικῆς
1511 3488 1592 3574 ζωῆς
1616 3492 1670 3559 καί
1692 3501 1747 3556 τοῦ
1770 3497 1848 3582 ήγε-

301 3604 392 3692 μόνος
416 3607 518 3668 αὐτῶν
543 3613 600 3679 τῆς
624 3603 770 3691 τμήσεως
794 3596 989 3692 ἐξάρχοντος,
1014 3607 1053 3678 ὡς
1077 3605 1114 3668 τό
1138 3605 1244 3696 λόγιον
1269 3605 1398 3695 εἴρηκεν·
1424 3597 1501 3668 εἶναι
1524 3601 1584 3694 γάρ
1608 3627 1680 3667 τινα
1703 3601 1847 3692 τμήσεως

301 3712 378 3802 ἀγόν
403 3722 465 3776 τῶν
490 3713 703 3802 ἐκτεμνόντων
727 3709 787 3784 τὴν
810 3711 889 3784 ύλην
913 3711 974 3775 ἀπό
1006 3720 1068 3776 τῶν
1099 3708 1204 3802 ψυχῶν
1237 3712 1397 3804 ἀγγέλων,
1421 3717 1450 3777 οἱ
1473 3713 1603 3800 ἔσχατοι
1631 3721 1693 3775 τῶν
1718 3714 1847 3800 ἀρεῖκῶν

301 3811 456 3910 δαιμόνων
482 3829 650 3910 μιμοῦνται
673 3819 818 3910 χειρόνως
842 3818 902 3892 τήν
927 3822 1043 3885 οἰκείαν
1065 3820 1176 3911 οειράν,
1194 3820 1294 3910 φόνοις
1312 3821 1491 3912 ἀχορέοτοις
1515 3821 1677 3911 χαίροντες
1701 3818 1755 3883 καί
1777 3829 1846 3894 ταῖς

245 3945 273 3983 ³⁰
301 3941 413 4018 τομαῖς
437 3939 507 4005 ταῖς
531 3937 593 3993 τῶν
618 3927 772 4018 σωμάτων
798 3928 852 3992 καί
875 3928 1028 4006 τοιούτοις
1043 3927 1068 4013 ⁹)

302 4147 325 4211 f.
345 4146 406 4211 162
424 4167 472 4211 ν.;
501 4197 508 4212 .
524 4154 660 4214 ..ποιεῖν
678 4145 844 4233 ἀνεκροιτη
862 4198 869 4213 .
884 4197 913 4213 ..
937 4138 1126 4236 ἐξεχόμενοι,
1148 4170 1204 4236 χαι
1219 4199 1225 4214 .
1241 4199 1248 4213 .
1264 4169 1348 4213 ,εσιν
1369 4147 1427 4211 ὑπό
1443 4145 1586 4237 πατέρων
1611 4144 1686 4213 καί.
1702 4199 1708 4213 .
1724 4197 1731 4212 .
1754 4153 1849 4208 τοῦτο

303 4253 340 4317 τό
365 4255 461 4318 κακόν
487 4251 605 4345 ἀγαθοῦ
630 4277 734 4342 με...
758 4256 992 4346 γενόμενον...
1016 4256 1075 4320 ὑπό
1098 4265 1161 4319 τῶν
1185 4253 1328 4344 ἐσχάτων
1354 4255 1474 4345 ἀλόγως
1500 4255 1679 4323 ...ἐτυπον
1702 4253 1761 4316 ὑπό
1785 4260 1847 4315 τῶν

302 4362 487 4452 πρωτίστων
512 4361 637 4454 ἐγένετο
660 4387 761 4433 νο...
785 4363 839 4428 καί
862 4369 881 4438 ή
909 4360 991 4455 ψυχή
1010 4369 1083 4454 παρ’
1101 4367 1225 4440 ἐκείνοις
1246 4364 1382 4453 μένουσα
1405 4365 1457 4429 καί
1480 4367 1583 4429 ἐκεῖνα
1609 4361 1783 4452 μιμουμένη
1809 4353 1848 4444 ζῇ

302 4479 422 4562 νοερῶς,
446 4470 499 4534 καί
522 4469 565 4535 τά
588 4472 772 4562 γεννήματα
794 4476 909 4549 ἑαυτῆς
940 4475 971 4538 ἐν
1001 4476 1098 4558 ἑαυτῇ
1132 4474 1332 4538 κατακλείει·
1358 4481 1461 4562 νοεροῖς
1493 4463 1526 4537 δέ
1558 4465 1639 4550 ζωῆς
1663 4469 1849 4560 γεννήματα

248 4591 274 4629 ³⁵
304 4570 458 4652 δήπουθέν
483 4580 578 4663 ἐστιν,
603 4581 663 4644 ὅσα
686 4576 913 4671 προχειρίζεται
939 4580 1086 4671 νοήματα
1102 4591 1234 4646 συνοῦσα
1251 4584 1383 4658 ἐκείνοις·
1401 4583 1431 4646 ἐν
1448 4572 1482 4646 δέ
1503 4591 1568 4655 τοῖς
1593 4577 1737 4668 ἐσχάτοις
1761 4599 1852 4667 γενο-

305 4687 394 4776 μένη,
418 4686 472 4753 καί
497 4678 536 4752 δι’
562 4688 735 4781 ἀφροσύνην
759 4699 824 4765 τοῖς
840 4688 985 4779 ἐσχάτοις
1002 4699 1059 4765 τῆς
1077 4699 1176 4779 σειροῖς
1193 4691 1313 4766 ἐκείνης
1330 4677 1517 4780 όμιλήσασα,
1541 4697 1673 4752 κινεῖται
1696 4685 1769 4776 πρὸς
1793 4682 1851 4758 τάς

305 4795 503 4872 ἀποπτύσεις
527 4799 670 4884 ἐκείνων,
694 4797 748 4862 καί
770 4796 812 4862 τά
836 4796 1025 4888 γεννηθέντα
1047 4787 1195 4884 ζωωδῶς,
1220 4795 1290 4861 ἀλλ’
1316 4802 1349 4863 ού
1373 4806 1498 4888 νυερῶς,
1523 4797 1577 4861 καί
1606 4795 1685 4860 όντα
1708 4787 1852 4884 μεριστὰ,

343 4992 364 5066 ¹)
383 4991 423 5049 M.
443 4997 570 5056 ῖπληστις
590 5010 658 5050 cum
676 4992 738 5050 cod.
758 4993 812 5051 sed
832 4993 970 5066 neglecta
988 5011 1053 5050 cor·
1142 4997 1164 5064 5)
1183 4995 1223 5051 M.
1243 5011 1298 5050 om.
1319 4992 1474 5068 sequentia
1491 4990 1645 5064 usquead
1666 4991 1749 5056 βιόεαε
1769 4991 1815 5042 &th

305 5087 375 5139 rect.
394 5081 473 5136 inter
491 5083 542 5138 lin.
1142 5087 1164 5159 ⁶)
1184 5086 1224 5141 M.
1244 5091 1284 5138 τόν
1303 5087 1363 5137 θεόν.

343 5172 367 5245 ²)
385 5171 423 5227 Η.
443 5171 463 5227 f.
482 5173 526 5228 94.
1142 5177 1164 5249 λ)
1183 5175 1222 5230 M.
1242 5179 1364 5246 πονηρῶν,
1384 5192 1440 5232 οιιι.
1461 5173 1571 5231 codicis
1591 5170 1779 5230 correctione.

341 5259 365 5334 ³)
384 5259 423 5316 H.
443 5259 580 5320 ἐκπλήοων.
1141 5265 1163 5338 ⁸)
1183 5264 1217 5321 A.
1236 5284 1264 5339 p.
1284 5265 1327 5321 95.

339 5352 364 5426 ⁴)
383 5350 516 5410 Ρτίιιιιιιιι
535 5354 598 5411 οοιλ
618 5361 670 5426 nep!
689 5357 777 5414 ῖαυιην
796 5373 869 5414 corr.
889 5359 977 5428 ῖιιυτῷ.
1139 5356 1163 5428 ²³)
1182 5355 1220 5411 M.
1240 5371 1295 5412 om.
1316 5352 1471 5427 sequentia
1488 5369 1585 5426 usque
1603 5349 1641 5406 ad
1660 5353 1703 5401 καὶ
1721 5350 1737 5404 ῖι
1758 5347 1851 5416 ψυχή-ι-
