4006 6074
246 431 282 486 28
703 426 797 514 Quae
813 427 914 519 εἰριιιι
932 433 1010 499 ante
1029 435 1059 500 et
1073 435 1150 519 post
1165 431 1338 520 seruntur.

247 596 342 684 κρίσις
366 595 460 686 λόγος
484 597 587 684 μόνον,
612 597 682 662 ἀλλ’
707 601 806 690 ἔργον·
831 603 857 663 εἰ
880 599 935 664 καί
958 609 1021 664 τῶν
1038 599 1143 666 ἀλλων
1160 597 1197 676 ἧν
1214 603 1450 695 προηγούμενον
1466 603 1490 691 ¹)
1508 604 1589 694 μετά
1612 605 1671 677 τὴν
1695 608 1794 697 κρίσιν

247 702 303 778 τάς
328 703 426 794 ἀρχάς
450 704 507 780 τάς
531 697 729 795 ἐνδεδομένας
761 707 994 789 τελεώσασθαι,
1018 709 1071 774 καί
1094 709 1151 787 τάς
1185 711 1239 800 μὲν
1270 716 1310 788 είς
1341 711 1400 784 τάν
1424 714 1643 804 προσήκουσαν
1669 715 1794 806 ἀνάγειν

152 847 153 850 ¹
247 813 413 902 εὐμοιρίαν,
427 811 483 890 τάς
498 805 531 878 δέ
542 819 583 890 είς
601 814 660 885 τάν
677 817 961 907 πφοκατηργμένην
980 817 1119 883 κόλασιν·
1138 824 1165 883 εί
1182 819 1237 908 μὲν
1256 815 1306 884 σύν
1323 820 1468 911 ἑκάτερον
1485 822 1544 886 ὑπό
1560 831 1623 885 τῶν
1640 833 1753 912 κριτῶν
1767 823 1793 907 ²)

248 921 392 1013 ἐγίγνετο
417 921 528 1010 μόνων,
553 927 608 986 ούκ
625 921 661 987 ἀν
681 922 854 1014 ἐρρήθησαν
878 924 1015 1015 χρῆσθαι
1032 930 1180 1015 σημείοις,
1198 927 1251 992 καί
1267 933 1292 993 εί
1312 919 1410 1018 μηδὲν
1433 933 1555 995 ἐποίουν
1573 933 1661 1007 ὅλως·
1680 931 1748 997 ἐπεὶ
1764 923 1798 996 δὲ

135 1042 136 1046 ’
206 1052 220 1093 ιι
249 1019 343 1118 δρῶσι
368 1027 434 1118 μέν,
457 1024 667 1121 ἀπαρξάμενοι
691 1023 724 1097 δέ
748 1024 869 1122 δρῶσιν,
894 1033 1000 1112 άλλοις
1024 1026 1248 1126 παραδιδόντες
1271 1035 1331 1107 τὴν
1357 1038 1577 1128 ἀποπλήρωσιν
1591 1037 1616 1120 ³)
1642 1045 1674 1102 αί
1697 1029 1797 1114 δόσεις

249 1140 351 1202 αὐτῶν
375 1137 429 1201 καί
449 1129 619 1228 ,ἀρχοειδεῖς
642 1141 781 1218 ποιήσεις
806 1143 944 1231 σημείοις
969 1141 1218 1214 ἀπεικάσθησαν·
1244 1136 1285 1207 ὧν
1310 1143 1462 1221 οἰκειότης
1487 1146 1542 1234 μέν
1566 1149 1634 1210 ἐστι
1656 1147 1730 1236 πρὸς
1754 1145 1797 1209 τά

250 1245 466 1335 σημαινόμενα
483 1248 537 1312 καί
555 1249 763 1326 ύποτύπωσις,
780 1243 976 1342 ἀμυδρότερα
993 1242 1027 1317 δὲ
1042 1251 1166 1317 ἐκείνων
1180 1249 1206 1336 ⁴)
1223 1257 1241 1325 ἡ
1260 1251 1440 1328 ὑπόστασις·
1462 1253 1581 1330 ταύτας
1606 1246 1644 1328 δὴ
1671 1248 1722 1319 σύν
1739 1252 1797 1330 τάς

250 1345 434 1432 δικαστικάς
458 1359 610 1450 ἐνεργείας
625 1355 650 1440 ⁵)
676 1364 707 1422 αί
731 1357 785 1448 μέν
810 1361 969 1450 κρείττους
993 1357 1092 1450 ψυχαὶ
1108 1360 1161 1424 καί
1177 1359 1401 1453 γιγνώσκουσιν
1418 1361 1472 1425 καί
1488 1355 1630 1427 σέόουσιν
1653 1362 1707 1427 καί
1730 1386 1800 1427 συν·

252 1462 454 1530 αισθάνονται
476 1476 531 1530 ποῖ
553 1490 631 1531 ποτε
654 1464 751 1543 αύτάς
777 1465 914 1558 ἄγουσιν·
940 1475 972 1533 αί
996 1460 1029 1535 δέ
1052 1471 1183 1560 χείρους,
1207 1469 1260 1533 καί
1283 1469 1396 1560 γενομέ
1410 1521 1504 1538 .....

198 1694 224 1732 ¹⁰
252 1683 275 1747 f.
294 1685 314 1748 6
330 1706 360 1748 v.
377 1684 563 1750 exciderunt
580 1685 599 1748 6
616 1706 715 1750 vers.:
733 1680 859 1748 όπισθεν
878 1683 1028 1760 οὕτως...
1045 1694 1110 1759 τοῖς
1128 1684 1181 1772 μὲν
1200 1683 1327 1777 ἀγαθοῖς
1344 1690 1363 1758 ῆ
1383 1684 1494 1775 ἄγνοια
1511 1685 1564 1748 καὶ
1578 1683 1621 1750 τά
1637 1687 1685 1750 ἐπ’
1702 1688 1800 1761 αὐτῆς

252 1794 337 1855 ἐστιν
362 1793 392 1855 ἐν
416 1789 530 1882 γνώσει
545 1799 637 1854 πᾶσιν
655 1795 683 1855 οί
707 1781 862 1856 δυσκακόν
887 1792 940 1856 καί
955 1791 1129 1883 πάσχοντες
1146 1798 1197 1859 ὑπ’
1216 1796 1325 1876 αὐτῆς,
1343 1791 1578 1870 ἀσυναισθήτως
1597 1795 1704 1883 ἔχουσι
1726 1795 1801 1883 πρὸς

252 1897 362 1971 αύτήν·
387 1898 483 1962 έοικεν
508 1890 559 1961 ούν
583 1893 645 1961 οῖον
670 1896 846 1962 ουστατικά
869 1893 946 1964 εἶναι
966 1899 1008 1964 τά
1025 1891 1191 1966 δικαστικά
1208 1912 1311 1967 ταῦτα
1328 1912 1455 1991 σημεῖα·
1481 1911 1544 1966 τῶν
1568 1893 1800 1989 δεδικασμένων

253 2003 372 2096 ψυχῶν,
395 2004 438 2070 τά
463 2003 518 2093 μὲν
541 2005 616 2096 πρὸς
641 2015 682 2070 τά
701 2008 732 2071 ἐν
757 2008 885 2096 οὐρανῷ,
909 2005 951 2070 τά
976 1998 1009 2073 δὲ
1032 2009 1106 2098 πρός
1130 2008 1172 2074 τά
1187 2010 1246 2073 ὑπό
1261 2019 1332 2099 γῆς,
1350 2011 1399 2074 ίνα
1419 2007 1569 2076 συσταθεῖ
1584 2025 1624 2080 -ζζ-
1640 2033 1693 2074 σαι
1715 2006 1801 2098 παρά

253 2122 316 2177 τῶν
341 2103 509 2196 δικαστῶν,
533 2123 588 2177 τοῦ
613 2113 722 2190 τέλους
745 2113 865 2202 τύχωσι
888 2111 973 2205 παρά
996 2125 1057 2179 τῶν
1080 2107 1315 2205 ὑποδεχομένων
1341 2115 1449 2193 αύτάς.

200 2285 226 2322 ¹⁵
522 2289 566 2351 -·,-
589 2277 718 2342 Ἐαυτοῦ
750 2267 783 2342 δέ
812 2277 1038 2369 προσελθόντος
1070 2283 1165 2344 εἰπεῖν
1198 2279 1247 2343 ὅτι
1277 2269 1341 2344 δέοι
1374 2279 1468 2344 αὐτόν
1492 2291 1537 2352 ÷

523 2399 567 2461 ÷
590 2385 725 2479 ἄγγελον
751 2384 919 2476 ἀνθρώποις
943 2385 1085 2479 γενέσθαι
1106 2396 1169 2451 τῶν
1193 2390 1266 2470 ἐκεῖ,
1290 2388 1343 2451 καὶ
1369 2378 1470 2451 διακε-
1491 2399 1537 2463 ÷

524 2508 569 2569 ÷
591 2493 731 2558 λεύοιντό
756 2499 784 2558 οί
807 2493 928 2560 ἀκούειν
953 2494 1006 2560 καί
1029 2494 1157 2560 θεᾶσθαι
1175 2493 1282 2581 πάντα
1304 2493 1346 2560 τά
1370 2498 1400 2559 ἐν
1425 2504 1470 2578 τῷ
1493 2508 1538 2571 -ζ-

525 2615 570 2678 ÷
591 2601 679 2686 τόπῳ
694 2602 730 2688 6).
753 2615 798 2677 ÷

259 2771 369 2854 Σαφῶς
392 2768 423 2829 ἐν
447 2763 570 2840 τούτοις
594 2768 610 2828 ό
627 2761 718 2852 μῦθος
734 2756 822 2842 τάξιν
841 2763 1014 2855 ἀγγελικὴν
1031 2764 1085 2829 καὶ
1103 2755 1386 2855 διαπορθμευτικὴν
1404 2773 1466 2828 τῶν
1483 2757 1542 2842 ἔξω
1566 2761 1713 2850 σώματος
1736 2759 1806 2850 περί

201 2875 230 2912 ²⁰
257 2872 314 2948 τοὶς
338 2867 438 2962 ψυχάς
462 2871 705 2962 συμπιπτόντων
730 2862 918 2937 ἀποδίδωσιν
942 2881 987 2955 τῷ
1011 2873 1066 2938 τόν
1092 2871 1187 2963 μῦθον
1204 2872 1413 2965 ἀφηγουμένῳ
1429 2871 1513 2937 κατά
1535 2870 1595 2942 τὴν
1620 2861 1805 2938 δικαστικάν

260 2977 375 3070 ψῆφον·
390 2985 418 3045 εί
434 2971 467 3046 δέ
483 2990 577 3044 τοῦτο
593 2970 763 3069 πρόδηλον,
780 2981 830 3044 ότι
846 2979 900 3044 καί
916 2980 1036 3045 τούτων
1053 2980 1137 3046 κατά
1154 2973 1244 3054 δίκην
1261 2973 1406 3071 ὑπῆρξεν,
1424 2980 1476 3044 καί
1491 2977 1550 3050 τὴν
1568 2982 1603 3043 ἐκ
1618 2987 1674 3042 τοῦ
1690 2975 1806 3052 παντὸς

259 3086 435 3177 ἐφήκσυσαν
460 3079 560 3168 ἀξίαν,
584 3096 679 3152 τοῦτο
696 3088 750 3153 καί
766 3087 853 3172 ἄλλῳ
869 3089 965 3153 παντί
981 3099 1027 3172 τῷ
1043 3088 1240 3162 τηλικούτων
1259 3087 1384 3180 ἀγαθῶν
1408 3091 1439 3153 ἐν
1464 3086 1573 3178 θεωρίᾳ
1596 3084 1807 3179 γενησομένῳ,

259 3195 314 3260 καί
337 3195 469 3261 λέλυται
491 3195 529 3259 τό
554 3195 679 3284 ἄπορον,
697 3205 761 3272 πῶς
778 3187 926 3286 διέμεινεν
944 3202 986 3272 είς
1002 3196 1159 3273 τοσαύτας
1175 3197 1292 3286 ἡμέρας
1307 3195 1344 3260 τό
1366 3205 1456 3283 σῶμα
1480 3205 1534 3259 τοῦ
1558 3194 1643 3284 Ἠρὸς
1667 3194 1806 3282 κείμενον

260 3303 311 3369 ἐπὶ
335 3313 393 3394 γῆς
410 3293 590 3368 ἀδιάλυτον·
608 3308 634 3368 εί
650 3302 709 3395 γάρ
725 3301 809 3369 κατά
824 3303 883 3375 τὴν
900 3304 1055 3394 κοσμικὴν
1072 3303 1198 3395 ἐγένετο
1214 3296 1315 3384 τάξιν,
1333 3300 1445 3392 θεωρὸν
1462 3299 1604 3392 γενέσθαι
1619 3299 1678 3372 τὴν
1702 3296 1806 3389 ψυχὴν

133 3491 139 3502 ,
204 3413 233 3458 25
261 3409 466 3502 χωρισθεῖσαν
482 3420 546 3476 τῶν
562 3415 646 3502 μετιί
663 3410 809 3501 σώματος
821 3411 974 3502 ἀοράτων,
987 3412 1040 3476 καί
1056 3411 1191 3503 ἀγγελον
1205 3410 1374 3503 ἀνθρώποις
1387 3410 1441 3474 καί
1456 3408 1515 3481 τὴν
1532 3418 1588 3473 τοῦ
1605 3407 1750 3499 σώματος
1754 3457 1807 3475 .....

262 3629 285 3694 f.
304 3631 322 3694 7
338 3629 453 3694 desunt
472 3632 492 3695 6
518 3651 615 3696 vers.:
639 3627 715 3694 είσίν
739 3626 960 3718 ἐκφαντορικαί
983 3639 1053 3704 ταῖς
1076 3629 1107 3692 έν
1131 3627 1249 3720 γενέσει
1265 3622 1378 3716 ψυχαῖς
1404 3624 1573 3718 ἀγνώστων
1597 3633 1660 3688 τῶν
1683 3627 1807 3699 ἑαυταῖς

262 3734 469 3826 πραγμάτων·
495 3741 527 3801 αί
551 3727 584 3802 δέ
607 3737 712 3802 ἄλλων
727 3735 811 3802 κατά
825 3745 882 3813 τοῖς
899 3727 1060 3826 διαφόρους
1077 3746 1132 3801 τοῦ
1149 3735 1267 3810 παντός
1283 3726 1454 3825 περιόδους,
1472 3729 1534 3798 οἷον
1549 3737 1582 3796 αί
1601 3730 1655 3820 μέν
1671 3733 1807 3794 τελετῶν

263 3843 318 3909 καί
341 3846 532 3934 μυστηρίων,
556 3847 626 3910 ὅσαι
648 3857 713 3922 τοῖς
737 3850 954 3939 τελετουργοῖς
978 3847 1116 3909 ἀνεῖνται
1137 3841 1228 3920 θεοῖς·
1247 3848 1279 3907 αἱ
1303 3834 1336 3908 δὲ
1359 3852 1417 3918 τῆς
1442 3839 1523 3916 θείας
1547 3848 1712 3928 μαντικῆς,
1737 3838 1808 3901 ὅσαι

262 3962 332 4028 ταῖς
357 3955 593 4044 ἐκφαντορικαῖς
616 3947 740 4033 τάξεσιν
765 3959 913 4039 ἀνεῖνται,
937 3965 995 4029 τῆς
1019 3953 1151 4044 κρυφίως
1175 3953 1268 4027 ούσης
1292 3953 1323 4016 ἐν
1347 3960 1412 4026 τοῖς
1436 3948 1513 4023 θεοῖς
1537 3944 1695 4022 ἀληθείας·
1720 3949 1752 4008 αί
1776 3935 1809 4009 δέ

224 4057 236 4094 ⁰
265 4067 415 4151 ἰατρικῆς,
441 4062 511 4126 ὅσαι
526 4072 596 4138 ταῖς
615 4065 771 4139 παιωνίοις
788 4055 949 4153 δυνάμεσι,
965 4072 1034 4137 ταῖς
1051 4061 1176 4152 ἀγήρων
1200 4060 1255 4124 καί
1271 4056 1380 4124 ἀνοσον
1397 4057 1449 4122 καί
1465 4055 1581 4121 ἀλυτον
1606 4051 1807 4142 συνεχούσαις

263 4169 318 4233 τόν
343 4168 415 4233 ὅλον
439 4169 576 4258 ούρανόν.
603 4171 694 4236 Ούτω
718 4161 756 4244 δὴ
789 4165 841 4236 σύν
873 4171 1012 4234 καὶτῶν
1038 4173 1162 4258 ἀφανῶν
1184 4159 1335 4258 περιόδων
1358 4176 1420 4230 τῶν
1447 4163 1586 4253 ψυχικῶν
1618 4154 1702 4240 ἀξιαί
1728 4182 1808 4233 τινες

264 4278 429 4368 γίγνονται
445 4267 652 4370 διαφερόντως
669 4289 727 4355 τῆς
745 4275 881 4368 ἐποψίας,
898 4279 969 4343 ὅσαι
984 4289 1050 4354 τοῖς
1066 4287 1128 4340 τῶν
1144 4268 1294 4367 περιόδων
1311 4275 1431 4339 τούτων
1447 4271 1599 4363 ἡγεμόσιν
1623 4269 1808 4334 οἱκείωνται·

264 4384 318 4448 καί
342 4380 436 4448 αύται
457 4385 536 4450 ποτὲ
560 4385 615 4475 μέν
639 4389 818 4476 αύτοφανῶς
843 4377 961 4450 ἰδοῦσαι
983 4383 1040 4462 τάς
1064 4389 1095 4450 ἐν
1119 4393 1165 4468 τῷ
1187 4384 1285 4449 παντί
1314 4381 1416 4464 τούτῳ
1441 4380 1549 4468 κόσμῳ
1579 4369 1682 4454 τάξεις
1706 4375 1809 4437 αὐτῶν

266 4484 503 4560 διαστέλλουσιν
520 4491 546 4582 ⁷)
570 4493 654 4561 κατά
676 4494 735 4569 τὴν
760 4498 790 4561 ἐν
814 4503 860 4578 τῷ
890 4495 987 4559 παντί
1016 4493 1277 4585 προυπάρχουσαν
1310 4490 1364 4556 καί
1395 4487 1571 4580 ίερατικήν·
1597 4489 1629 4549 αί
1658 4474 1691 4549 δὲ
1714 4479 1809 4547 ἀλλον

304 4813 325 4882 ¹)
346 4813 415 4871 God.
434 4811 563 4887 primum
582 4817 781 4888 προηγουμένως.
1068 4833 1123 4866 ται·
1143 4813 1205 4867 αύτη
1225 4816 1274 4884 γὰρ
1295 4807 1423 4880 ἀρχοιιὸἣς
1442 4812 1485 4860 καί
1504 4811 1531 4859 τό
1551 4809 1600 4856 πᾶν
1620 4803 1710 4870 ἔχουσα
1729 4803 1812 4872 κῦρος·

303 4905 325 4978 ²)
345 4905 440 4978 Supra
458 4905 510 4961 lin.
529 4909 607 4978 ᾓττᾶν
627 4905 696 4962 fort.
715 4906 915 4964 inserendum.
1068 4908 1127 4977 ὅπερ
1147 4903 1280 4966 ίξαπλούσι
1292 4907 1333 4954 διὰ
1346 4902 1450 4962 ζωτικῆς
1463 4902 1506 4950 καί
1519 4899 1681 4955 παντοδαπῆς
1695 4895 1810 4952 ιιινίσεως

303 4995 327 5068 ³)
345 4994 480 5051 Primum
499 4999 679 5066 ἀπσκλύρωσιν.
1068 4997 1091 5046 σί
1109 4991 1287 5064 ὑπσυφγεῦντίς
1307 5009 1333 5041 τι
1352 4993 1395 5040 καί
1415 4989 1437 5038 σί
1457 4990 1490 5038 τὰ
1508 4989 1601 5055 σημεῖα
1620 4981 1768 5055 δεδεγμένοι

302 5085 326 5156 ⁴)
345 5085 381 5140 In
400 5103 493 5158 marg.
513 5092 615 5143 vetere
634 5105 671 5142 m.
691 5087 782 5161 γρ.,δι’
802 5089 910 5142 εἰκόνων.
1102 5083 1125 5156 ⁶)
1144 5080 1281 5152 Reipubl.
1295 5097 1324 5135 x.
1337 5097 1365 5152 p.
1378 5075 1462 5134 3101.
1475 5075 1495 5130 l.
1508 5073 1583 5130 Edd.
1602 5075 1695 5128 ἀκούειν
1715 5093 1741 5126 τι
1760 5072 1811 5124 καί.

303 5173 326 5246 ⁵)
345 5173 382 5228 In
400 5192 494 5246 marg.
514 5174 662 5232 inferiori:
682 5180 781 5248 μήποτε
800 5181 827 5230 τό
848 5181 950 5246 σημεῖον
970 5178 1014 5235 τόν
1102 5173 1125 5246 Ἰ)
1145 5171 1240 5244 Supra
1257 5169 1309 5226 lin.
1328 5169 1524 5242 διαγγέλλουσιν.

269 5264 401 5337 ἀμέριστον
421 5271 464 5319 καί
483 5271 566 5338 νεεράν
585 5267 674 5321 ίνὸσσιν
689 5270 736 5320 τῶν
750 5270 873 5324 δικαστῶν
893 5265 1015 5320 ἐνδείκνυ-
