3978 6070
699 543 812 618 δοκέον
829 546 864 617 in
885 545 1035 618 medium
1047 547 1229 637 μνησαίατο.
1687 557 1741 612 101

196 712 292 802 νοεῒῙ)
308 725 414 793 ποιῶν,
424 717 550 793 εἰκότως
562 717 674 809 λέγων,
687 718 800 808 [ῥίπτει
812 715 895 802 τοὺς)
914 718 1056 807 κλήρους.
1076 719 1316 785 ’Υπολείπονται
1326 729 1399 810 γοῦν
1412 721 1460 785 ἔτι
1471 718 1550 796 τινές
1564 729 1626 784 τῶν
1643 721 1744 811 [προ]-

196 835 336 914 φητικῶν
349 826 461 916 λόγων·
477 833 496 900 ή
517 818 550 891 δέ
566 823 643 917 ῥίβις
659 836 722 890 τῶν
739 826 863 916 κλήρων
871 824 897 910 ²)
916 826 934 898 ή
954 828 1015 891 ἀπό
1031 837 1094 890 τῶν
1108 830 1257 917 οὐρανίων
1267 837 1436 919 περιφορῶν
1450 829 1503 892 καὶ
1515 837 1578 892 τῶν
1595 838 1743 894 κινουσῶν

195 933 314 1008 ταύτας
339 936 457 1011 αἰτίων,
484 927 534 1000 διά
560 936 653 1025 μέσου
671 946 725 1000 τοῦ
742 936 903 1025 προφήτου
922 934 1120 1008 καθήκουσαν
1139 941 1180 1012 εἰς
1196 936 1253 1012 τάς
1270 934 1369 1026 ψυχάς
1387 941 1488 1002 αὐτῶν
1511 928 1660 1026 διανομήν
1684 961 1744 1003 πα-

197 1043 348 1132 ρίστησιν·
371 1043 438 1132 ἅμα
463 1034 496 1107 δέ
520 1035 612 1116 δηλοῖ
635 1043 689 1107 καί
704 1045 754 1108 ὅτι
769 1046 963 1134 περιείχοντο
982 1042 1036 1132 μὲν
1054 1046 1171 1120 ἑνιαίως
1196 1049 1227 1110 έν
1252 1047 1367 1129 ἐκείνῳ·
1386 1036 1592 1135 διεπείροντο
1618 1037 1650 1111 δέ
1664 1046 1688 1130 ³)
1713 1049 1744 1110 ἑν

158 1171 170 1208 ι
197 1161 261 1226 τοῖς
279 1141 527 1240 ὑποδεχομένοις,
542 1151 641 1227 ἄλλης
655 1148 756 1242 ψυχῆς
769 1152 865 1217 ἄλλον
882 1156 997 1242 κλῆρον
1010 1152 1240 1244 λαγχανούσης.
1259 1153 1320 1217 Καὶ
1336 1153 1395 1245 γάρ
1413 1153 1454 1218 τά
1471 1154 1537 1244 ἅμα
1554 1153 1744 1245 ῥιπτούμενα

197 1262 333 1353 πρόεισιν
351 1263 448 1340 οὕτως
466 1267 506 1340 είς
521 1262 640 1338 πλῆθος
659 1265 710 1353 ἀφ’
727 1262 793 1337 ἑνός
809 1271 864 1325 τοῦ
883 1258 1035 1351 ῥίψαντος·
1052 1261 1182 1337 ἕκαστος
1199 1271 1272 1351 γοῦν
1289 1255 1446 1352 λαμβάνει
1462 1273 1569 1345 τοῦτο,
1586 1263 1625 1339 ὥς
1642 1285 1746 1352 φησιν,

198 1369 229 1447 ός
252 1369 325 1460 παρ’
350 1372 444 1435 αὐτόν
469 1373 575 1436 ἔπεσεν
590 1370 627 1453 ⁴).
651 1369 712 1434 Καὶ
729 1361 842 1447 δόξειεν
861 1368 915 1458 μέν
933 1369 969 1433 ἀν
988 1368 1146 1434 αἰτιᾶσθαι
1163 1369 1221 1439 τήν
1239 1367 1341 1460 βυχὴν
1361 1375 1377 1434 6
1395 1368 1488 1460 μῦθος
1512 1380 1570 1446 τῆς
1594 1369 1745 1447 τοιαύτης

197 1477 357 1555 πτώσεως·
380 1471 503 1545 ἔστιδὲ
527 1476 612 1543 κατά
636 1469 726 1552 δίκην
750 1484 769 1551 ή
795 1484 868 1569 παρ’
893 1480 1024 1543 ἕκαστον
1048 1488 1103 1542 τοῦ
1127 1480 1340 1569 προσήκοντος
1365 1483 1449 1562 αὐτῷ
1474 1480 1591 1568 κλήρου
1615 1489 1744 1553 πτῶσις.

199 1593 267 1663 Πῶς
291 1585 350 1678 γάρ
375 1589 410 1652 οὐ
436 1589 545 1675 μέλλει
568 1585 654 1651 κατά
678 1577 768 1659 δίκην
794 1581 887 1669 εἶναι,
913 1586 966 1650 καί
990 1589 1046 1650 οὐκ
1070 1585 1192 1679 ἀλόγως
1216 1585 1371 1680 γίνεσθαι,
1396 1586 1481 1653 κατά
1505 1598 1573 1689 νοῦν
1598 1588 1744 1679 γινομένη

146 1711 172 1749 10
198 1706 255 1760 τοῦ
271 1719 307 1760 τε
330 1697 492 1785 προφήτου
516 1695 643 1770 καὶτῆς
661 1695 842 1785 Λαχέσεωςς
866 1695 920 1759 καὶ
943 1699 958 1759 6
978 1695 1032 1783 μέν
1048 1697 1211 1786 προφήτης
1232 1699 1356 1786 ἐνεργεῖ,
1382 1705 1472 1760 κινῶν
1498 1694 1554 1770 τάς
1577 1694 1679 1784 χυχάς
1704 1698 1745 1769 εἰς
1771 1745 1773 1750 ,

198 1802 257 1875 τήν
282 1813 345 1868 τῶν
369 1804 493 1893 κλήρων
519 1794 678 1893 ὑποδοχὴν
702 1803 840 1868 καὶτῶν
867 1804 940 1886 βίων
964 1802 1024 1876 τήν
1042 1805 1187 1893 ἐκλογήν·
1205 1807 1318 1869 ἐκεῖναι
1336 1796 1368 1870 δὲ
1393 1815 1549 1870 κινοῦνται
1572 1803 1622 1868 ὑπ’
1648 1808 1743 1867 αύτοῦ

199 1912 253 1976 καί
275 1909 359 1976 κατά
383 1912 438 1975 τόν
454 1911 549 2003 λόγον
567 1911 620 1975 καί
637 1909 720 1975 κατά
736 1910 795 1982 τήν
813 1913 997 2001 φαντασίαν,
1018 1917 1059 1988 εἰς
1077 1910 1170 2002 ἄμφω
1187 1923 1299 1978 ταῦτα·
1316 1916 1350 1978 ού
1369 1903 1402 1979 δέ
1424 1911 1485 2003 γάρ
1495 1913 1519 1996 ⁶)
1535 1912 1637 1988 άλλως
1662 1915 1746 2001 ἐνερ-

200 2030 305 2112 γοῦσιν
329 2026 370 2098 εἰς
394 2025 477 2107 ἡμᾶς
502 2026 530 2086 οί
553 2021 711 2110 κρείττους
735 2026 825 2109 ήμῶν
849 2019 868 2093 ή
894 2011 1027 2105 ἔνδοθεν,
1052 2020 1110 2086 ἅτε
1134 2020 1362 2113 προηγούμενοι
1386 2031 1444 2097 τῆς
1468 2023 1571 2098 ούσίας
1594 2025 1698 2109 ήμῶν·

513 2243 559 2322 Τῇ
587 2227 614 2300 δ’
641 2234 687 2326 ἄρ’
712 2234 763 2301 ἐπὶ
787 2235 873 2328 φρεσὶ
897 2233 974 2311 θῆκε
998 2235 1064 2300 θεά·

149 2356 174 2394 ¹⁵
200 2345 279 2410 Καί·

512 2452 615 2544 Φάρος
640 2451 695 2542 μέν
721 2476 773 2543 μοι
796 2461 919 2542 πρῶτον
943 2453 1119 2519 ἐνέπνευσεν
1146 2455 1228 2545 μέγα
1253 2445 1372 2543 δαίμων
1385 2451 1423 2541 ⁶).

203 2672 247 2734 06
272 2659 310 2732 δι’
335 2671 431 2744 ἀκοῆς
447 2663 499 2734 ούν
517 2659 712 2759 εἰσδέχονται
728 2668 800 2747 τοὺς
816 2670 938 2761 λόγους,
957 2659 1026 2736 οῦδὲ
1042 2668 1114 2735 κατ’
1133 2668 1275 2744 αἴσθησιν
1293 2669 1364 2747 τοὺς
1387 2669 1532 2761 κλήρους,
1550 2673 1621 2735 ἀλλ’
1647 2671 1750 2762 ἀνεγει

203 2888 227 2953 f.
248 2888 310 2953 153
328 2911 369 2966 κ,
386 2887 421 2953 in
438 2888 551 2954 eadem
567 2886 702 2954 lacuna:
730 2886 867 2978 [ρόμεναι
883 2887 957 2978 πρός
974 2886 1016 2952 τά
1033 2893 1131 2953 οἰκεῖα
1149 2888 1281 2954 ἕκασται
1305 2879 1371 2960 εἴδη
1397 2886 1439 2954 τά
1463 2898 1525 2954 τῶν
1549 2898 1750 2980 προφητικῶν

203 2996 373 3086 ἐνεργειῶν]
399 3004 461 3059 τῶν
486 3019 521 3060 τε
544 3007 736 3086 γνωστικῶν,
764 2991 816 3082 [ὧν
842 3003 870 3062 οἱ
892 2997 982 3088 λόγοι
999 2996 1127 3073 είκότες,
1144 2997 1208 3083 καὶ]
1229 3006 1292 3061 τῶν
1313 3007 1492 3080 κινητικῶν,
1509 2991 1550 3061 ὧν
1579 2999 1622 3082 [αἱ
1646 2993 1750 3089 ῥίψεις,

149 3129 177 3166 ιο
203 3102 337 3168 ἑκάστου
361 3103 465 3167 τοίνυν
488 3103 542 3167 τὸν
566 3105 768 3194 προσήκοντα
791 3097 956 3193 λαβόντος]
975 3110 1100 3196 κλῆρον·
1118 3115 1213 3170 τοῦτο
1230 3104 1290 3196 γάρ
1307 3096 1401 3178 δηλοῖ
1422 3105 1460 3169 τό
1484 3106 1539 3169 τὀν
1558 3107 1625 3194 παρ’
1655 3105 1749 3170 αὐτόν

204 3210 354 3276 πεισόντα
378 3210 565 3297 ἀνελεῖσθαι,
582 3221 640 3289 τῆς
656 3223 789 3289 τοτικῆς
807 3214 940 3304 σχέσεως
955 3213 1015 3284 τήν
1032 3219 1104 3278 κατ’
1122 3207 1211 3291 ἀξίαν
1228 3213 1282 3278 καί
1305 3213 1508 3303 ὀφειλομένην
1533 3205 1752 3301 ἐνδειξαμένης

206 3313 365 3405 σύνταξιν,
389 3321 442 3386 καί
464 3321 523 3393 τήν
548 3333 604 3387 τοῦ
628 3313 793 3410 δεδομένου
816 3327 890 3414 πρὸς
921 3325 959 3390 τό
984 3315 1150 3414 δεξάμενον
1175 3323 1338 3389 οἱκείωσιν.
1363 3321 1462 3397 Μόνος
1486 3323 1520 3385 οὺ
1545 3331 1753 3412 συγχωρεῒται

205 3418 313 3492 λαθεῖν
338 3433 353 3492 6
378 3428 498 3496 τούτων
523 3429 667 3522 ἄγγελος,
692 3433 725 3494 ού
750 3429 810 3522 γάρ
834 3433 995 3504 ἤλλαττεν
1021 3432 1075 3496 τόν
1092 3429 1235 3520 παρόντα
1254 3431 1330 3515 βίον·
1348 3422 1411 3494 οὐδ’
1429 3433 1470 3505 είς
1495 3428 1596 3500 ἄλλην
1621 3430 1753 3516 ἔμελλεν

206 3529 378 3602 εἰσδύεσθαι
401 3537 531 3629 γένεσιν,
556 3538 637 3604 ὥστε
660 3537 750 3612 ήνυεν
774 3539 822 3604 ἔτι
846 3540 900 3604 τὸν
925 3540 1020 3604 αὐτόν
1045 3543 1176 3628 κλῆρον·
1200 3539 1253 3602 καί
1275 3536 1336 3628 γάρ
1360 3537 1398 3602 τό
1421 3536 1541 3600 τούτων
1571 3536 1665 3600 αὐτόν
1689 3545 1752 3600 τῶν
1836 3541 1839 3548 “

151 3663 178 3703 2⁵
205 3645 371 3738 θεαμάτων
396 3658 515 3737 τυχεῖν,
534 3647 622 3737 μέρος
639 3643 676 3721 ἧν
693 3649 808 3713 ἐκείνου
826 3660 881 3713 τοῦ
898 3650 1025 3740 κλήρου·
1044 3648 1097 3714 καί
1113 3649 1288 3738 περιείχετο
1305 3650 1335 3711 ἐν
1357 3650 1470 3728 ἑαυτῷ,
1495 3636 1615 3710 τοιόνδε
1638 3645 1752 3735 τρόπον

205 3755 399 3848 χωρισθέντα
424 3756 580 3847 σώματος,
605 3757 768 3830 αὐτόπτην
792 3756 937 3848 γενέσθαι
956 3767 1018 3822 τῶν
1036 3761 1066 3823 ὲν
1085 3750 1160 3842 ᾅδου
1180 3754 1386 3846 πραγμάτων.
1408 3759 1443 3817 Εἰ
1468 3744 1501 3818 δὲ
1524 3757 1539 3816 6
1565 3753 1750 3843 ἀνελόμενος

205 3876 276 3949 πᾶς,
301 3865 387 3942 εὐθὺς
411 3865 557 3956 γινώσκει
580 3864 695 3941 πόστος
719 3867 844 3956 ἔλαχεν,
860 3869 895 3931 τί
909 3865 988 3932 ἀλλο
1006 3858 1057 3932 διά
1079 3865 1194 3932 τούτου
1217 3864 1419 3952 παρίστησιν,
1442 3861 1461 3936 ή
1486 3860 1539 3927 ότι
1556 3870 1644 3926 πᾶσα
1668 3857 1750 3950 ψυχή

207 3976 366 4060 βλέπουσα
388 3980 429 4052 εἰς
453 3975 490 4040 τό
514 3985 593 4052 πᾶν,
619 3974 686 4040 όθεν
712 3980 792 4060 αὐτῇ
818 3976 872 4039 καί
895 3979 910 4038 6
935 3977 1049 4064 κλῆρος
1075 3962 1273 4050 ἀποδίδοται,
1297 3968 1465 4062 γιγνώσκει
1492 3969 1595 4034 πόσων
1619 3992 1654 4033 τε
1680 3971 1753 4054 βίων

207 4083 291 4149 ἐστίν
305 4082 332 4170 ⁷)
356 4085 457 4173 κυρία,
483 4085 535 4149 καί
558 4086 649 4149 ποίαν
667 4085 732 4174 ἔχει
749 4085 821 4174 πρός
839 4082 895 4159 τάς
912 4082 1106 4174 συγκλήρους
1130 4075 1229 4158 τάξιν,
1254 4075 1317 4144 οἷον
1342 4078 1517 4168 γράμματα
1533 4082 1635 4166 όρῶσα
1658 4080 1688 4141 ἑν
1713 4088 1753 4162 τῇ

153 4203 180 4240 ³⁰
206 4203 356 4282 περιφορᾷ
379 4192 584 4284 γεγραμμένα
606 4203 719 4276 ταῦτα,
746 4193 803 4257 ὅσα
826 4190 945 4278 ἑκάστῃ
971 4192 1176 4278 προτείνεται.
1194 4187 1256 4253 Καί
1271 4186 1286 4253 6
1303 4187 1455 4264 πολλάκις
1475 4189 1612 4274 εἴπομεν,
1635 4189 1668 4251 ού
1693 4185 1753 4274 χρὴ

209 4296 389 4392 θαυμάζειν,
414 4306 439 4366 εί
462 4301 521 4390 πρὸ
545 4311 607 4364 τῶν
633 4299 787 4389 σωμάτων
813 4305 845 4364 αἱ
868 4297 965 4388 ψυχαί
989 4297 1093 4363 πολλά
1118 4296 1287 4387 καθορῶσιν
1313 4306 1375 4360 τῶν
1400 4300 1431 4361 ἐν
1456 4304 1502 4378 τῷ
1524 4293 1621 4359 παντί
1643 4317 1756 4384 γιγνο-

210 4410 319 4500 μένων,
341 4408 401 4476 όσα
419 4409 461 4499 μή
481 4401 629 4474 δύνανται
644 4408 790 4499 καθορᾶν,
807 4409 861 4472 τόν
879 4405 983 4497 παχύν
1000 4415 1111 4471 τοῦτον
1127 4398 1415 4495 περιτειχιζάμεναι
1426 4403 1450 4486 ⁸)
1469 4393 1592 4491 δεσμόν.
1610 4399 1671 4464 Καὶ
1694 4398 1754 4490 γάρ

209 4523 228 4592 ή
255 4521 289 4584 ἐκ
313 4529 370 4595 τῆς
394 4519 540 4610 γενέσεως
564 4516 646 4592 λήθη
674 4508 769 4598 δεινή,
787 4516 841 4580 καί
858 4516 895 4580 τό
912 4515 999 4604 νέφος
1023 4515 1061 4580 τό
1082 4511 1283 4604 ἐπιπροσθοῦν
1307 4517 1342 4577 ὲκ
1366 4521 1423 4588 τῆς
1448 4519 1631 4598 σωματικῆς
1654 4507 1757 4597 παχύ-

209 4649 317 4707 τητος,
342 4627 515 4718 ἀφόρητον·
538 4637 633 4691 τοῦτο
659 4625 712 4712 μὲν
736 4625 839 4688 τοίνυν
863 4624 1062 4713 ῥπέμνησται
1084 4622 1261 4697 πλεονάκις.
1277 4620 1367 4687 Μετά
1389 4612 1422 4685 δὲ
1446 4630 1540 4684 τοῦτο
1565 4617 1656 4708 φησίν
1681 4619 1755 4702 βίων

156 4737 183 4776 ³⁸
209 4726 454 4826 παραδείγματα
478 4741 519 4812 εἰς
543 4735 580 4800 τό
603 4733 733 4824 πρόσθεν
758 4738 804 4823 ἐφ’
829 4727 870 4798 ὧν

248 4951 271 5025 ¹)
288 4949 324 5006 A.
344 4965 412 5005 cum
431 4947 493 5004 cod.
512 4953 582 5000 νοεῖν.
1009 4963 1100 5020 supra
1117 4943 1238 5018 legitur.
1257 4944 1292 5001 Δ.
1311 4941 1413 5000 ίπεσινί

247 5043 270 5116 ²)
289 5039 440 5099 scholium
459 5038 490 5095 in
507 5055 617 5111 marg:
637 5043 679 5093 Διό
695 5045 761 5110 μετὰ
772 5039 818 5095 τήν
832 5038 894 5110 ῥίψιν
910 5038 962 5108 ίριῗ
1026 5031 1028 5034 ’
1045 5037 1068 5108 ⁵)
1086 5035 1122 5090 A.
1142 5033 1162 5090 f.
1180 5033 1226 5090 84.

214 5135 245 5193 ὡς
266 5132 294 5184 ἂν
314 5133 416 5202 μείζονα
435 5131 483 5182 τῶν
502 5129 583 5201 λόγων
602 5130 646 5184 τήν
668 5130 730 5198 ῥίψιν
751 5127 900 5198 ποιουμένας.
1045 5125 1068 5198 ⁶)
1087 5124 1180 5196 Cujus
1200 5122 1260 5180 sint
1286 5141 1321 5179 ea
1347 5120 1465 5194 disjecti
1489 5117 1622 5174 membra
1640 5121 1755 5190 poetae,

248 5223 271 5296 3)
290 5220 389 5278 Verba
407 5221 424 5275 6
444 5236 481 5275 ex
499 5217 632 5290 margine
655 5216 837 5274 derivantur.
856 5217 891 5271 A.
912 5220 959 5268 διε·
1010 5215 1077 5287 quis
1091 5213 1163 5270 mihi
1175 5212 1312 5269 noverit?
1325 5210 1394 5268 cod.
1408 5214 1451 5282 μὲν
1465 5213 1494 5262 οἱ.
1509 5207 1551 5264 Of.
1562 5206 1641 5263 infra
1653 5226 1681 5280 p.
1694 5207 1754 5263 111.

247 5317 332 5367 ἱσντο-
1045 5307 1056 5341 ⁷
1088 5305 1157 5362 cod.
1196 5303 1303 5360 rimam
1323 5305 1398 5356 ἔσται.

213 5335 272 5477 τηιρ)
292 5400 360 5459 006.
380 5402 482 5474 ἔπιτειν,
498 5398 580 5456 haud
593 5397 656 5456 sine
670 5394 857 5466 correctione,
871 5401 960 5468 prout
1046 5309 1069 5470 ⁸)
1088 5398 1123 5452 A.
1143 5324 1384 5468 περίτειχιιοάμεναι,
