<?xml version="1.0" encoding="UTF-8"?>
<!DOCTYPE html PUBLIC "-//W3C//DTD XHTML 1.0 Transitional//EN"
    "http://www.w3.org/TR/xhtml1/DTD/xhtml1-transitional.dtd">
<html xmlns="http://www.w3.org/1999/xhtml" xml:lang="en" lang="en">
 <head>
  <title>
</title>
<meta http-equiv="Content-Type" content="text/html;charset=utf-8" />
  <meta name='ocr-system' content='tesseract 3.04.00' />
  <meta name='ocr-capabilities' content='ocr_page ocr_carea ocr_par ocr_line ocrx_word'/>
</head>
<body>
  <div class='ocr_page' id='page_1' title='image "./analectasacrasp02pitrgoog_0235.png"; bbox 0 0 4006 6074; ppageno 0'>
   <div class='ocr_carea' id='block_1_1' title="bbox 772 531 1308 627">
    <p class='ocr_par' dir='ltr' id='par_1_1' title="bbox 772 531 1308 627">
     <span class='ocr_line' id='line_1_1' title="bbox 772 531 1308 627; baseline 0.002 -21"><span class='ocrx_word' id='word_1_1' title='bbox 772 533 810 608; x_wconf 81' lang='lat'>0.</span> <span class='ocrx_word' id='word_1_2' title='bbox 849 533 887 608; x_wconf 90' lang='lat' dir='ltr'>V.</span> <span class='ocrx_word' id='word_1_3' title='bbox 919 531 1107 627; x_wconf 75' lang='lat' dir='ltr'>Aqutinuc</span> <span class='ocrx_word' id='word_1_4' title='bbox 1134 533 1308 608; x_wconf 83' lang='lat' dir='ltr'>Juvencus</span> 
     </span>
    </p>
   </div>
   <div class='ocr_carea' id='block_1_2' title="bbox 550 704 1352 1010">
    <p class='ocr_par' dir='ltr' id='par_1_2' title="bbox 550 704 1352 1010">
     <span class='ocr_line' id='line_1_2' title="bbox 550 704 1352 796; baseline 0.007 -24"><span class='ocrx_word' id='word_1_5' title='bbox 550 704 708 788; x_wconf 79' lang='lat' dir='ltr'>Abstulit,</span> <span class='ocrx_word' id='word_1_6' title='bbox 731 708 764 772; x_wconf 88' lang='lat' dir='ltr'>et</span> <span class='ocrx_word' id='word_1_7' title='bbox 788 725 897 791; x_wconf 88' lang='lat' dir='ltr'>regem</span> <span class='ocrx_word' id='word_1_8' title='bbox 918 706 1069 792; x_wconf 83' lang='lat' dir='ltr'>pavidum</span> <span class='ocrx_word' id='word_1_9' title='bbox 1092 708 1212 776; x_wconf 87' lang='lat' dir='ltr'>servire</span> <span class='ocrx_word' id='word_1_10' title='bbox 1233 711 1352 796; x_wconf 84' lang='lat' dir='ltr'>coegit.</span> 
     </span>
     <span class='ocr_line' id='line_1_3' title="bbox 553 814 1343 903; baseline 0.006 -22"><span class='ocrx_word' id='word_1_11' title='bbox 553 814 686 882; x_wconf 79' lang='lat' dir='ltr'>Talibus</span> <span class='ocrx_word' id='word_1_12' title='bbox 708 815 741 879; x_wconf 93' lang='lat' dir='ltr'>in</span> <span class='ocrx_word' id='word_1_13' title='bbox 763 814 859 880; x_wconf 87' lang='lat' dir='ltr'>rebus</span> <span class='ocrx_word' id='word_1_14' title='bbox 882 815 1002 882; x_wconf 88' lang='lat' dir='ltr'>multos</span> <span class='ocrx_word' id='word_1_15' title='bbox 1023 817 1140 884; x_wconf 85' lang='lat' dir='ltr'>Iudses</span> <span class='ocrx_word' id='word_1_16' title='bbox 1163 840 1221 903; x_wconf 90' lang='lat' dir='ltr'>per</span> <span class='ocrx_word' id='word_1_17' title='bbox 1243 841 1343 886; x_wconf 80' lang='lat' dir='ltr'>annos</span> 
     </span>
     <span class='ocr_line' id='line_1_4' title="bbox 550 921 1240 1010; baseline 0.007 -22"><span class='ocrx_word' id='word_1_18' title='bbox 550 921 691 1004; x_wconf 82' lang='lat' dir='ltr'>Evaluit,</span> <span class='ocrx_word' id='word_1_19' title='bbox 714 923 858 1010; x_wconf 78' lang='lat' dir='ltr'>nullique</span> <span class='ocrx_word' id='word_1_20' title='bbox 880 923 943 990; x_wconf 92' lang='lat' dir='ltr'>fuit</span> <span class='ocrx_word' id='word_1_21' title='bbox 966 925 1102 992; x_wconf 82' lang='lat' dir='ltr'>obnoxie</span> <span class='ocrx_word' id='word_1_22' title='bbox 1124 925 1240 993; x_wconf 77' lang='lat' dir='ltr'>fraudi.</span> 
     </span>
    </p>
   </div>
   <div class='ocr_carea' id='block_1_3' title="bbox 966 1140 1144 1212">
    <p class='ocr_par' dir='ltr' id='par_1_3' title="bbox 966 1140 1144 1212">
     <span class='ocr_line' id='line_1_5' title="bbox 966 1140 1144 1212; baseline 0.011 -4"><span class='ocrx_word' id='word_1_23' title='bbox 966 1140 1065 1209; x_wconf 77' lang='lat' dir='ltr'>Germ</span> <span class='ocrx_word' id='word_1_24' title='bbox 1086 1143 1144 1212; x_wconf 87' lang='lat' dir='ltr'>IV.</span> 
     </span>
    </p>
   </div>
   <div class='ocr_carea' id='block_1_4' title="bbox 486 1353 1513 5007">
    <p class='ocr_par' dir='ltr' id='par_1_4' title="bbox 596 1353 1497 1444">
     <span class='ocr_line' id='line_1_6' title="bbox 596 1353 1497 1444; baseline 0.006 -23"><span class='ocrx_word' id='word_1_25' title='bbox 596 1353 658 1422; x_wconf 86' lang='lat' dir='ltr'>Sed</span> <span class='ocrx_word' id='word_1_26' title='bbox 682 1361 852 1442; x_wconf 85' lang='lat' dir='ltr'>postquem</span> <span class='ocrx_word' id='word_1_27' title='bbox 875 1358 1023 1444; x_wconf 87' lang='lat' dir='ltr'>prinecps</span> <span class='ocrx_word' id='word_1_28' title='bbox 1046 1359 1195 1426; x_wconf 77' lang='lat' dir='ltr'>decursae</span> <span class='ocrx_word' id='word_1_29' title='bbox 1211 1354 1235 1444; x_wconf 87' lang='lat'>¹)</span> <span class='ocrx_word' id='word_1_30' title='bbox 1259 1360 1389 1427; x_wconf 83' lang='lat' dir='ltr'>tremite</span> <span class='ocrx_word' id='word_1_31' title='bbox 1413 1360 1497 1426; x_wconf 79' lang='lat' dir='ltr'>vites</span> 
     </span>
    </p>

    <p class='ocr_par' dir='ltr' id='par_1_5' title="bbox 486 1459 1481 1986">
     <span class='ocr_line' id='line_1_7' title="bbox 486 1459 1383 1552; baseline 0.004 -22"><span class='ocrx_word' id='word_1_32' title='bbox 486 1459 528 1503; x_wconf 89' lang='lat'>¹⁵⁵</span> <span class='ocrx_word' id='word_1_33' title='bbox 551 1463 722 1546; x_wconf 75' lang='lat' dir='ltr'>Decubuit</span> <span class='ocrx_word' id='word_1_34' title='bbox 746 1467 828 1532; x_wconf 90' lang='lat' dir='ltr'>ritus</span> <span class='ocrx_word' id='word_1_35' title='bbox 851 1471 974 1533; x_wconf 85' lang='lat' dir='ltr'>veteres</span> <span class='ocrx_word' id='word_1_36' title='bbox 997 1467 1088 1552; x_wconf 91' lang='lat' dir='ltr'>plebs</span> <span class='ocrx_word' id='word_1_37' title='bbox 1110 1467 1196 1534; x_wconf 84' lang='lat' dir='ltr'>lecte</span> <span class='ocrx_word' id='word_1_38' title='bbox 1218 1467 1383 1535; x_wconf 82' lang='lat' dir='ltr'>reformet.</span> 
     </span>
     <span class='ocr_line' id='line_1_8' title="bbox 552 1571 1481 1661; baseline 0.004 -23"><span class='ocrx_word' id='word_1_39' title='bbox 552 1571 711 1658; x_wconf 82' lang='lat' dir='ltr'>Tempore</span> <span class='ocrx_word' id='word_1_40' title='bbox 734 1578 909 1656; x_wconf 77' lang='lat' dir='ltr'>mutentur,</span> <span class='ocrx_word' id='word_1_41' title='bbox 934 1574 1116 1661; x_wconf 84' lang='lat' dir='ltr'>bellumque</span> <span class='ocrx_word' id='word_1_42' title='bbox 1138 1581 1171 1642; x_wconf 92' lang='lat' dir='ltr'>et</span> <span class='ocrx_word' id='word_1_43' title='bbox 1193 1575 1328 1642; x_wconf 84' lang='lat' dir='ltr'>servitus</span> <span class='ocrx_word' id='word_1_44' title='bbox 1350 1576 1481 1642; x_wconf 82' lang='lat' dir='ltr'>instent.</span> 
     </span>
     <span class='ocr_line' id='line_1_9' title="bbox 555 1678 1406 1768; baseline 0.002 -22"><span class='ocrx_word' id='word_1_45' title='bbox 555 1678 756 1749; x_wconf 74' lang='lat' dir='ltr'>Concurrunt</span> <span class='ocrx_word' id='word_1_46' title='bbox 778 1683 900 1767; x_wconf 78' lang='lat' dir='ltr'>populi,</span> <span class='ocrx_word' id='word_1_47' title='bbox 919 1697 1003 1768; x_wconf 86' lang='lat' dir='ltr'>¹quos</span> <span class='ocrx_word' id='word_1_48' title='bbox 1026 1704 1082 1748; x_wconf 87' lang='lat' dir='ltr'>rer</span> <span class='ocrx_word' id='word_1_49' title='bbox 1105 1682 1250 1768; x_wconf 83' lang='lat' dir='ltr'>Eglonus</span> <span class='ocrx_word' id='word_1_50' title='bbox 1273 1683 1406 1768; x_wconf 81' lang='lat' dir='ltr'>egebst3</span> 
     </span>
     <span class='ocr_line' id='line_1_10' title="bbox 552 1789 1442 1876; baseline 0.001 -22"><span class='ocrx_word' id='word_1_51' title='bbox 552 1789 734 1873; x_wconf 71' lang='lat' dir='ltr'>Ammones</span> <span class='ocrx_word' id='word_1_52' title='bbox 758 1790 929 1876; x_wconf 87' lang='lat' dir='ltr'>Mosbique</span> <span class='ocrx_word' id='word_1_53' title='bbox 950 1791 1056 1873; x_wconf 79' lang='lat' dir='ltr'>simul,</span> <span class='ocrx_word' id='word_1_54' title='bbox 1080 1790 1243 1875; x_wconf 86' lang='lat' dir='ltr'>fortesque</span> <span class='ocrx_word' id='word_1_55' title='bbox 1266 1789 1442 1871; x_wconf 79' lang='lat' dir='ltr'>Amalechi,</span> 
     </span>
     <span class='ocr_line' id='line_1_11' title="bbox 552 1896 1421 1986; baseline 0 -23"><span class='ocrx_word' id='word_1_56' title='bbox 552 1896 796 1984; x_wconf 84' lang='lat' dir='ltr'>Hebrueemque</span> <span class='ocrx_word' id='word_1_57' title='bbox 819 1900 920 1968; x_wconf 83' lang='lat' dir='ltr'>eciem</span> <span class='ocrx_word' id='word_1_58' title='bbox 943 1899 1064 1966; x_wconf 79' lang='lat' dir='ltr'>ferrato</span> <span class='ocrx_word' id='word_1_59' title='bbox 1087 1900 1242 1986; x_wconf 79' lang='lat' dir='ltr'>grandine</span> <span class='ocrx_word' id='word_1_60' title='bbox 1265 1899 1421 1976; x_wconf 83' lang='lat' dir='ltr'>fundunt;</span> 
     </span>
    </p>

    <p class='ocr_par' dir='ltr' id='par_1_6' title="bbox 488 1997 1465 2307">
     <span class='ocr_line' id='line_1_12' title="bbox 488 1997 1408 2092; baseline 0.002 -22"><span class='ocrx_word' id='word_1_61' title='bbox 488 1997 529 2035; x_wconf 82' lang='lat'>¹⁶⁰</span> <span class='ocrx_word' id='word_1_62' title='bbox 552 2003 690 2091; x_wconf 87' lang='lat' dir='ltr'>lpseque</span> <span class='ocrx_word' id='word_1_63' title='bbox 716 2006 908 2074; x_wconf 79' lang='lat' dir='ltr'>Phoenicum</span> <span class='ocrx_word' id='word_1_64' title='bbox 932 2008 1070 2074; x_wconf 85' lang='lat' dir='ltr'>victores</span> <span class='ocrx_word' id='word_1_65' title='bbox 1092 2012 1218 2092; x_wconf 77' lang='lat' dir='ltr'>sceptra</span> <span class='ocrx_word' id='word_1_66' title='bbox 1240 2006 1408 2074; x_wconf 80' lang='lat' dir='ltr'>revellunt.</span> 
     </span>
     <span class='ocr_line' id='line_1_13' title="bbox 552 2112 1465 2200; baseline 0.001 -21"><span class='ocrx_word' id='word_1_67' title='bbox 552 2112 721 2180; x_wconf 85' lang='lat' dir='ltr'>Doduntur</span> <span class='ocrx_word' id='word_1_68' title='bbox 744 2116 879 2200; x_wconf 79' lang='lat' dir='ltr'>proceri,</span> <span class='ocrx_word' id='word_1_69' title='bbox 902 2116 958 2200; x_wconf 93' lang='lat' dir='ltr'>qui</span> <span class='ocrx_word' id='word_1_70' title='bbox 981 2119 1118 2182; x_wconf 88' lang='lat' dir='ltr'>mortem</span> <span class='ocrx_word' id='word_1_71' title='bbox 1141 2115 1273 2182; x_wconf 79' lang='lat' dir='ltr'>eredere</span> <span class='ocrx_word' id='word_1_72' title='bbox 1297 2119 1465 2200; x_wconf 81' lang='lat' dir='ltr'>quaerunt,</span> 
     </span>
     <span class='ocr_line' id='line_1_14' title="bbox 551 2220 1412 2307; baseline 0.003 -20"><span class='ocrx_word' id='word_1_73' title='bbox 551 2220 761 2307; x_wconf 88' lang='lat' dir='ltr'>Perpessique</span> <span class='ocrx_word' id='word_1_74' title='bbox 785 2223 893 2289; x_wconf 89' lang='lat' dir='ltr'>decem</span> <span class='ocrx_word' id='word_1_75' title='bbox 916 2223 1061 2290; x_wconf 91' lang='lat' dir='ltr'>dominos</span> <span class='ocrx_word' id='word_1_76' title='bbox 1083 2246 1121 2291; x_wconf 86' lang='lat' dir='ltr'>sc</span> <span class='ocrx_word' id='word_1_77' title='bbox 1144 2223 1305 2289; x_wconf 88' lang='lat' dir='ltr'>mensibus</span> <span class='ocrx_word' id='word_1_78' title='bbox 1328 2228 1412 2290; x_wconf 89' lang='lat' dir='ltr'>octo.</span> 
     </span>
    </p>

    <p class='ocr_par' dir='ltr' id='par_1_7' title="bbox 596 2330 1414 2416">
     <span class='ocr_line' id='line_1_15' title="bbox 596 2330 1414 2416; baseline 0 -20"><span class='ocrx_word' id='word_1_79' title='bbox 596 2330 657 2396; x_wconf 90' lang='lat' dir='ltr'>His</span> <span class='ocrx_word' id='word_1_80' title='bbox 679 2331 796 2398; x_wconf 81' lang='lat' dir='ltr'>inflexa</span> <span class='ocrx_word' id='word_1_81' title='bbox 818 2331 912 2398; x_wconf 84' lang='lat' dir='ltr'>melis</span> <span class='ocrx_word' id='word_1_82' title='bbox 935 2331 1023 2398; x_wconf 85' lang='lat' dir='ltr'>ustio</span> <span class='ocrx_word' id='word_1_83' title='bbox 1046 2353 1129 2416; x_wconf 85' lang='lat' dir='ltr'>quse</span> <span class='ocrx_word' id='word_1_84' title='bbox 1152 2331 1272 2398; x_wconf 78' lang='lat' dir='ltr'>secerni</span> <span class='ocrx_word' id='word_1_85' title='bbox 1294 2331 1414 2414; x_wconf 75' lang='lat' dir='ltr'>horret,</span> 
     </span>
    </p>

    <p class='ocr_par' dir='ltr' id='par_1_8' title="bbox 552 2438 1371 2525">
     <span class='ocr_line' id='line_1_16' title="bbox 552 2438 1371 2525; baseline 0.001 -20"><span class='ocrx_word' id='word_1_86' title='bbox 552 2438 769 2524; x_wconf 87' lang='lat' dir='ltr'>Deposcitque</span> <span class='ocrx_word' id='word_1_87' title='bbox 792 2438 896 2506; x_wconf 91' lang='lat' dir='ltr'>Deum</span> <span class='ocrx_word' id='word_1_88' title='bbox 919 2441 975 2525; x_wconf 92' lang='lat' dir='ltr'>qui</span> <span class='ocrx_word' id='word_1_89' title='bbox 998 2439 1085 2506; x_wconf 90' lang='lat' dir='ltr'>solus</span> <span class='ocrx_word' id='word_1_90' title='bbox 1109 2440 1242 2507; x_wconf 83' lang='lat' dir='ltr'>crimine</span> <span class='ocrx_word' id='word_1_91' title='bbox 1264 2439 1371 2506; x_wconf 83' lang='lat' dir='ltr'>donet.</span> 
     </span>
    </p>

    <p class='ocr_par' dir='ltr' id='par_1_9' title="bbox 488 2539 1413 3062">
     <span class='ocr_line' id='line_1_17' title="bbox 488 2539 1413 2632; baseline 0.001 -21"><span class='ocrx_word' id='word_1_92' title='bbox 488 2539 528 2578; x_wconf 74' lang='lat'>¹⁶⁶</span> <span class='ocrx_word' id='word_1_93' title='bbox 552 2545 623 2612; x_wconf 94' lang='lat' dir='ltr'>Illic</span> <span class='ocrx_word' id='word_1_94' title='bbox 645 2550 678 2612; x_wconf 92' lang='lat' dir='ltr'>et</span> <span class='ocrx_word' id='word_1_95' title='bbox 700 2546 861 2632; x_wconf 89' lang='lat' dir='ltr'>sdlegitur</span> <span class='ocrx_word' id='word_1_96' title='bbox 883 2547 939 2632; x_wconf 94' lang='lat' dir='ltr'>qui</span> <span class='ocrx_word' id='word_1_97' title='bbox 961 2549 1124 2631; x_wconf 79' lang='lat' dir='ltr'>sceptrum</span> <span class='ocrx_word' id='word_1_98' title='bbox 1147 2551 1252 2612; x_wconf 83' lang='lat' dir='ltr'>sumet</span> <span class='ocrx_word' id='word_1_99' title='bbox 1275 2546 1413 2614; x_wconf 85' lang='lat' dir='ltr'>Acthus.</span> 
     </span>
     <span class='ocr_line' id='line_1_18' title="bbox 554 2653 1392 2740; baseline 0.001 -21"><span class='ocrx_word' id='word_1_100' title='bbox 554 2653 617 2720; x_wconf 91' lang='lat' dir='ltr'>Hie</span> <span class='ocrx_word' id='word_1_101' title='bbox 639 2657 777 2740; x_wconf 82' lang='lat' dir='ltr'>utreque</span> <span class='ocrx_word' id='word_1_102' title='bbox 800 2676 898 2720; x_wconf 84' lang='lat' dir='ltr'>menn</span> <span class='ocrx_word' id='word_1_103' title='bbox 920 2655 1088 2721; x_wconf 91' lang='lat' dir='ltr'>connitens</span> <span class='ocrx_word' id='word_1_104' title='bbox 1111 2655 1226 2721; x_wconf 89' lang='lat' dir='ltr'>robore</span> <span class='ocrx_word' id='word_1_105' title='bbox 1248 2656 1392 2736; x_wconf 74' lang='lat' dir='ltr'>dextrae,</span> 
     </span>
     <span class='ocr_line' id='line_1_19' title="bbox 553 2760 1389 2848; baseline 0.002 -22"><span class='ocrx_word' id='word_1_106' title='bbox 553 2760 754 2847; x_wconf 79' lang='lat' dir='ltr'>Degenerem</span> <span class='ocrx_word' id='word_1_107' title='bbox 777 2761 868 2829; x_wconf 88' lang='lat' dir='ltr'>nullo</span> <span class='ocrx_word' id='word_1_108' title='bbox 890 2764 988 2830; x_wconf 89' lang='lat' dir='ltr'>sensit</span> <span class='ocrx_word' id='word_1_109' title='bbox 1010 2764 1070 2831; x_wconf 89' lang='lat' dir='ltr'>sub</span> <span class='ocrx_word' id='word_1_110' title='bbox 1093 2762 1232 2848; x_wconf 90' lang='lat' dir='ltr'>poudere</span> <span class='ocrx_word' id='word_1_111' title='bbox 1254 2763 1389 2845; x_wconf 75' lang='lat' dir='ltr'>laevem,</span> 
     </span>
     <span class='ocr_line' id='line_1_20' title="bbox 554 2868 1344 2954; baseline 0.003 -20"><span class='ocrx_word' id='word_1_112' title='bbox 554 2868 611 2950; x_wconf 90' lang='lat' dir='ltr'>Ut,</span> <span class='ocrx_word' id='word_1_113' title='bbox 635 2891 734 2954; x_wconf 89' lang='lat' dir='ltr'>quum</span> <span class='ocrx_word' id='word_1_114' title='bbox 757 2869 871 2936; x_wconf 83' lang='lat' dir='ltr'>victori</span> <span class='ocrx_word' id='word_1_115' title='bbox 894 2871 1052 2938; x_wconf 88' lang='lat' dir='ltr'>sociorum</span> <span class='ocrx_word' id='word_1_116' title='bbox 1075 2892 1209 2936; x_wconf 86' lang='lat' dir='ltr'>munere</span> <span class='ocrx_word' id='word_1_117' title='bbox 1232 2869 1344 2950; x_wconf 74' lang='lat' dir='ltr'>ferret,</span> 
     </span>
     <span class='ocr_line' id='line_1_21' title="bbox 552 2973 1339 3062; baseline 0.001 -21"><span class='ocrx_word' id='word_1_118' title='bbox 552 2976 695 3062; x_wconf 83' lang='lat' dir='ltr'>Ancipiti</span> <span class='ocrx_word' id='word_1_119' title='bbox 718 2976 826 3062; x_wconf 90' lang='lat' dir='ltr'>glsdio</span> <span class='ocrx_word' id='word_1_120' title='bbox 850 2977 963 3044; x_wconf 83' lang='lat' dir='ltr'>furtim</span> <span class='ocrx_word' id='word_1_121' title='bbox 985 2977 1185 3044; x_wconf 88' lang='lat' dir='ltr'>subverteret</span> <span class='ocrx_word' id='word_1_122' title='bbox 1206 2973 1339 3059; x_wconf 55' lang='lat' dir='ltr'>ictum).</span> 
     </span>
    </p>

    <p class='ocr_par' dir='ltr' id='par_1_10' title="bbox 489 3077 1492 3603">
     <span class='ocr_line' id='line_1_22' title="bbox 489 3077 1316 3171; baseline 0.005 -23"><span class='ocrx_word' id='word_1_123' title='bbox 489 3077 530 3116; x_wconf 82' lang='lat'>¹⁷⁰</span> <span class='ocrx_word' id='word_1_124' title='bbox 553 3082 719 3151; x_wconf 79' lang='lat' dir='ltr'>Admissus</span> <span class='ocrx_word' id='word_1_125' title='bbox 742 3085 865 3168; x_wconf 76' lang='lat' dir='ltr'>dehinc,</span> <span class='ocrx_word' id='word_1_126' title='bbox 889 3106 999 3171; x_wconf 91' lang='lat' dir='ltr'>regem</span> <span class='ocrx_word' id='word_1_127' title='bbox 1021 3085 1173 3152; x_wconf 83' lang='lat' dir='ltr'>subnixus</span> <span class='ocrx_word' id='word_1_128' title='bbox 1195 3085 1316 3164; x_wconf 84' lang='lat' dir='ltr'>ederet,</span> 
     </span>
     <span class='ocr_line' id='line_1_23' title="bbox 554 3191 1440 3260; baseline 0.001 -3"><span class='ocrx_word' id='word_1_129' title='bbox 554 3192 734 3259; x_wconf 80' lang='lat' dir='ltr'>Invalidum</span> <span class='ocrx_word' id='word_1_130' title='bbox 756 3214 831 3259; x_wconf 82' lang='lat' dir='ltr'>nem</span> <span class='ocrx_word' id='word_1_131' title='bbox 854 3194 998 3260; x_wconf 83' lang='lat' dir='ltr'>membro</span> <span class='ocrx_word' id='word_1_132' title='bbox 1020 3193 1099 3259; x_wconf 90' lang='lat' dir='ltr'>toris</span> <span class='ocrx_word' id='word_1_133' title='bbox 1121 3197 1256 3260; x_wconf 84' lang='lat' dir='ltr'>recuete</span> <span class='ocrx_word' id='word_1_134' title='bbox 1278 3191 1440 3260; x_wconf 80' lang='lat' dir='ltr'>lababunt.</span> 
     </span>
     <span class='ocr_line' id='line_1_24' title="bbox 554 3296 1492 3387; baseline 0.001 -22"><span class='ocrx_word' id='word_1_135' title='bbox 554 3301 591 3366; x_wconf 94' lang='lat' dir='ltr'>In</span> <span class='ocrx_word' id='word_1_136' title='bbox 615 3304 752 3383; x_wconf 85' lang='lat' dir='ltr'>tentum,</span> <span class='ocrx_word' id='word_1_137' title='bbox 775 3305 814 3367; x_wconf 91' lang='lat' dir='ltr'>ut</span> <span class='ocrx_word' id='word_1_138' title='bbox 836 3301 960 3368; x_wconf 91' lang='lat' dir='ltr'>modico</span> <span class='ocrx_word' id='word_1_139' title='bbox 983 3305 1091 3387; x_wconf 84' lang='lat' dir='ltr'>posset</span> <span class='ocrx_word' id='word_1_140' title='bbox 1114 3301 1322 3387; x_wconf 83' lang='lat' dir='ltr'>procumbere</span> <span class='ocrx_word' id='word_1_141' title='bbox 1345 3300 1440 3386; x_wconf 88' lang='lat' dir='ltr'>pulsu</span> <span class='ocrx_word' id='word_1_142' title='bbox 1455 3296 1492 3382; x_wconf 83' lang='lat'>³).</span> 
     </span>
     <span class='ocr_line' id='line_1_25' title="bbox 553 3407 1416 3494; baseline -0.001 -19"><span class='ocrx_word' id='word_1_143' title='bbox 553 3407 712 3476; x_wconf 79' lang='lat' dir='ltr'>Adfirmat</span> <span class='ocrx_word' id='word_1_144' title='bbox 734 3431 899 3494; x_wconf 87' lang='lat' dir='ltr'>superesse</span> <span class='ocrx_word' id='word_1_145' title='bbox 922 3409 992 3491; x_wconf 83' lang='lat' dir='ltr'>sibi,</span> <span class='ocrx_word' id='word_1_146' title='bbox 1018 3431 1100 3494; x_wconf 84' lang='lat' dir='ltr'>qnos</span> <span class='ocrx_word' id='word_1_147' title='bbox 1122 3409 1225 3476; x_wconf 89' lang='lat' dir='ltr'>dicere</span> <span class='ocrx_word' id='word_1_148' title='bbox 1248 3408 1336 3474; x_wconf 88' lang='lat' dir='ltr'>velit.</span> <span class='ocrx_word' id='word_1_149' title='bbox 1415 3427 1416 3430; x_wconf 71' lang='grc'>’</span> 
     </span>
     <span class='ocr_line' id='line_1_26' title="bbox 554 3515 1437 3603; baseline -0.002 -20"><span class='ocrx_word' id='word_1_150' title='bbox 554 3515 800 3603; x_wconf 78' lang='lat' dir='ltr'>Confertemque</span> <span class='ocrx_word' id='word_1_151' title='bbox 822 3522 918 3603; x_wconf 83' lang='lat' dir='ltr'>roget</span> <span class='ocrx_word' id='word_1_152' title='bbox 940 3517 1095 3584; x_wconf 89' lang='lat' dir='ltr'>comitum</span> <span class='ocrx_word' id='word_1_153' title='bbox 1118 3517 1276 3584; x_wconf 91' lang='lat' dir='ltr'>discedere</span> <span class='ocrx_word' id='word_1_154' title='bbox 1298 3517 1437 3582; x_wconf 84' lang='lat' dir='ltr'>turbem.</span> 
     </span>
    </p>

    <p class='ocr_par' dir='ltr' id='par_1_11' title="bbox 489 3621 1513 4142">
     <span class='ocr_line' id='line_1_27' title="bbox 489 3621 1422 3710; baseline -0.002 -18"><span class='ocrx_word' id='word_1_155' title='bbox 489 3621 530 3660; x_wconf 74' lang='lat'>¹⁷⁶</span> <span class='ocrx_word' id='word_1_156' title='bbox 553 3625 726 3705; x_wconf 77' lang='lat' dir='ltr'>Adnuitur,</span> <span class='ocrx_word' id='word_1_157' title='bbox 749 3624 916 3710; x_wconf 83' lang='lat' dir='ltr'>medieque</span> <span class='ocrx_word' id='word_1_158' title='bbox 938 3626 1049 3693; x_wconf 89' lang='lat' dir='ltr'>sedens</span> <span class='ocrx_word' id='word_1_159' title='bbox 1072 3626 1136 3692; x_wconf 84' lang='lat' dir='ltr'>dur</span> <span class='ocrx_word' id='word_1_160' title='bbox 1159 3625 1315 3691; x_wconf 81' lang='lat' dir='ltr'>burburus</span> <span class='ocrx_word' id='word_1_161' title='bbox 1338 3623 1422 3706; x_wconf 82' lang='lat' dir='ltr'>culs,</span> 
     </span>
     <span class='ocr_line' id='line_1_28' title="bbox 555 3733 1349 3820; baseline -0.001 -20"><span class='ocrx_word' id='word_1_162' title='bbox 555 3733 678 3820; x_wconf 85' lang='lat' dir='ltr'>Surgit,</span> <span class='ocrx_word' id='word_1_163' title='bbox 703 3738 736 3800; x_wconf 91' lang='lat' dir='ltr'>et</span> <span class='ocrx_word' id='word_1_164' title='bbox 758 3734 904 3800; x_wconf 78' lang='lat' dir='ltr'>admotus</span> <span class='ocrx_word' id='word_1_165' title='bbox 927 3739 997 3802; x_wconf 90' lang='lat' dir='ltr'>toto</span> <span class='ocrx_word' id='word_1_166' title='bbox 1020 3757 1054 3800; x_wconf 91' lang='lat' dir='ltr'>se</span> <span class='ocrx_word' id='word_1_167' title='bbox 1076 3755 1210 3820; x_wconf 91' lang='lat' dir='ltr'>corpore</span> <span class='ocrx_word' id='word_1_168' title='bbox 1232 3733 1349 3818; x_wconf 88' lang='lat' dir='ltr'>iungit.</span> 
     </span>
     <span class='ocr_line' id='line_1_29' title="bbox 555 3840 1434 3928; baseline -0.001 -22"><span class='ocrx_word' id='word_1_169' title='bbox 555 3840 604 3907; x_wconf 88' lang='lat' dir='ltr'>Ac</span> <span class='ocrx_word' id='word_1_170' title='bbox 627 3844 796 3925; x_wconf 84' lang='lat' dir='ltr'>postquam</span> <span class='ocrx_word' id='word_1_171' title='bbox 819 3840 917 3928; x_wconf 90' lang='lat' dir='ltr'>longe</span> <span class='ocrx_word' id='word_1_172' title='bbox 940 3841 1076 3910; x_wconf 89' lang='lat' dir='ltr'>fidorum</span> <span class='ocrx_word' id='word_1_173' title='bbox 1099 3841 1285 3908; x_wconf 82' lang='lat' dir='ltr'>abscesserit</span> <span class='ocrx_word' id='word_1_174' title='bbox 1307 3860 1434 3927; x_wconf 78' lang='lat' dir='ltr'>agmen,</span> 
     </span>
     <span class='ocr_line' id='line_1_30' title="bbox 553 3947 1407 4035; baseline 0 -21"><span class='ocrx_word' id='word_1_175' title='bbox 553 3947 659 4033; x_wconf 86' lang='lat' dir='ltr'>Eripit</span> <span class='ocrx_word' id='word_1_176' title='bbox 682 3947 845 4014; x_wconf 78' lang='lat' dir='ltr'>afemore</span> <span class='ocrx_word' id='word_1_177' title='bbox 868 3949 1010 4035; x_wconf 75' lang='lat' dir='ltr'>gladium</span> <span class='ocrx_word' id='word_1_178' title='bbox 1034 3971 1129 4035; x_wconf 89' lang='lat' dir='ltr'>quem</span> <span class='ocrx_word' id='word_1_179' title='bbox 1152 3953 1243 4016; x_wconf 84' lang='lat' dir='ltr'>veste</span> <span class='ocrx_word' id='word_1_180' title='bbox 1266 3949 1407 4034; x_wconf 77' lang='lat' dir='ltr'>tegebat,</span> 
     </span>
     <span class='ocr_line' id='line_1_31' title="bbox 552 4055 1513 4142; baseline -0.001 -21"><span class='ocrx_word' id='word_1_181' title='bbox 552 4055 676 4140; x_wconf 91' lang='lat' dir='ltr'>Perque</span> <span class='ocrx_word' id='word_1_182' title='bbox 700 4059 827 4122; x_wconf 90' lang='lat' dir='ltr'>uterum</span> <span class='ocrx_word' id='word_1_183' title='bbox 850 4056 937 4141; x_wconf 86' lang='lat' dir='ltr'>regis</span> <span class='ocrx_word' id='word_1_184' title='bbox 960 4057 1090 4142; x_wconf 76' lang='lat' dir='ltr'>scapulo</span> <span class='ocrx_word' id='word_1_185' title='bbox 1112 4062 1206 4123; x_wconf 89' lang='lat' dir='ltr'>tenus</span> <span class='ocrx_word' id='word_1_186' title='bbox 1228 4055 1350 4123; x_wconf 81' lang='lat' dir='ltr'>obdidit</span> <span class='ocrx_word' id='word_1_187' title='bbox 1374 4075 1513 4121; x_wconf 87' lang='lat' dir='ltr'>omnem.</span> 
     </span>
    </p>

    <p class='ocr_par' dir='ltr' id='par_1_12' title="bbox 490 4159 1469 4664">
     <span class='ocr_line' id='line_1_32' title="bbox 490 4159 1469 4251; baseline -0.001 -21"><span class='ocrx_word' id='word_1_188' title='bbox 490 4159 532 4198; x_wconf 84' lang='lat'>¹⁸⁰</span> <span class='ocrx_word' id='word_1_189' title='bbox 555 4163 698 4250; x_wconf 90' lang='lat' dir='ltr'>Proripit</span> <span class='ocrx_word' id='word_1_190' title='bbox 720 4163 795 4233; x_wconf 90' lang='lat' dir='ltr'>hinc</span> <span class='ocrx_word' id='word_1_191' title='bbox 818 4185 897 4246; x_wconf 87' lang='lat' dir='ltr'>sese,</span> <span class='ocrx_word' id='word_1_192' title='bbox 920 4165 1104 4251; x_wconf 86' lang='lat' dir='ltr'>ferrumque</span> <span class='ocrx_word' id='word_1_193' title='bbox 1127 4166 1161 4230; x_wconf 94' lang='lat' dir='ltr'>in</span> <span class='ocrx_word' id='word_1_194' title='bbox 1185 4164 1317 4230; x_wconf 88' lang='lat' dir='ltr'>vulnere</span> <span class='ocrx_word' id='word_1_195' title='bbox 1339 4164 1469 4249; x_wconf 84' lang='lat' dir='ltr'>linquit,</span> 
     </span>
     <span class='ocr_line' id='line_1_33' title="bbox 555 4269 1439 4357; baseline 0 -21"><span class='ocrx_word' id='word_1_196' title='bbox 555 4271 681 4336; x_wconf 84' lang='lat' dir='ltr'>Limine</span> <span class='ocrx_word' id='word_1_197' title='bbox 704 4269 894 4337; x_wconf 87' lang='lat' dir='ltr'>concludens</span> <span class='ocrx_word' id='word_1_198' title='bbox 917 4273 1056 4356; x_wconf 90' lang='lat' dir='ltr'>proceris</span> <span class='ocrx_word' id='word_1_199' title='bbox 1079 4276 1250 4357; x_wconf 89' lang='lat' dir='ltr'>postesque</span> <span class='ocrx_word' id='word_1_200' title='bbox 1272 4271 1439 4356; x_wconf 91' lang='lat' dir='ltr'>superbos.</span> 
     </span>
     <span class='ocr_line' id='line_1_34' title="bbox 555 4376 1420 4465; baseline 0.001 -22"><span class='ocrx_word' id='word_1_201' title='bbox 555 4379 600 4444; x_wconf 82' lang='lat' dir='ltr'>At</span> <span class='ocrx_word' id='word_1_202' title='bbox 623 4376 735 4444; x_wconf 80' lang='lat' dir='ltr'>famuli</span> <span class='ocrx_word' id='word_1_203' title='bbox 759 4378 923 4445; x_wconf 91' lang='lat' dir='ltr'>dominum</span> <span class='ocrx_word' id='word_1_204' title='bbox 945 4380 1073 4465; x_wconf 91' lang='lat' dir='ltr'>prodire</span> <span class='ocrx_word' id='word_1_205' title='bbox 1096 4381 1135 4446; x_wconf 83' lang='lat' dir='ltr'>od</span> <span class='ocrx_word' id='word_1_206' title='bbox 1159 4381 1268 4447; x_wconf 83' lang='lat' dir='ltr'>munic</span> <span class='ocrx_word' id='word_1_207' title='bbox 1290 4383 1420 4446; x_wconf 88' lang='lat' dir='ltr'>suetum</span> 
     </span>
     <span class='ocr_line' id='line_1_35' title="bbox 553 4487 1283 4570; baseline 0.001 -16"><span class='ocrx_word' id='word_1_208' title='bbox 553 4487 723 4569; x_wconf 79' lang='lat' dir='ltr'>Mirantur,</span> <span class='ocrx_word' id='word_1_209' title='bbox 747 4487 847 4554; x_wconf 83' lang='lat' dir='ltr'>tecitc</span> <span class='ocrx_word' id='word_1_210' title='bbox 869 4488 973 4555; x_wconf 86' lang='lat' dir='ltr'>solum</span> <span class='ocrx_word' id='word_1_211' title='bbox 995 4489 1168 4556; x_wconf 75' lang='lat' dir='ltr'>consistere</span> <span class='ocrx_word' id='word_1_212' title='bbox 1191 4488 1283 4570; x_wconf 86' lang='lat' dir='ltr'>cells,</span> 
     </span>
     <span class='ocr_line' id='line_1_36' title="bbox 554 4594 1416 4664; baseline -0.001 -1"><span class='ocrx_word' id='word_1_213' title='bbox 554 4594 686 4663; x_wconf 77' lang='lat' dir='ltr'>Ventris</span> <span class='ocrx_word' id='word_1_214' title='bbox 711 4617 791 4662; x_wconf 90' lang='lat' dir='ltr'>onus</span> <span class='ocrx_word' id='word_1_215' title='bbox 814 4595 923 4662; x_wconf 86' lang='lat' dir='ltr'>forsnn</span> <span class='ocrx_word' id='word_1_216' title='bbox 946 4597 1101 4664; x_wconf 81' lang='lat' dir='ltr'>subducto</span> <span class='ocrx_word' id='word_1_217' title='bbox 1124 4597 1256 4664; x_wconf 89' lang='lat' dir='ltr'>fundere</span> <span class='ocrx_word' id='word_1_218' title='bbox 1279 4596 1320 4664; x_wconf 85' lang='lat' dir='ltr'>eb</span> <span class='ocrx_word' id='word_1_219' title='bbox 1343 4595 1416 4662; x_wconf 84' lang='lat' dir='ltr'>nlvo</span> 
     </span>
    </p>

    <p class='ocr_par' dir='ltr' id='par_1_13' title="bbox 489 4698 1435 5007">
     <span class='ocr_line' id='line_1_37' title="bbox 489 4698 1340 4772; baseline 0 -2"><span class='ocrx_word' id='word_1_220' title='bbox 489 4698 533 4744; x_wconf 75' lang='lat'>¹⁸⁶</span> <span class='ocrx_word' id='word_1_221' title='bbox 556 4702 721 4770; x_wconf 85' lang='lat' dir='ltr'>Secretum</span> <span class='ocrx_word' id='word_1_222' title='bbox 743 4703 846 4770; x_wconf 84' lang='lat' dir='ltr'>socios</span> <span class='ocrx_word' id='word_1_223' title='bbox 869 4703 945 4771; x_wconf 92' lang='lat' dir='ltr'>dum</span> <span class='ocrx_word' id='word_1_224' title='bbox 967 4704 1049 4771; x_wconf 81' lang='lat' dir='ltr'>vitet</span> <span class='ocrx_word' id='word_1_225' title='bbox 1071 4705 1192 4772; x_wconf 81' lang='lat' dir='ltr'>lumine</span> <span class='ocrx_word' id='word_1_226' title='bbox 1216 4705 1340 4772; x_wconf 80' lang='lat' dir='ltr'>turbae.</span> 
     </span>
     <span class='ocr_line' id='line_1_38' title="bbox 556 4810 1435 4897; baseline -0.002 -19"><span class='ocrx_word' id='word_1_227' title='bbox 556 4811 687 4897; x_wconf 84' lang='lat' dir='ltr'>lemque</span> <span class='ocrx_word' id='word_1_228' title='bbox 710 4832 834 4877; x_wconf 87' lang='lat' dir='ltr'>memor</span> <span class='ocrx_word' id='word_1_229' title='bbox 857 4810 944 4894; x_wconf 82' lang='lat' dir='ltr'>lecti,</span> <span class='ocrx_word' id='word_1_230' title='bbox 969 4813 1069 4880; x_wconf 91' lang='lat' dir='ltr'>socios</span> <span class='ocrx_word' id='word_1_231' title='bbox 1083 4811 1108 4894; x_wconf 79' lang='lat'>⁴)</span> <span class='ocrx_word' id='word_1_232' title='bbox 1132 4813 1166 4878; x_wconf 91' lang='lat' dir='ltr'>in</span> <span class='ocrx_word' id='word_1_233' title='bbox 1190 4812 1275 4880; x_wconf 81' lang='lat' dir='ltr'>bella</span> <span class='ocrx_word' id='word_1_234' title='bbox 1297 4811 1435 4892; x_wconf 79' lang='lat' dir='ltr'>lacessit,</span> 
     </span>
     <span class='ocr_line' id='line_1_39' title="bbox 556 4915 1427 5007; baseline 0.002 -23"><span class='ocrx_word' id='word_1_235' title='bbox 556 4918 784 5004; x_wconf 83' lang='lat' dir='ltr'>Terribilisque</span> <span class='ocrx_word' id='word_1_236' title='bbox 807 4920 905 4986; x_wconf 81' lang='lat' dir='ltr'>tubae</span> <span class='ocrx_word' id='word_1_237' title='bbox 927 4921 1051 4989; x_wconf 88' lang='lat' dir='ltr'>sonitus</span> <span class='ocrx_word' id='word_1_238' title='bbox 1074 4921 1244 5007; x_wconf 77' lang='lat' dir='ltr'>permiscet</span> <span class='ocrx_word' id='word_1_239' title='bbox 1268 4915 1427 5001; x_wconf 78' lang='lat' dir='ltr'>ecutos⁵)‚</span> 
     </span>
    </p>
   </div>
   <div class='ocr_carea' id='block_1_5' title="bbox 312 5181 1398 5438">
    <p class='ocr_par' dir='ltr' id='par_1_14' title="bbox 312 5181 1398 5438">
     <span class='ocr_line' id='line_1_40' title="bbox 314 5181 1398 5258; baseline 0 -16"><span class='ocrx_word' id='word_1_240' title='bbox 314 5183 336 5254; x_wconf 88' lang='lat'>¹)</span> <span class='ocrx_word' id='word_1_241' title='bbox 355 5183 488 5242; x_wconf 83' lang='lat' dir='ltr'>Decurre</span> <span class='ocrx_word' id='word_1_242' title='bbox 507 5187 535 5241; x_wconf 84' lang='lat' dir='ltr'>et</span> <span class='ocrx_word' id='word_1_243' title='bbox 552 5184 587 5241; x_wconf 62' lang='lat' dir='ltr'>d</span> <span class='ocrx_word' id='word_1_244' title='bbox 1112 5186 1135 5258; x_wconf 82' lang='lat'>⁴)</span> <span class='ocrx_word' id='word_1_245' title='bbox 1153 5185 1245 5257; x_wconf 71' lang='lat' dir='ltr'>foetis</span> <span class='ocrx_word' id='word_1_246' title='bbox 1264 5185 1349 5242; x_wconf 74' lang='lat' dir='ltr'>otiosi</span> <span class='ocrx_word' id='word_1_247' title='bbox 1367 5181 1398 5242; x_wconf 82' lang='lat'>0.</span> 
     </span>
     <span class='ocr_line' id='line_1_41' title="bbox 312 5273 1396 5347; baseline -0.004 -15"><span class='ocrx_word' id='word_1_248' title='bbox 312 5275 335 5346; x_wconf 80' lang='lat'>²)</span> <span class='ocrx_word' id='word_1_249' title='bbox 353 5275 409 5332; x_wconf 83' lang='lat' dir='ltr'>sub</span> <span class='ocrx_word' id='word_1_250' title='bbox 429 5277 538 5332; x_wconf 72' lang='lat' dir='ltr'>umere</span> <span class='ocrx_word' id='word_1_251' title='bbox 557 5276 670 5332; x_wconf 75' lang='lat' dir='ltr'>cinctus</span> <span class='ocrx_word' id='word_1_252' title='bbox 687 5274 723 5346; x_wconf 79' lang='lat' dir='ltr'>A,</span> <span class='ocrx_word' id='word_1_253' title='bbox 733 5275 767 5345; x_wconf 90' lang='grc' dir='ltr'>Β,</span> <span class='ocrx_word' id='word_1_254' title='bbox 777 5275 809 5334; x_wconf 80' lang='lat'>0.</span> <span class='ocrx_word' id='word_1_255' title='bbox 1113 5275 1137 5347; x_wconf 81' lang='lat'>⁵)</span> <span class='ocrx_word' id='word_1_256' title='bbox 1156 5277 1252 5332; x_wconf 79' lang='lat' dir='ltr'>audes</span> <span class='ocrx_word' id='word_1_257' title='bbox 1270 5274 1306 5346; x_wconf 86' lang='grc' dir='ltr'>Α,</span> <span class='ocrx_word' id='word_1_258' title='bbox 1317 5275 1352 5344; x_wconf 88' lang='grc' dir='ltr'>Β,</span> <span class='ocrx_word' id='word_1_259' title='bbox 1365 5273 1396 5334; x_wconf 81' lang='lat'>0.</span> 
     </span>
     <span class='ocr_line' id='line_1_42' title="bbox 313 5363 928 5438; baseline -0.011 -15"><span class='ocrx_word' id='word_1_260' title='bbox 313 5363 337 5438; x_wconf 80' lang='lat'>³)</span> <span class='ocrx_word' id='word_1_261' title='bbox 356 5366 439 5422; x_wconf 78' lang='lat' dir='ltr'>culto</span> <span class='ocrx_word' id='word_1_262' title='bbox 457 5363 491 5430; x_wconf 79' lang='grc' dir='ltr'>Δ,</span> <span class='ocrx_word' id='word_1_263' title='bbox 511 5365 597 5422; x_wconf 76' lang='lat' dir='ltr'>vellet</span> <span class='ocrx_word' id='word_1_264' title='bbox 614 5363 649 5434; x_wconf 84' lang='grc' dir='ltr'>Δ,</span> <span class='ocrx_word' id='word_1_265' title='bbox 663 5363 696 5419; x_wconf 85' lang='grc' dir='ltr'>Β.</span> <span class='ocrx_word' id='word_1_266' title='bbox 926 5385 928 5388; x_wconf 93' lang='grc'><strong><em>·</em></strong></span> 
     </span>
    </p>
   </div>
   <div class='ocr_carea' id='block_1_6' title="bbox 0 0 2017 6068">
    <p class='ocr_par' dir='ltr' id='par_1_15' title="bbox 0 0 2017 6068">
     <span class='ocr_line' id='line_1_43' title="bbox 0 0 2017 6068; baseline 0 0"><span class='ocrx_word' id='word_1_267' title='bbox 0 0 2017 6068; x_wconf 95' lang='lat' dir='ltr'> </span> 
     </span>
    </p>
   </div>
  </div>
 </body>
</html>
