3944 6074
273 548 329 606 240

191 755 201 772 =
271 741 345 785 των.
364 755 405 766 -
425 719 447 785 l.
473 722 515 784 54
538 707 721 805 666666663)
745 711 905 804 ψέξοντας.
930 755 973 768 -
996 719 1018 784 l.

270 825 330 892 ult.
361 815 495 907 6666,
526 827 558 892 in
590 849 621 910 p.
653 829 798 912 sequenti
826 817 937 910 δίδως)
966 815 1018 890 ἀί-

271 923 358 1000 δωσι.
385 971 424 982 -
448 933 507 1000 Ed.
531 957 563 1020 p.
588 937 664 1016 412,
689 935 710 1001 l.
728 938 748 1000 4
765 932 824 1005 τὴν
849 933 950 1022 ρόσιν)
975 944 1015 1017 τῇ

273 1038 372 1129 φύσει.

316 1150 361 1215 M.
386 1149 441 1215 fol.
462 1151 524 1214 124
548 1173 577 1216 v.
594 1181 638 1200 -·-
653 1151 676 1215 l.
698 1153 716 1215 8
740 1153 942 1234 τολιτεικοῖς)
965 1173 1021 1213 πο·

269 1260 411 1331 λιτικοίς.
430 1293 470 1304 -
487 1258 508 1322 l.
527 1259 546 1322 9
565 1258 692 1342 ἑκείνον)
717 1261 852 1326 ἐκείνων.
870 1295 913 1308 -
930 1260 951 1326 l.
979 1262 1019 1325 14

269 1364 564 1456 χρηματικώτεροι)
601 1367 942 1457 χρηματιστικώτεροι.
976 1406 1019 1417 -

270 1477 401 1565 φοίνικες
425 1473 546 1539 τούτων
571 1475 737 1564 ἑκατέρων)
763 1497 840 1564 φοιν.
864 1475 918 1539 καί
947 1473 1020 1539 606-

271 1607 334 1647 των
359 1583 510 1672 ἑκάτεροι.

315 1692 360 1756 M.
378 1693 432 1758 fol.
450 1695 524 1758 125.
542 1731 580 1741 -
595 1693 617 1759 1.
635 1694 678 1758 αι
695 1701 763 1766 ταις
781 1687 907 1780 ψυχαῖς)
925 1673 1029 1777 prim.

273 1802 303 1862 ὲν
328 1792 441 1886 ψυχαῖς
465 1822 546 1866 corr.
572 1799 633 1863 ἀπό
658 1809 715 1873 τῆς
740 1795 852 1887 ψυχῆς.
872 1799 951 1865 -1.
977 1801 1018 1863 25

271 1905 328 1970 κάν
341 1911 400 1988 τῷ)
414 1909 531 1990 κάυτῷ.
546 1945 584 1955 --
599 1909 621 1975 l.
637 1911 678 1974 26
693 1907 872 1995 6666666666
887 1905 929 1994 66
949 1895 1020 1970 οὐδὲ

212 2033 222 2048 ·
270 2016 311 2098 εί)
335 2013 508 2102 ἐριστάνειν
528 2013 570 2102 66
590 2018 624 2078 06
643 2003 715 2081 δέοι.
734 2051 775 2062 -—
792 2015 814 2080 l.
838 2016 879 2080 28
904 2021 949 2094 τῷ
975 2011 1017 2100 66

270 2125 344 2204 πᾶν)
369 2130 415 2204 τῷ
439 2121 492 2185 καὶ
517 2113 600 2210 μηδὲ
622 2131 695 2190 πᾶν.
714 2160 756 2171 -
778 2123 801 2189 l.
826 2124 868 2187 29
893 2120 948 2184 καί
972 2123 1021 2208 66-

270 2230 373 2319 γίλον)
389 2227 442 2292 καί
458 2229 495 2293 τό
511 2233 577 2320 όργ.
595 2268 636 2278 -
654 2231 677 2296 l.
695 2233 737 2296 33
759 2228 812 2292 καί
829 2227 865 2292 τό
889 2225 1022 2310 πλῆθος)

270 2334 533 2420 fflfflffiffi

314 2447 358 2514 M.
389 2446 444 2513 fol.
478 2449 540 2512 125
572 2469 668 2512 v.-
629 2446 714 2512 -.1
746 2450 839 2512 33
820 2435 993 2512 τοίωσλι..

270 2545 402 2638 τοιον6ὲ)
427 2543 591 2621 τοιωσάί..
603 2544 761 2620 .τοιονδί.
781 2555 859 2621 —-.l
878 2557 948 2620 34
937 2576 1022 2642 οιιω

272 2655 380 2745 ζωίαν)
397 2655 564 2750 όμοζωίαν.
579 2699 624 2709 -
640 2661 796 2750 ἐμφρόνων
814 2654 993 2746 ζώντων)
971 2683 1023 2723 66-

271 2763 540 2860 φρόνωςζ.-ἔν
565 2773 609 2850 τι)
631 2768 809 2834 ἕντι-1.
835 2771 876 2834 39
902 2768 1022 2856 προλα-

272 2873 339 2962 666)
364 2870 542 2967 τρολαόών.
561 2879 701 2943 -1.46
726 2873 937 2964 θερμένεσθαι)
957 2871 1023 2963 θερ-

272 2985 508 3075 μαινσθαι
524 2984 654 3049 ἑστάναι
671 2983 737 3066 και)
754 2987 819 3050 ἑστ
838 2975 894 3049 6.
887 3007 952 3050 και
977 3019 1020 3032 -

269 3098 292 3162 l.
317 3099 403 3162 41
383 3092 456 3184 πρός
480 3093 591 3177 ταυτό)
614 3091 687 3183 πόςρ
712 3091 838 3160 ταυτόν.
864 3093 953 3158 -1,
978 3095 1019 3158 42

271 3203 324 3267 καὶ
348 3197 484 3292 ρωτίζεο
449 3201 549 3284 θαι)
566 3225 619 3265 και
612 3194 917 3292 γυιιιαγεσθαι
877 3201 1019 3267 -1.46

271 3310 324 3375 καί
340 3309 412 3400 πρός
428 3310 467 3374 τό
485 3309 573 3395 αὐτό)
589 3309 643 3373 καί
658 3309 695 3374 τό
711 3307 785 3398 πρός
801 3308 838 3372 τό
857 3307 943 3377 αὐτό.

315 3421 360 3486 Μ.
384 3421 440 3486 101.
468 3422 540 3485 126.
565 3455 608 3465 -
631 3419 654 3485 1.
680 3421 722 3484 48
748 3422 764 3480 6
787 3418 881 3508 λόγος
913 3417 967 3480 καί
998 3422 1017 3488 6

272 3525 420 3616 ἐπιθυμία
445 3527 560 3612 ταῦτα)
580 3529 595 3588 6
619 3525 714 3616 λόγος
740 3525 793 3590 καὶ
817 3530 836 3598 6
863 3524 1021 3615 ἐπιθυμία,

272 3634 291 3707 6
310 3639 325 3698 6
343 3633 437 3723 6666;
454 3633 507 3698 καί
523 3639 541 3708 6
561 3633 719 3724 ἐπιθυμία,
740 3645 854 3703 ταῦτα.
872 3673 914 3685 -
930 3637 952 3702 l.
978 3639 1020 3701 50

273 3748 299 3808 εἰ
322 3744 513 3833 πυρεταίνει)
537 3747 564 3807 εἰ
587 3745 776 3833 πυρεταίνοι.
793 3781 835 3793 -
853 3743 875 3810 1.
900 3743 1006 3809 53.
977 3764 1021 3804 ει-

272 3855 385 3940 πομεν)
404 3853 548 3936 εἴπωμεν.
561 3889 606 3900 -
618 3853 675 3920 Ed.
693 3875 725 3938 p.
738 3855 814 3932 113,
831 3852 853 3917 1.
872 3855 888 3916 1
907 3847 1094 3936 ταυτό)τ

272 3958 402 4025 ταυτόν.
416 3995 455 4006 -
470 3960 492 4026 1.
507 3962 526 4024 2
539 3959 776 4048 πυρεταίνουσι)
792 3957 1020 4046 πυρεταίνουσι.

275 4103 317 4116 -
332 4069 355 4134 1.
381 4071 400 4134 6
424 4069 607 4156 κατουοίαν)
623 4073 696 4132 κατ’
713 4067 829 4134 οὐσίαν,
848 4103 890 4115 -
906 4067 928 4132 l.
948 4067 965 4130 7
983 4065 1020 4127 66

274 4172 422 4264 πάσχειν)
446 4199 508 4242 οιιι.
533 4175 581 4241 τό.

318 4283 437 4352 6161.
457 4287 519 4350 126
536 4307 565 4352 v.
584 4322 625 4333 -
641 4286 664 4351 1.
685 4289 724 4352 12
741 4286 789 4349 ἐπ’
815 4283 943 4366 ἐκείνου)
968 4279 1020 4345 ἀπ’

274 4395 374 4460 έκ.-
377 4395 492 4460 ·.116
517 4391 692 4482 6666663')
683 4393 856 4483 ορεκτικάς.
873 4395 954 4461 -1,
981 4395 1022 4459 16

275 4504 377 4589 ὁρμῶν
402 4503 510 4588 τιςόρ)
514 4523 642 4588 μωντες.
663 4504 741 4569 -.l
760 4506 801 4568 17
819 4501 1021 4592 φιλαργυρίαν

277 4610 424 4691 βοῶντες)
443 4611 506 4696 φιλ.
524 4608 704 4674 τούναντίον
731 4611 875 4693 βοῶντςε
900 4645 943 4658 -
968 4611 1024 4698 ἀρ-

275 4738 313 4808 ι
318 4740 357 4806 ι
357 4719 562 4807 101'6601·

319 4826 363 4892 Μ.
388 4827 445 4892 fol.
473 4829 545 4893 127.
570 4863 613 4874 —
637 4827 660 4894 l.
685 4832 727 4895 23
751 4836 796 4911 τῷ
825 4831 943 4918 λογικῷ
967 4830 1023 4910 νῷ)
1082 4831 1088 4844 ’

275 4935 312 4998 τό
337 4933 463 5023 λογικόν
488 4943 540 5017 νῷ.
565 4972 608 4984 -··
631 4937 653 5003 l.
679 4941 720 5003 25
747 4939 794 5001 ίνοι
825 4937 948 5022 ταύτῃ)
975 4938 1023 4999 ἵνα

275 5041 372 5106 καί
352 5041 527 5126 ταύτη-
489 5044 627 5110 126
644 5067 680 5109 60
705 5043 938 5133 φιλοσώματον)
963 5041 1022 5116 τὴν

276 5143 1023 5242 6106-12761066)'66·1.666';.-

825 541 1056 618 06661666'6.
1079 543 1271 618 666666.

1072 719 1095 785 l.
1120 721 1162 784 34
1187 716 1263 782 6666
1294 710 1359 795 ζωοί
1390 720 1455 801 sic)
1487 707 1640 800 αὺτοζῷα.
1666 753 1706 766 -·
1731 719 1755 785 1.
1782 721 1829 784 35

1073 818 1164 906 ζῶον)
1189 817 1259 901 ζῶν.

1117 933 1161 999 Μ.
1186 935 1242 1000 fol.
1269 935 1332 999 127
1349 957 1378 1000 v.
1395 971 1439 983 -
1454 936 1475 1001 l.
1493 938 1535 1000 39
1553 943 1614 997 τῶν
1639 933 1743 1024 λόγων
1769 939 1833 1024 ἑμ-

1073 1039 1191 1129 φαίσεις)
1215 1049 1276 1104 τῶν
1294 1037 1425 1130 πρώτων
1443 1045 1515 1130 ἐμφ.
1533 1081 1575 1090 -
1591 1044 1612 1109 l.
1630 1047 1672 1110 40
1697 1041 1740 1106 τά
1764 1067 1831 1106 κα-

1074 1147 1209 1236 τωτέρα)
1233 1172 1296 1214 οιιι.
1320 1148 1372 1214 66.
1393 1185 1434 1197 -
1459 1150 1482 1216 l.
1507 1151 1546 1215 41
1573 1149 1688 1214 τούτου
1713 1151 1830 1238 μόνον)

1073 1281 1103 1322 τ.
1118 1257 1316 1344 μόνον-1.
1334 1261 1376 1324 46
1392 1255 1429 1322 τό
1446 1254 1518 1339 ταῖν)
1535 1266 1580 1340 τῷ
1598 1259 1830 1331 τήν-147

1073 1363 1193 1429 τούτων
1219 1367 1389 1454 σωτηρίαν)
1413 1365 1527 1430 τοότου
1545 1390 1629 1438 σωτη
1636 1393 1662 1456 ρ.
1681 1405 1720 1417 -
1739 1369 1762 1434 l.
1780 1371 1828 1434 48

1074 1472 1230 1561 όρέγεται)
1251 1472 1419 1564 όρέγεσθαι.

1118 1583 1163 1649 Μ.
1180 1585 1236 1649 fol.
1256 1586 1329 1650 128.
1347 1585 1405 1650 161.
1421 1608 1453 1670 p.
1471 1588 1536 1651 414
1554 1624 1595 1635 -
1613 1585 1633 1652 l.
1652 1588 1671 1650 6
1688 1588 1828 1672 σωτῆρι)

1073 1691 1118 1756 sie
1141 1691 1234 1776 prim.
1252 1714 1333 1756 corr.
1357 1693 1494 1777 repetita
1514 1694 1549 1757 in
1571 1713 1673 1778 marg.
1689 1694 1826 1780 σωρίτῃ.

1076 1835 1116 1845 -
1132 1797 1154 1864 1.
1174 1801 1191 1862 7
1217 1798 1345 1884 μηκέτι)
1368 1822 1450 1865 corr.
1475 1798 1589 1864 οὐκέτι.

1118 1906 1162 1972 Μ.
1187 1906 1243 1972 fol.
1270 1909 1332 1972 128
1357 1931 1386 1972 v.
1411 1944 1453 1955 -
1477 1909 1499 1974 l.
1525 1911 1566 1974 10
1590 1907 1627 1973 66
1651 1907 1827 1998 ἀνάλογον)

1073 2009 1115 2074 66
1141 2011 1231 2079 ἀνάλ.
1250 2051 1289 2061 -
1314 2015 1337 2080 1.
1363 2017 1401 2080 11
1428 2013 1465 2079 τό
1489 2017 1520 2078 ἑν
1546 2024 1607 2078 τῶν
1631 2017 1734 2102 πόλει)
1759 2025 1828 2079 τῶν

1074 2121 1105 2182 ἐν
1131 2127 1171 2191 τῆ
1188 2119 1260 2186 πόλ,
1278 2157 1320 2168 —-
1336 2121 1358 2188 1.
1378 2124 1419 2186 14
1435 2122 1620 2211 ὁμολογίαν)
1641 2147 1721 2190 corr.
1747 2124 1828 2210 666-

1074 2249 1170 2292 νοιαν.
1195 2263 1238 2276 -
1262 2228 1283 2293 l.
1311 2229 1351 2293 17
1375 2226 1416 2292 66
1441 2227 1495 2315 μὲν
1528 2227 1676 2318 ἄρχουσι)
1700 2227 1743 2294 66
1768 2229 1828 2317 μὲν

1074 2328 1124 2396 οἷα
1142 2331 1311 2422 ἄμμ-1.
1332 2338 1371 2400 18
1388 2336 1425 2398 66
1443 2334 1511 2423 μὲν)
1530 2345 1574 2418 τῷ
1592 2336 1658 2423 μέν.
1678 2337 1759 2401 -1,
1784 2341 1828 2403 19

1074 2440 1111 2506 τό
1143 2441 1284 2532 ἄρχοντι)
1307 2452 1353 2525 τῷ
1385 2443 1455 2533 ἅρχ.
1481 2481 1522 2493 -
1545 2446 1568 2512 1.
1593 2449 1634 2511 22
1653 2449 1680 2508 εί
1703 2435 1736 2508 δὲ
1760 2447 1830 2509 λεί-

1075 2573 1168 2615 πεται
1194 2551 1286 2639 μόνον
1311 2550 1402 2615 πόθεν
1421 2552 1468 2638 ἂν)
1486 2557 1512 2616 εἰ
1537 2543 1570 2616 66
1590 2555 1743 2628 λείπεται,
1761 2555 1830 2619 τιέ-

1075 2679 1127 2720 σαι
1152 2657 1243 2746 μόνον
1268 2660 1386 2746 γίνοιτο
1409 2655 1502 2721 πόθεν
1528 2654 1563 2721 ἀν
1589 2649 1684 2730 δῆλον
1708 2677 1750 2729 -;;-

1118 2767 1455 2837 -ζζ-Βο]ιο1ι“ιιιιι.11στι
1473 2765 1528 2854 μὲν
1545 2766 1599 2830 καί
1623 2766 1706 2830 ἄλλοι
1730 2767 1828 2856 μόρια

1074 2885 1132 2949 τῆς
1157 2869 1298 2964 ψυχῆς
1289 2876 1418 2940 τλείονα
1442 2873 1581 2951 τούτων,
1607 2879 1756 2965 ἔχοντα.
1746 2879 1826 2966 -.ο“ρς

1076 2985 1202 3056 ἄλληλα
1228 2976 1336 3073 διαφορ
1340 2981 1420 3066 ἀν,“
1403 3007 1476 3073 οτηερ
1502 2985 1577 3072 μησί
1601 2985 1656 3048 καί
1679 2991 1789 3075 Αριο·
1791 3009 1829 3049 ο

1075 3093 1169 3167 τέλης
1194 3095 1224 3157 ἐν
1250 3103 1314 3168 τοῖς
1340 3092 1411 3182 Περὶ
1435 3088 1553 3182 ψυχῆς,
1579 3096 1649 3156 ἀλλ’
1675 3093 1828 3183 όρεκτικά

1074 3202 1127 3265 καί
1150 3193 1461 3290 παραλαμόανόμενα
1485 3205 1525 3276 εἰς
1547 3201 1599 3266 τόν
1617 3211 1679 3266 τῶν
1705 3207 1827 3292 ἀρετῶν

1074 3309 1169 3400 λόγον
1193 3300 1280 3373 οὐδὲν
1305 3307 1390 3396 παρά
1414 3319 1528 3374 ταῦτα·
1551 3315 1570 3382 6
1595 3308 1655 3401 γὰρ
1679 3303 1780 3399 ὄρεξις
1805 3309 1825 3380 6

1074 3427 1136 3481 τῶν
1161 3415 1234 3507 πρός
1259 3426 1349 3506 σῶμα
1365 3414 1388 3501 ¹)
1412 3416 1465 3482 καί
1482 3419 1520 3482 τό
1537 3417 1652 3509 ἀγαθόν
1678 3428 1732 3483 τοῦ
1758 3417 1829 3481 σώ-

1077 3549 1174 3614 ματος
1200 3526 1365 3590 τεινόντων
1390 3525 1486 3607 ἐστίν,
1511 3525 1529 3597 6
1555 3525 1652 3602 ὅντως
1673 3524 1692 3598 6
1718 3548 1828 3614 μαινο-

1075 3633 1172 3720 μένως
1196 3631 1229 3696 όν
1253 3643 1406 3714 τοιοῦτον,
1432 3629 1450 3704 6
1476 3643 1539 3696 τῶν
1564 3626 1623 3709 ἔξω
1654 3631 1823 3718 σώματος·

1074 3766 1127 3805 και
1144 3765 1170 3805 ει
1186 3767 1286 3805 των
1265 3766 1338 3830 τρο
1355 3766 1392 3806 το
1409 3765 1498 3830 σωιια
1514 3743 1689 3816 τεινόντων,
1714 3740 1780 3813 66

1074 3847 1116 3913 66
1148 3841 1427 3936 συμόαλλόμενα
1416 3871 1447 3912 εν
1479 3851 1564 3930 αὐτῷ
1588 3849 1661 3938 πρός
1685 3847 1723 3915 τό
1747 3843 1828 3914 εἶναι

1074 3983 1164 4047 πορι
1138 3909 1285 4047 6⁷666'666
1309 3957 1328 4030 6
1347 3981 1447 4022 των
1430 3954 1547 4023 6616.-
1525 3967 1645 4022 ’.οῦντα
1662 3961 1716 4022 καί
1739 3959 1828 4048 6666-

1078 4093 1171 4158 ροντα
1195 4067 1406 4156 ἀμυνομένων.

1121 4177 1166 4243 Μ.
1191 4178 1246 4242 fol.
1274 4179 1347 4242 129.
1364 4213 1406 4224 —-
1423 4177 1445 4242 l.
1462 4179 1505 4242 24
1521 4170 1598 4240 εἶναι
1615 4176 1722 4265 μόνον)
1745 4167 1828 4238 εἶναι

1077 4285 1167 4374 μόνα.
1185 4322 1229 4332 -
1244 4287 1266 4351 1.
1284 4289 1326 4351 26
1350 4295 1430 4374 τρεῖς
1454 4288 1629 4376 γίγνονται)
1653 4295 1745 4375 τρεῖς,
1771 4273 1828 4346 666

1076 4395 1112 4483 γ
1109 4418 1158 4484 γν,
1174 4429 1219 4444 -
1233 4395 1257 4460 1.
1274 4395 1316 4459 27
1333 4385 1502 4474 λαόοιίοας)
1523 4385 1757 4481 λαμόανοόσης.
1783 4431 1829 4440 -

1076 4505 1099 4570 l.
1124 4505 1166 4570 29
1185 4502 1361 4592 ἀμέριστον,
1378 4503 1431 4566 καὶ
1447 4507 1463 4567 6
1481 4503 1536 4592 μὲν
1551 4505 1644 4594 λόγος
1667 4502 1828 4580 νοητικὸν,

1076 4635 1113 4676 το
1107 4601 1164 4676 δὲ
1181 4619 1271 4699 σῶμα
1289 4609 1436 4694 ἀνοητόν)
1453 4611 1633 4701 πολυμερὲς,
1657 4610 1711 4674 καί
1735 4614 1751 4673 6
1770 4610 1828 4698 μὲν

1076 4719 1170 4809 λόγος
1188 4719 1357 4808 ὀρεκτικόν·
1374 4719 1411 4782 τό
1425 4709 1458 4782 6
1471 4727 1561 4806 6666
1579 4719 1753 4807 ἀνόρεκτον·
1773 4717 1830 4780 καί

1077 4851 1093 4890 ο
1111 4827 1165 4916 μὲν
1182 4829 1275 4916 λόγος
1298 4827 1454 4910 νοητικὸν,
1478 4829 1516 4890 66
1534 4818 1567 4890 δὲ
1584 4849 1612 4893 6.
1632 4829 1661 4893 6.
1678 4861 1721 4874 -
1737 4825 1761 4892 l.
1783 4830 1826 4892 31

1076 4941 1106 5001 ἐν
1131 4930 1211 5022 ζωῇ)
1235 4935 1276 5019 ἓν,
1302 4930 1379 5014 ζωή.
1394 4975 1435 4984 -
1459 4937 1481 5001 l.
1506 4939 1548 5001 35
1573 4933 1710 5023 ἄμειρον)
1736 4931 1830 5022 ἄμοι-

1078 5069 1138 5134 ρον.
1156 5083 1198 5095 -
1223 5047 1245 5113 l.
1270 5049 1311 5111 36
1333 5053 1377 5126 τῷ
1403 5042 1490 5135 μέν...
1515 5053 1560 5126 τῷ
1585 5035 1630 5128 δὲ)
1655 5043 1709 5106 τόν
1735 5043 1829 5133 μὲν...

1077 5151 1135 5227 τὴν
1160 5144 1204 5221 δέ.

313 5382 335 5461 ¹)
354 5385 453 5445 Codex
473 5387 565 5447 habet
583 5392 657 5460 σῶμα
667 5402 693 5450 -:-
713 5387 800 5461 quasi
819 5389 937 5462 σώματα,
956 5393 1072 5448 mutato
1091 5392 1222 5462 accentu,
1243 5385 1296 5446 sed
1315 5384 1409 5446 series
1429 5389 1502 5462 σῶμα
1522 5385 1637 5448 suadet.
