4008 6068
282 508 319 568 84
872 503 1058 581 Macarius
1084 507 1245 601 Μαρίων.

283 676 419 775 Ἡρώδης
440 689 559 750 ἀνεῖλεν
576 682 618 749 τὰ
637 683 742 757 νήπια.
760 683 804 747 Οὐ
821 679 880 771 γὰρ
897 669 959 744 ἔδει
975 682 1027 744 αὐ-

283 792 339 858 τύν
361 793 470 859 παθεῖν
494 794 564 884 πρὶν
580 794 699 858 τέλειον
716 787 870 882 γενέσθαι,
887 791 937 852 ίνα
956 787 1028 864 τούς

281 902 405 977 πάντας
430 925 526 988 corp.

1082 682 1230 749 infantes.
1246 681 1360 768 Neque
1375 682 1460 749 enim
1483 707 1555 750 eum
1577 687 1726 771 oportuit
1748 689 1820 774 pati

1082 791 1269 876 priusquam
1292 792 1332 858 sd
1353 792 1529 877 perfectam
1551 800 1691 863 aetatem
1713 818 1828 883 perve-

1082 900 1193 981 nisset,
1218 905 1255 966 ut
1277 901 1382 967 salvos
1405 900 1526 968 faceret
1550 925 1671 973 omnes.

1029 1223 1089 1290 111.

465 1445 526 1505 Τοῦ
550 1439 710 1528 Μακαρίου
735 1436 903 1528 Μάγνητος
927 1439 962 1502 ἐκ
986 1447 1041 1501 τοῦ
1068 1429 1108 1514 ιζ’·
1126 1437 1223 1527 λόγου
1247 1447 1302 1502 τοῦ
1328 1441 1369 1514 είς
1393 1437 1452 1510 τὴν
1477 1437 1599 1504 Γένεσιν
1616 1437 1651 1525 ¹).

594 1549 736 1617 Masurii
759 1549 924 1632 Mopcctis
946 1568 986 1613 ec
1009 1547 1152 1613 oratione
1177 1545 1289 1613 XVII
1309 1548 1346 1614 ιἰι
1368 1545 1520 1614 Genesin.

327 1756 467 1842 Ἐπειδύ,
484 1767 560 1829 ὅταν
576 1765 601 1848 2)
625 1765 663 1828 rb
679 1763 826 1853 περὶτῶν
843 1760 985 1852 χιτώνων
1000 1759 1025 1845 ³)

281 1873 341 1948 τὴν
357 1871 513 1963 ἱστορικὴν
530 1871 665 1962 ἐκρεύγη
680 1873 705 1954 ⁴)
723 1863 872 1956 διάνοιαν,
886 1871 940 1936 καί
952 1874 1028 1934 ἁνα-

280 1980 427 2073 γωγῆςῧ)
454 1981 549 2071 λόγον
582 1984 701 2065 ἀπαιτῇ
735 1977 827 2062 καὶῧ)
857 1981 1028 2071 ἀφήγησιν,

280 2082 457 2180 πρεσύείαις
470 2086 496 2173 7)
509 2098 571 2153 τῶν
589 2091 692 2174 ὁσίων,
708 2089 810 2178 λέγειν
829 2089 1028 2179 Ιεπαγγελλό-

281 2195 372 2287 pedor,
389 2199 423 2262 οὐ
441 2191 528 2276 ζώων
545 2198 680 2287 ἀλόγων,
699 2186 790 2285 δορίις
805 2194 830 2280 ⁸)
847 2197 902 2260 τύν
921 2187 1027 2284 Ἀδὰμ

280 2306 300 2376 il
325 2305 385 2379 τὴν
404 2307 482 2370 Εὐαν
499 2296 660 2370 Ιενδύεσθαι
680 2314 841 2395 προπετῶς
865 2297 1028 2394 ἑνιλαμύοί-

281 2428 384 2490 νοντες
409 2413 518 2498 (τοῦτο
542 2411 602 2502 γὰρ
626 2420 685 2488 τῆς
712 2419 775 2475 τῶν
802 2413 927 2495 βλακῶν
960 2401 1028 2476 δια-

280 2513 391 2612 τριύῆς
414 2521 451 2586 τύ
477 2525 563 2612 ῥῆμα
586 2520 640 2586 καί
663 2531 721 2596 τῆς
745 2511 936 2586 ἀπαιδεύτου
962 2545 1027 2610 μω-

283 2631 347 2719 ρίας
361 2626 387 2715 9)
411 2630 448 2694 τύ
465 2627 633 2718 μύὐευμα)
649 2627 734 2692 ἀλλὰ
750 2628 883 2718 λέγομεν
904 2634 944 2705 ὡς
967 2631 1026 2720 πρύ

280 2747 339 2813 τῆς
362 2729 568 2827 παραύοίσεως
591 2737 781 2826 λεπτότερον
797 2734 836 2812 ἦν
857 2738 910 2802 καί
935 2741 1029 2830 αὐγο-

281 2837 452 2934 ειδέστερον
465 2843 504 2910 τύ
521 2855 612 2933 σῶμα
628 2855 685 2909 τοῦ
703 2843 865 2935 ἀνθρώπου
883 2847 1027 2936 καὶπρὸς

280 2949 461 3041 κατάληψιν
487 2950 575 3018 θείων
601 2951 813 3043 θεωρημάτων
837 2948 890 3032 ὐξύ
914 2955 1028 3028 ἐπιτή-

280 3052 362 3126 δειον
375 3063 449 3151 πρύς
463 3052 671 3150 μηδεμίανω)
681 3062 869 3150 παχύτητος
883 3053 1027 3151 διοχλού-

281 3193 383 3259 μενον,
403 3172 475 3234 ἀλλ’
500 3175 540 3244 ὡς
557 3171 708 3258 ἔσοπτρον
732 3161 948 3236 εὐειδέστατον
973 3171 1028 3235 καί

279 3278 436 3369 λαμπρὸν,
460 3268 605 3368 οὐδεμίαν
634 3270 744 3355 ἔξωθεν
769 3279 816 3342 ἔτι
849 3277 1028 3368 [τετυμμέ-

280 3411 330 3452 νον
345 3384 383 3471 ιι)
407 3389 540 3476 καιρίαν,
556 3375 627 3451 οὐδέ
643 3411 676 3451 τι
692 3395 749 3462 τῆς
774 3377 910 3464 ὑλώδους
929 3411 1028 3452 κατα-

281 3495 482 3582 νιεκτημένον·
500 3493 710 3570 ἀναλύτητος.

317 3725 339 3799 ¹)
357 3725 405 3781 Ex
423 3725 487 3782 cod.
507 3724 601 3782 Vatio.
620 3725 692 3782 2022
709 3725 730 3783 f.
749 3725 811 3784 236.

316 3817 340 3890 ²)
359 3815 430 3874 Ood.
443 3817 479 3870 ὅτ’
493 3819 521 3869 ἄν
535 3819 598 3888 περί.
612 3815 772 3873 Duohesno
783 3818 865 3875 ίπειύδ
878 3821 905 3871 εὐ
917 3818 979 3889 περί.
990 3848 1025 3858 -

277 3905 362 3964 Nick.
382 3906 540 3980 supplebat
552 3910 567 3962 b
581 3909 666 3980 γραρύ
680 3908 729 3964 vel
744 3910 755 3960 ὁ
768 3911 886 3981 γραφεὺς,
899 3906 1023 3976 frustra,

277 4001 313 4054 ut
325 3995 453 4055 videtur.
465 3996 571 4070 Longa
582 3995 687 4070 incipit
698 3997 839 4070 periodus
852 4015 949 4072 usque
963 4003 1025 4051 ἂνα-

277 4085 392 4148 λύτητος.

313 4175 338 4249 ⁸)
358 4173 429 4232 Ood.
448 4175 571 4243 χιιτοίνων
591 4180 771 4234 constanter.

312 4267 337 4339 ⁴)
356 4262 427 4322 cod.
446 4263 541 4321 Duoh.
562 4266 683 4339 ὐιιρεύγιι.

313 4353 336 4426 l)
348 4350 418 4408 Ood.
432 4351 473 4407 iti
487 4358 586 4427 ὰραρῆτ
601 4353 704 4412 statim
714 4353 950 4427 emendaveram,
963 4371 1027 4427 pro·

277 4440 369 4498 bauto
387 4440 504 4514 Niclree,
524 4441 603 4516 quod
622 4443 735 4517 recepit
752 4443 848 4502 Duch.

314 4531 338 4604 ⁶)
357 4537 399 4584 κεί
420 4531 483 4588 cod.
502 4551 560 4589 om.
578 4533 694 4606 accepit
712 4534 816 4607 Duob,
835 4539 871 4589 ut
893 4551 950 4606 ego
968 4533 1027 4608 pri-

278 4638 369 4690 mum,
389 4621 458 4678 fort.
476 4641 537 4681 nou
556 4625 761 4698 supplendum,
775 4624 801 4681 si
815 4628 873 4680 ὅταν
889 4624 935 4681 uti
946 4625 1026 4698 gloe-

279 4727 363 4768 sema
382 4712 585 4786 supprimitur,
600 4713 755 4787 jungendo
775 4717 902 4788 ἀφήγησιν
921 4716 1007 4788 λέγειν.

313 4802 336 4876 ⁷)
355 4801 465 4860 Mirum
484 4809 532 4862 est
549 4804 660 4860 Nickes
673 4804 787 4876 legisse
801 4803 939 4876 πρεσύιὶαι,
959 4821 1027 4860 oum

278 4891 336 4948 hac
359 4898 444 4949 nota:
468 4895 609 4950 «Auctor
636 4901 739 4951 autem
767 4911 799 4950 se
827 4893 928 4967 ipsum
953 4892 1026 4949 dicit

278 4987 453 5040 sanctorem
476 4987 620 5057 topasion,
639 4991 732 5042 etc».
754 4982 894 5056 Πρεσύείει,
911 5001 1026 5056 preces,

277 5073 433 5147 auffropio,
446 5073 477 5130 in
489 5093 550 5133 usu
560 5092 735 5148 graecorum
753 5075 965 5145 ecclesiastico,
976 5074 1027 5131 tri·

278 5161 428 5220 tissimum
441 5171 496 5222 est.
508 5165 544 5221 Id
557 5165 584 5224 si
595 5165 761 5224 neotericos
778 5165 865 5240 sapit,
885 5169 933 5219 τῶν
949 5169 1026 5239 arios

280 5255 317 5313 de
326 5255 464 5315 fidelibus
474 5257 595 5331 dictum,
604 5261 788 5317 vetustatem
797 5255 912 5314 redolet
922 5263 953 5314 et
962 5274 1028 5315 con·

280 5343 394 5404 cionem
412 5346 517 5405 innuit

1126 1761 1398 1847 Quandoquidem,
1414 1785 1514 1848 quum
1532 1765 1618 1849 qnod
1639 1769 1765 1850 spectat
1789 1767 1830 1832 ad

1083 1873 1207 1938 tunicas
1222 1872 1407 1938 historicam
1430 1873 1545 1959 effugit
1567 1875 1771 1956 sententiam,
1798 1880 1831 1940 et

1082 1982 1300 2048 sublimiorem
1336 1983 1478 2068 exposcit
1512 2005 1640 2050 sensum
1672 1986 1706 2049 et
1736 2005 1830 2049 enar·

1082 2089 1252 2169 rationem,
1272 2111 1311 2154 ex
1333 2089 1483 2173 precibus
1505 2094 1701 2173 sanctorum,
1725 2090 1830 2156 dicere

1082 2199 1281 2282 profitemur,
1293 2220 1357 2264 non
1375 2199 1542 2265 brutorum
1559 2199 1746 2265 amicalium
1760 2199 1831 2284 pel-

1081 2307 1167 2373 libus
1189 2307 1294 2372 Adnm
1316 2311 1373 2372 aut
1395 2307 1499 2373 Evam
1514 2309 1643 2374 indulos
1659 2307 1758 2374 fuisse
1783 2313 1831 2374 te·

1082 2437 1167 2480 mere
1190 2414 1410 2499 intelligentes
1433 2415 1507 2497 (hoc
1536 2415 1622 2480 enim
1644 2439 1683 2481 ex
1706 2415 1830 2500 impru-

1082 2521 1227 2588 dentium
1258 2521 1425 2587 hominnm
1447 2521 1614 2608 discipline
1637 2520 1758 2589 dictum
1783 2527 1831 2588 eet

1082 2633 1115 2694 et
1137 2629 1315 2695 ineruditae
1337 2628 1496 2695 stultitiae
1519 2627 1660 2710 fabula);
1684 2627 1739 2694 sed
1754 2628 1831 2695 dici.
1919 2621 1925 2634 ·

1081 2761 1153 2804 mus
1175 2743 1249 2803 ante
1261 2737 1549 2824 transgressionem
1564 2759 1679 2821 corpus
1693 2736 1831 2802 hominis
1866 2755 1879 2764 ’·

1081 2847 1179 2912 fuisse
1201 2847 1351 2912 subtilius
1374 2851 1406 2911 et
1429 2846 1494 2912 luci
1516 2845 1662 2937 similius,
1682 2845 1722 2911 ad
1737 2845 1831 2911 intel-

1081 2955 1251 3040 ligentiam
1266 2953 1445 3020 divinarum
1466 2953 1684 3020 doctrinarum
1700 2957 1829 3020 acutum

1082 3070 1115 3129 et
1138 3064 1297 3144 idoneum,
1319 3061 1410 3128 nulla
1443 3085 1480 3128 ex
1505 3067 1597 3147 parte
1619 3061 1829 3129 crassitudine

1081 3177 1242 3253 onustum¹
1259 3171 1314 3237 sed
1333 3176 1370 3237 ut
1392 3171 1558 3256 speculum
1574 3169 1826 3255 pulcherrimum

1081 3301 1118 3346 ac
1140 3279 1282 3345 lucidum
1299 3279 1481 3345 nullodum
1498 3279 1676 3345 extrinseco
1699 3275 1828 3344 mortali

1081 3387 1212 3454 vulnere
1236 3393 1385 3472 accepto,
1408 3409 1468 3454 nec
1489 3387 1673 3472 quodquam
1700 3410 1739 3453 ex
1762 3409 1830 3452 ma-

1083 3496 1190 3564 teriali
1212 3495 1420 3562 dissolutione
1443 3495 1636 3580 acquisitum
1654 3495 1828 3580 possidens.

1115 3727 1137 3799 8)
1158 3723 1228 3782 (lod.
1248 3729 1328 3796 δωρύς
1339 3763 1344 3776 .
1356 3761 1377 3776 .·
1391 3721 1454 3778 εὐαν.

1114 3817 1137 3889 ⁰)
1150 3815 1218 3873 Cod.
1232 3831 1292 3872 non
1304 3813 1418 3888 liquido
1430 3820 1535 3886 χωριιὰς
1547 3813 1598 3872 sio.
1612 3813 1710 3872 Duoh.
1720 3812 1827 3885 χορείας.

1078 3905 1165 3962 Alius
1183 3903 1353 3980 proposuit:
1373 3903 1476 3971 «Quid
1494 3903 1521 3962 si
1540 3905 1656 3977 χιιριίας,
1670 3920 1749 3961 nove
1766 3917 1827 3961 vox

1080 4015 1117 4055 ex
1135 3997 1195 4070 adj.
1214 3997 1316 4068 χοίρειοι
1327 3995 1366 4051 »l

1115 4086 1150 4161 ¹⁰)
1168 4086 1262 4143 Duoh.
1283 4087 1416 4157 μηδιμίας.
1435 4084 1561 4143 Niskos:
1581 4089 1674 4157 «Πρὸς
1691 4083 1828 4155 μηδεμίαν,

1079 4179 1165 4234 nediu
1177 4193 1216 4233 eor
1222 4179 1319 4248 porto.
1332 4175 1414 4232 Nihil
1425 4175 1575 4248 corrigere
1585 4174 1692 4244 ausim,
1703 4171 1828 4242 veritus,

1079 4286 1117 4324 ue
1136 4266 1268 4325 deterius
1280 4265 1396 4323 faciam.
1410 4265 1614 4339 Suppleudum
1630 4262 1751 4321 videtur
1771 4264 1825 4315 ὁδὸν

1079 4358 1129 4415 vel
1148 4359 1238 4426 αἰτίαν,
1257 4363 1311 4412 aut
1324 4353 1443 4428 ,aliquid
1459 4353 1634 4427 hujusmodi
1643 4369 1668 4409 ε.

1118 4447 1153 4522 ¹¹)
1173 4447 1254 4505 Crux
1271 4446 1312 4503 ibi
1329 4445 1475 4503 omnibus.
1495 4445 1596 4502 Codex
1619 4443 1827 4515 ιπι...οσρίνον

1080 4544 1157 4611 νεῖραν
1176 4539 1231 4592 cidi
1249 4559 1304 4591 τινα
1323 4542 1367 4600 τῆς
1386 4537 1494 4598 ὑλώδους
1507 4543 1550 4590 καί
1564 4537 1715 4606 κεκτημένον
1736 4534 1831 4587 avato-

1081 4649 1162 4690 τητος.
1180 4658 1217 4671 -
1235 4627 1330 4683 Dutch.
1350 4627 1493 4696 «οὐδεμίαν
1514 4624 1569 4678 ius.
1583 4665 1590 4678 .
1605 4667 1611 4680 .
1624 4625 1724 4696 νομίνον
1743 4628 1830 4694 νεῖραν,

1080 4719 1141 4772 οὐδέ.
1161 4717 1208 4773 Ite
1227 4715 1289 4772 cod.
1309 4714 1339 4770 in
1358 4728 1394 4772 eo
1411 4714 1477 4770 loco
1501 4711 1589 4770 vulde
1608 4719 1783 4786 corruptus:
1803 4711 1830 4768 ei

1080 4806 1153 4880 quid
1164 4805 1260 4876 video,
1277 4804 1335 4860 duo
1347 4803 1439 4860 verba
1453 4804 1563 4860 desunt
1581 4809 1650 4878 post
1665 4811 1716 4870 aur,
1736 4819 1831 4858 unum

1081 4895 1129 4952 oui
1139 4894 1217 4951 trina
1229 4892 1385 4964 referetur,
1399 4891 1528 4949 alterum
1540 4891 1724 4964 adjectivum
1738 4887 1832 4963 gemi-

1080 5003 1153 5042 num
1176 4985 1300 5043 ὐλείδους;
1320 4983 1472 5042 αναλύτητος
1491 4996 1563 5036 vero
1586 4979 1617 5035 in
1642 4981 1830 5051 ανθρωπίτητες

1081 5071 1291 5144 corrigendum
1310 5069 1401 5126 erit».
1421 5068 1531 5126 Niolres
1543 5066 1691 5142 prolixius
1708 5073 1831 5126 notave·

1080 5171 1128 5220 rat
1139 5163 1203 5220 fere
1215 5163 1305 5219 haec:
1318 5161 1391 5217 «Ex
1402 5159 1526 5232 reliquis
1538 5159 1650 5216 litteris
1663 5159 1773 5230 υσρίνον,
1787 5155 1832 5212 fa·

1081 5255 1192 5313 oillima
1204 5252 1377 5325 mutatione,
1391 5252 1482 5311 scribi
1494 5253 1653 5324 τετυμμένοι.
1667 5249 1752 5318 Ques
1771 5263 1831 5305 vox

1081 5343 1216 5418 seqnitur
1228 5343 1259 5402 in
1272 5342 1374 5400 codice
1387 5348 1474 5414 sepsi,
1487 5339 1563 5398 nihil
1581 5345 1637 5413 est,
1650 5356 1705 5415 pro
1725 5339 1830 5408 sapim,
