4008 6068
261 505 297 560 a
876 492 1195 586 συνεπόμνυμι

262 672 338 739 uod.
351 670 407 737 fol.
425 672 488 736 281
514 669 573 736 col.
599 671 619 736 4
636 670 719 754 (εόό.
738 668 853 751 6296)
871 675 944 753 post
959 677 1014 732 τοῦ
1030 673 1110 733 Θεοῦ
1134 673 1207 735 ante
1224 667 1356 734 titulum
1380 672 1566 753 sequentem
1589 668 1734 735 additur:
1759 671 1809 743 Εἰς

428 776 485 847 τὴν
503 776 633 842 Γένεσιν·
651 775 713 841 Καὶ
730 776 874 849 ἐποίησεν
891 779 907 839 ό
924 775 1000 851 Θεός
1016 775 1072 840 τόν
1090 773 1260 864 ἄνθρωπον,
1278 779 1351 838 κατ’
1369 774 1474 840 εἰκόνα
1497 785 1553 840 τοῦ
1571 777 1650 840 Θεοῦ
1667 775 1809 848 ἐποίησεν

426 885 531 952 αὐτόν,
557 923 598 933 -
623 889 673 961 Εἰς
696 884 757 958 τὴν
781 884 914 950 Γένεοιν·
940 882 1002 947 Καὶ
1025 876 1106 947 εἶπεν
1131 905 1233 969 usque
1256 884 1295 949 ad
1318 882 1476 970 ὁμοίωσιν.
1502 883 1655 970 Sequitur
1677 883 1809 950 titulus:

426 994 504 1059 ’Ότι
529 982 707 1063 δικαιοσύνη
735 997 808 1058 κτλ.
872 1021 886 1050 ι

352 1104 409 1171 fol.
427 1106 490 1171 285
516 1104 575 1170 col.
595 1106 611 1168 l
630 1103 712 1187 (edd.
731 1103 795 1168 637
808 1102 850 1183 D)
876 1105 949 1186 post
971 1105 990 1172 ἠ
1008 1097 1095 1188 χάρις
1114 1095 1192 1170 αύτὴ
1219 1100 1361 1165 additur:
1387 1103 1439 1162 Ἐν
1463 1108 1509 1182 τῷ
1533 1099 1710 1185 άποστόλῳ·
1737 1099 1808 1167 Ἵνα

426 1216 445 1284 ἠ
470 1211 575 1283 πίστις
599 1213 685 1299 ὑμῶν
710 1207 752 1296 μὴ
779 1204 798 1294 ᾖ
824 1211 855 1273 ίν
880 1207 982 1296 σορίᾳ,
1007 1205 1078 1270 ἀλλ’
1103 1210 1134 1271 ἐν
1160 1197 1287 1294 δυνάμει
1312 1209 1392 1270 θεοῦ
1418 1209 1446 1290 (Ι
1469 1209 1540 1275 Οοι.
1564 1230 1600 1291 11,
1625 1210 1669 1295 5).

353 1317 410 1386 fol.
430 1320 494 1384 286
519 1318 578 1385 col.
604 1321 623 1384 3
648 1318 731 1401 (edd.
756 1319 818 1383 641
833 1317 875 1399 D)
900 1317 1027 1382 additur
1049 1321 1122 1402 post
1145 1337 1192 1402 ps.
1216 1335 1306 1397 xcvi,
1332 1318 1368 1382 6:
1395 1314 1533 1381 Ψάλατε
1556 1325 1602 1400 τῷ
1625 1322 1694 1400 Θεῷ
1710 1322 1810 1406 ἡμῶν,

432 1422 557 1513 ψάλατε
580 1433 626 1507 τῷ
652 1426 777 1508 βασιλεῖ
799 1427 900 1514 ἡμῶν,
925 1425 975 1488 ότι
1001 1422 1146 1508 βασιλεὺς
1162 1422 1266 1498 πάσης
1282 1433 1340 1499 τῆς
1357 1433 1416 1513 γῆς
1439 1427 1456 1487 ό
1479 1424 1567 1501 Θεός.
1592 1429 1643 1489 Ἐν
1667 1433 1712 1508 τῷ
1737 1421 1814 1514 ψαλ-

429 1533 537 1622 τηρίῳ·
564 1532 599 1598 ‘0
624 1529 727 1622 θρόνος
746 1555 799 1596 σου
816 1534 889 1598 κτλ.
906 1532 984 1598 Post
999 1554 1046 1616 ps.
1063 1551 1154 1615 κων,
1174 1535 1208 1599 7;
1227 1521 1357 1608 Ῥάόδος
1383 1530 1552 1609 εὐθύτητος
1576 1538 1595 1606 η
1622 1523 1733 1625 ράόδος
1756 1545 1815 1611 τῆς

432 1642 590 1724 βασιλείας
608 1661 677 1704 σου·
696 1639 868 1731 ἠγάπησας
893 1630 1102 1717 δικαιοσύνην,
1118 1639 1172 1703 καὶ
1187 1640 1339 1727 ἐμίσησας
1357 1629 1491 1722 ἀδικίαν,
1516 1631 1567 1704 διά
1591 1651 1686 1706 τοῦτο
1710 1640 1816 1732 ἔχρισέ

429 1771 464 1812 σε
487 1751 503 1811 ό
527 1747 615 1831 Θεὸς,
641 1745 718 1821 Θεός
743 1769 809 1828 σου,
833 1748 938 1811 ἔλαιον
963 1746 1180 1838 ἀγαλλιάσεως
1204 1745 1289 1833 παρά
1312 1745 1386 1823 τούς
1411 1747 1564 1838 μετόχους
1589 1772 1655 1817 σου.

356 1857 413 1924 iol.
431 1859 496 1923 287
519 1858 579 1924 col.
607 1862 635 1938 1,
651 1862 725 1942 post
740 1879 788 1941 ps.
806 1875 909 1937 cxvrr,
927 1858 969 1922 25
987 1857 1069 1938 (edd.
1088 1858 1152 1922 644
1165 1855 1209 1941 D)
1226 1857 1368 1924 additur:
1386 1859 1438 1918 Ἐν
1455 1864 1500 1938 τῷ
1519 1852 1697 1946 ψαλτηρίῳ·
1722 1851 1815 1924 Είπεν

430 1969 446 2028 ό
471 1965 577 2055 Κύριος
601 1973 648 2048 τῷ
671 1965 775 2054 Κυρίῳ
801 1983 870 2051 μου·
896 1962 1001 2028 Κάθου
1025 1967 1060 2027 ἐκ
1085 1953 1191 2040 δεξιῶν
1216 1986 1287 2051 μου,
1313 1964 1367 2040 ἕως
1393 1963 1428 2028 ἂν
1453 1961 1496 2047 op
1515 1962 1587 2039 τοὺς
1611 1963 1737 2056 ἐχθρούς
1762 1991 1816 2031 σου

430 2065 600 2138 ὑποπόδιον
624 2081 687 2138 τῶν
711 2063 816 2138 ποδῶν
842 2094 896 2137 σου
921 2078 982 2158 (με.
1006 2093 1071 2155 u1x,
1099 2075 1127 2153 1,
1151 2076 1208 2156 2)..

358 2182 450 2250 cot2
474 2188 547 2269 post
570 2206 618 2268 ps.
642 2203 712 2264 nur,
740 2185 759 2248 6
784 2184 868 2268 (εόό.
892 2184 956 2248 645
971 2182 1012 2262 Α)
1037 2182 1108 2247 add.
1133 2177 1319 2269 Ἀποτρέψει
1343 2178 1385 2244 τά
1407 2179 1491 2246 κατά
1515 2191 1580 2255 τοῖς
1610 2179 1732 2272 ἐχθροῖς
1756 2207 1815 2270 μου

433 2292 494 2375 (ps
518 2311 587 2372 un,
615 2290 657 2375 7).
681 2329 724 2338 -
749 2291 827 2357 Post
856 2313 904 2376 ps.
928 2310 1021 2370 xxm,
1045 2291 1083 2356 8:
1111 2288 1230 2378 Ἄρατε
1259 2289 1378 2371 πύλας,
1404 2294 1432 2352 ol
1455 2287 1621 2379 ἄρχοντες,
1646 2293 1732 2379 ὑμῶν
1763 2291 1817 2356 καὶ

430 2396 599 2488 άνάρθητε,
615 2396 712 2462 πύλαι
730 2397 858 2474 αίώνιοι,
876 2397 929 2462 καί
946 2397 1106 2462 ἐλεύσεται
1121 2401 1137 2460 ό
1155 2395 1301 2482 βασιλεὺς
1318 2408 1375 2473 τῆς
1394 2387 1496 2475 δόξης,
1515 2397 1624 2487 Κύριος
1640 2408 1703 2463 τῶν
1725 2389 1817 2464 δυνά-

434 2528 527 2595 μεων,
552 2504 645 2582 αὑτός
668 2509 752 2570 ἐστιν
777 2499 865 2581 οὗτος
889 2509 905 2568 ό
931 2504 1074 2589 βασιλεὺς
1099 2515 1155 2580 τῆς
1181 2496 1273 2583 δόξης
1298 2507 1359 2591 (ps.
1384 2526 1479 2588 xxm,
1504 2509 1535 2588 9,
1562 2509 1626 2590 16).

357 2615 414 2682 fol.
430 2616 496 2680 288
520 2615 580 2681 col.
608 2618 639 2696 2,
663 2616 703 2682 ed
726 2616 846 2682 Esdrae
862 2615 918 2681 lib.
941 2635 990 2696 ιιι,
1015 2635 1150 2695 c.1v‚v.
1168 2615 1221 2694 38,
1245 2615 1307 2680 4οι
1332 2599 1412 2677 Οὐδὲ
1437 2603 1588 2703 διαφθορά
1611 2613 1692 2698 (edd.
1717 2615 1817 2682 643Β

448 2710 607 2811 διαφορά).

358 2829 419 2898 col.
434 2832 465 2912 4,
489 2835 562 2915 post
586 2853 633 2916 ps.
658 2849 773 2910 xovrrr,
800 2832 815 2894 l
841 2827 923 2915 (edd.
948 2831 1011 2896 649
1024 2828 1066 2911 Α)
1090 2830 1161 2896 add.
1185 2829 1294 2919 Κύριος
1319 2831 1350 2894 ἐν
1376 2827 1456 2894 Σιὼν
1481 2828 1599 2919 μέγας,
1624 2829 1678 2893 καί
1701 2825 1818 2918 ὑψηλός

432 2940 517 3001 ἐστιν
542 2937 592 3002 ἐπὶ
615 2937 737 3012 πάντας
760 2934 833 3011 τοὺς
856 2933 949 3011 λαοὺς
975 2939 1035 3022 (ps.
1059 2956 1216 3020 tumn,
1242 2941 1286 3020 2).

357 3045 414 3112 fol.
432 3046 508 3125 289,
532 3051 605 3130 post
627 3067 675 3131 ps.
700 3065 793 3126 cxxi,
817 3047 837 3111 2
861 3046 944 3128 (edd.
967 3043 1007 3127 B)
1032 3045 1102 3110 edd.
1127 3045 1245 3134 Κρίνειν
1262 3044 1318 3109 τόν
1334 3043 1411 3110 λαόν
1429 3065 1484 3108 σου
1501 3047 1532 3109 ἐν
1558 3034 1739 3134 δικαιοσύνῃ
1766 3046 1821 3111 καί

438 3149 510 3227 τούς
534 3151 680 3242 πτωχούς
705 3175 759 3217 σου
783 3156 814 3217 ἐν
838 3153 935 3242 κρίσει
959 3155 1018 3237 (με.
1043 3171 1144 3230 uxxu,
1169 3155 1213 3236 2).

358 3260 436 3326 Post
459 3283 508 3346 ps.
532 3264 664 3343 xxur,9
689 3261 772 3342 (edd.
796 3262 833 3343 C)
858 3262 928 3327 add.
953 3259 1061 3350 Κύριος
1086 3261 1233 3350 κραταιός
1257 3259 1311 3324 καί
1335 3250 1466 3336 δυνατός
1490 3263 1521 3325 ἐν
1544 3264 1685 3350 πολεμῷ.

359 3367 437 3435 Post
458 3391 508 3453 ps.
533 3389 614 3451 xvir,
638 3371 677 3436 51
706 3369 789 3452 (edd.
812 3370 869 3451 ib.)
895 3369 964 3436 add.
989 3373 1042 3451 Τῷ
1066 3358 1162 3432 Δαυὶδ
1186 3369 1307 3453 καὶτῷ
1332 3368 1488 3459 σπέρματι
1511 3369 1594 3434 οίκον
1622 3370 1676 3447 ἕως
1701 3375 1819 3450 αἰῶνος.

271 3477 454 3544 Thesaurus
477 3477 594 3544 desinit
615 3477 662 3544 iol
686 3479 750 3544 291
775 3477 846 3544 init.
870 3476 930 3543 col.
957 3478 988 3542 2.

842 3800 986 3868 CODEX
1009 3799 1252 3868 JANUENSIS

318 4014 580 4101 Quandoquidem
603 4017 637 4082 in
660 4016 721 4083 hoc
743 4020 832 4082 tomo
856 4036 920 4081 non
943 4015 1051 4097 semel,
1076 4015 1130 4083 sed
1154 4015 1281 4096 iterum,
1297 4015 1478 4102 iterumque
1493 4018 1591 4084 codex
1607 4017 1662 4084 ille
1685 4017 1820 4102 insignis

274 4124 314 4190 ad
337 4146 467 4192 censum
488 4129 634 4191 nostrum
657 4125 869 4206 revocabitur,
886 4124 942 4190 abs
967 4145 999 4190 re
1015 4145 1080 4190 non
1096 4124 1159 4190 erit
1174 4146 1247 4190 eum
1263 4147 1321 4208 per
1336 4125 1464 4212 singula
1480 4125 1559 4191 folia
1573 4147 1710 4206 versare,
1728 4147 1823 4191 excu-

275 4235 344 4298 tere
374 4234 408 4297 et
437 4231 625 4313 describere,
659 4235 756 4316 atque
789 4231 886 4296 etiam
909 4231 1060 4298 asterisco
1089 4238 1202 4298 notare
1228 4254 1447 4318 quaecumque
1470 4232 1595 4299 nullum
1622 4232 1823 4300 adhucdum

274 4338 379 4406 lucem
401 4338 560 4405 viderunt.
585 4339 688 4406 Immo
712 4344 816 4406 totum
832 4339 992 4421 volumen,
1009 4340 1112 4407 densis
1128 4341 1268 4406 tenebris
1291 4341 1445 4408 hactenus
1468 4341 1591 4407 obitum
1608 4342 1739 4426 jaceret,
1763 4341 1824 4406 nisi

275 4447 388 4514 doctus
411 4447 461 4512 vir
485 4447 667 4526 canonicus,
692 4447 870 4515 Lndovicus
894 4447 1003 4514 Gressi
1026 4449 1183 4514 eruditam
1207 4449 1385 4534 scripsisset
1409 4447 1578 4534 epistolam
1594 4450 1633 4516 ad
1647 4449 1824 4535 Josephum

276 4554 491 4637 Baccharum,
516 4555 549 4620 in
574 4577 637 4640 qua
661 4556 802 4622 breviter
824 4555 975 4623 describit
990 4556 1079 4625 codd.
1103 4561 1219 4623 mastos
1243 4557 1383 4642 ejusdem
1400 4555 1622 4623 bibliothecae.
1647 4556 1825 4642 Supersunt

275 4663 384 4749 graeci
407 4685 540 4729 numero
563 4664 777 4750 quadraginta
799 4686 838 4730 ex
855 4665 987 4749 antiqua
1003 4668 1037 4730 et
1052 4664 1155 4730 multo
1174 4665 1385 4750 locupletiore
1402 4663 1633 4750 suppellectile,
1649 4686 1730 4750 quae
1748 4663 1825 4732 olim

276 4774 412 4838 centena
435 4771 599 4838 volumina
621 4771 742 4858 pluries
765 4773 911 4854 excessit,
934 4773 990 4838 sed
1013 4772 1092 4838 adeo
1115 4772 1278 4858 dissipata,
1294 4777 1332 4838 ut
1355 4773 1452 4838 etiam
1468 4771 1692 4839 solertissimos
1709 4773 1826 4840 biblio·

278 4879 448 4948 thecarum
470 4884 649 4961 venatores,
671 4881 826 4965 ipsosmet
848 4880 1072 4947 Mabilloninm
1088 4885 1121 4946 et
1137 4879 1432 4960 Monteialconium,
1453 4879 1624 4945 thesaurus
1647 4878 1827 4946 Genuensis

277 5008 316 5052 ex
338 4986 466 5072 integro
488 4985 614 5054 lateret.
638 4987 770 5054 Utinam
794 4987 834 5053 cl.
858 5010 888 5052 ι.
914 4987 1024 5054 Graasi
1046 4989 1162 5054 notitia
1188 4987 1294 5054 brevis
1316 4989 1386 5072 ipsa
1414 5009 1477 5053 non
1501 4987 1620 5068 lateat,
1644 4987 1770 5073 sepulta
1792 4987 1826 5053 in

278 5093 364 5160 libro
387 5095 561 5180 inscripto:
590 5095 702 5164 Guidu
725 5096 811 5164 della
835 5095 925 5164 uiuo
948 5095 1134 5164 crumena
1158 5096 1220 5162 vol.
1247 5098 1263 5162 1
1288 5118 1321 5181 p.
1345 5097 1410 5162 497
1425 5091 1461 5177 ¹),
1484 5096 1541 5162 ubi
1567 5095 1656 5162 locus
1679 5093 1826 5181 ampliori

317 5324 341 5400 ¹)
362 5323 459 5384 Οοιιιιο
476 5329 558 5385 nella
575 5329 728 5387 biblioteca
751 5331 831 5388 dello
857 5327 1675 5400 οοιιρν.ι1οι’1111.Μιεοίοιιαιίιιτόαηίάίθεηουσ,μ
1696 5325 1768 5382 1-27.
