3978 6070
321 514 374 573 128
801 502 1103 597 Metempsyclzosis
1120 505 1156 576 ιἰι
1176 506 1381 597 compendio.

320 681 379 751 τὴν
406 671 586 771 μεταόολην
602 676 804 764 ποιουμένων,
823 678 944 766 εἴρηται
958 676 1107 766 πρότερον
1124 675 1178 740 καὶ
1193 677 1343 748 εἴληπται
1359 676 1464 742 πάντα
1480 681 1515 741 ἑκ
1533 669 1705 767 διαιρέσεως
1720 683 1793 767 ἡμῖν
1815 678 1851 742 τά

321 781 386 860 είδη
406 799 463 863 τῆς
487 781 579 864 ζωῆς.
605 783 871 875 Συλλογισώμεθα
895 775 928 848 δὲ
952 785 1010 848 ὅσα
1033 785 1141 848 ἕπεται
1164 784 1286 860 τούτοις
1304 775 1520 875 δεδειγμένοις·
1541 779 1582 849 ὧν
1599 789 1666 850 ἐστι
1681 787 1705 872 ¹)
1728 795 1851 873 πρῶτον,

319 899 358 962 τό
374 895 430 972 τάς
443 901 484 969 είς
497 892 538 958 τά
556 893 658 984 ἄλογα
675 886 741 970 ζῶα
758 883 908 968 καθόδους
925 892 968 980 μὴ
986 887 1140 958 εἶναιτῶν
1158 885 1190 972 ἐξ
1207 895 1333 983 οὐρανοῦ
1347 891 1453 981 ψυχῶν
1472 899 1512 970 εἰς
1529 894 1646 985 γένεσιν
1662 899 1777 960 ίουσῶν·
1791 887 1853 959 οὐδέ

319 1004 380 1098 γάρ
405 993 514 1078 ἄνοδος
536 1007 556 1075 η
582 1006 622 1076 εἰς
647 1005 760 1066 ἐκεῖνον
785 1002 840 1065 τόν
864 1000 960 1065 τόπον
985 1006 1019 1066 ἑκ
1035 1010 1098 1065 τῶν
1116 995 1240 1094 ἀλόγων
1255 1001 1378 1092 γένοιτο
1395 1002 1443 1083 ἀν,
1460 1002 1530 1067 ἀλλ’
1552 1008 1592 1078 ὡς
1616 1004 1734 1092 εἴρηκεν
1759 1003 1853 1085 αὐτός,

279 1141 292 1180 ι
320 1111 373 1176 καί
389 1111 460 1175 ἄνευ
478 1109 658 1199 φιλοσοφίας
675 1108 693 1179 ἢ
713 1108 766 1171 καί
784 1117 845 1184 νοῦ,
862 1108 899 1172 τό
916 1131 952 1199 γε
968 1111 998 1173 ἐν
1016 1109 1194 1198 τεταγμένῃ
1212 1111 1358 1174 πολιτεία
1376 1101 1556 1194 βεθιωκέναι
1571 1108 1696 1186 πάντως
1716 1112 1853 1198 ἐχουσῶν·

320 1221 416 1296 οὕτως
440 1219 500 1311 γάρ
524 1218 578 1283 καὶ
601 1220 689 1284 ἔσται
712 1216 807 1282 πάλιν
825 1222 866 1292 εἰς
884 1218 920 1282 τό
937 1218 1079 1306 όμοιονή
1102 1219 1283 1306 μετοίκησις
1300 1219 1361 1282 ἀπό
1379 1218 1575 1308 τεταγμένης
1598 1217 1669 1308 παρ’
1695 1216 1855 1307 ἀνθρώποις
1940 1207 1941 1218 ’

320 1328 479 1402 πολιτείοις
503 1331 544 1402 εἰς
567 1323 661 1408 τὴνῖ)
679 1329 710 1391 ἐν
727 1335 772 1408 τῷ
788 1325 896 1413 κόσμῳ
914 1325 1113 1416 τεταγμένην
1128 1327 1302 1390 πολιτείαν·
1318 1326 1451 1399 τοιαύτη
1471 1317 1538 1399 δέη
1558 1335 1620 1391 τῶν
1642 1325 1712 1391 κατ’
1738 1328 1855 1417 οὐρανόν

318 1436 509 1526 περιῖόντων,
534 1436 612 1500 ὅπου
637 1435 719 1524 μήτε
744 1425 908 1517 ἀδικεῖται,
931 1434 1037 1498 πάντα
1062 1424 1094 1499 δέ
1118 1438 1148 1499 ἑν
1173 1435 1281 1525 κόσμῳ
1305 1435 1429 1526 φέρεται
1452 1435 1506 1499 καί
1529 1429 1626 1520 τέξει,
1651 1436 1705 1500 καί
1731 1430 1769 1521 ζῇ
1794 1435 1855 1524 μετ’

320 1545 467 1617 ἀλλήλων
485 1543 544 1615 τὴν
562 1542 671 1614 καινὴν
687 1537 782 1624 ζωὴν,
798 1542 853 1607 καί
868 1543 998 1618 ἕκαστος
1008 1540 1033 1626 ³)
1050 1541 1109 1610 τὴν
1127 1546 1239 1608 ἑαυτοῦ
1255 1545 1429 1634 παρέχεται
1446 1546 1668 1632 συμπλήρωσιν
1684 1550 1725 1620 εἰς
1738 1546 1775 1610 τὸ
1792 1546 1857 1608 όλον

320 1652 362 1719 τά
384 1657 497 1719 ἑαυτοῦ
519 1652 674 1743 πράττον,
699 1651 752 1716 καί
774 1650 804 1716 έν
829 1643 977 1724 έπιτιίδευ

320 1872 343 1937 f.
363 1872 442 1938 179:
461 1871 518 1958 [μα
542 1870 608 1959 ἔχει
623 1892 682 1958 προ
697 1921 704 1937 .
719 1922 726 1937 .
742 1922 749 1936 .
764 1892 783 1933 α
799 1867 859 1958 γάρ
885 1857 950 1934 ἰδέα
974 1868 1173 1959 τεταγμένης
1197 1869 1264 1934 ἐστι
1287 1870 1459 1951 πολιτείας,
1480 1873 1520 1946 ὡς
1544 1867 1672 1945 καὶτῆς
1692 1869 1858 1954 πολιτείας]

319 1976 441 2054 ταύτης
457 1980 487 2042 ἐν
503 1981 620 2068 οὐρανῷ
636 1978 683 2063 [τύ
700 1969 902 2068 παράδειγμα
919 1981 934 2040 ό
953 1976 1138 2066 Σωκρά)της
1155 1979 1260 2067 ἔλεγεν
1276 1975 1432 2066 τέταχθαι
1448 1989 1505 2054 τῆς
1523 1979 1651 2067 ἀρίστης
1664 1976 1700 2060 4)·
1718 1988 1859 2068 χωροῦσιν

321 2079 372 2151 οὐν
385 2090 426 2160 είς
440 2087 577 2175 οὐρανόν,
593 2087 648 2150 οὐκ
661 2085 722 2150 ἀπό
739 2095 801 2150 τῶν
819 2084 942 2174 ἀλόγων
957 2092 989 2148 αἱ
1001 2081 1098 2174 ψυχαί
1110 2079 1206 2163 ζώων·
1219 2084 1407 2176 πορρώτατα
1420 2085 1479 2176 γάρ
1492 2097 1596 2151 ταῦτα
1605 2083 1630 2168 ³)
1643 2096 1706 2150 τῶν
1721 2089 1860 2176 οὐρανίων

321 2187 419 2272 ζώων,
437 2201 499 2257 τῶν
516 2202 586 2257 νοῦν
601 2189 625 2282 6)
642 2193 840 2282 μιμουμένων
857 2190 899 2258 τά
915 2191 1084 2284 ἄμοιρα...
1097 2203 1160 2258 τῶν
1176 2192 1283 2277 κύκλῳ
1300 2193 1486 2283 κινουμένων
1501 2193 1543 2260 τά
1558 2199 1600 2271 είς
1616 2205 1676 2284 γῆν
1694 2197 1860 2276 κόπτοντα,

280 2330 292 2366 ο
320 2310 382 2366 τῶν
408 2300 455 2365 ἀεὶ
471 2300 672 2392 τεταγμένων
689 2299 731 2364 τά
749 2300 797 2364 ἀεὶ
815 2310 855 2385 τῇ
875 2302 977 2364 αὐτῶν
994 2299 1081 2389 φύσει
1098 2299 1235 2378 ἄτακτα,
1251 2311 1310 2376 τῆς
1328 2295 1508 2390 μεταύολῆς
1524 2313 1689 2392 πανταχοῦ
1707 2293 1749 2366 δι’
1766 2305 1862 2392 ὁμοιό-

320 2433 407 2484 τητα
423 2410 597 2501 γενομένης.
613 2449 654 2460 -
667 2414 702 2473 Ei
720 2401 753 2474 δὲ
769 2414 788 2482 ἠ
806 2413 848 2484 εἰς
864 2409 990 2498 οὐρανόν
1008 2402 1107 2498 ἄφιξις
1124 2414 1180 2474 οὐκ
1197 2409 1258 2474 ἀπό
1275 2409 1392 2500 ἀλόγου
1409 2412 1528 2500 γίνεται
1545 2411 1708 2499 οἱχήσεως,
1723 2411 1793 2476 ἀλλ’
1807 2413 1862 2478 ἀπό

320 2519 520 2609 τεταγμένης
543 2519 714 2599 πολιτείας,
738 2521 778 2594 ὡς
803 2516 896 2592 αὐτός
920 2517 1028 2604 φησίν,
1052 2507 1183 2581 οὐδὲτὸ
1208 2515 1362 2581 ἀνάπαλιν
1387 2526 1449 2581 τῶν
1473 2510 1506 2594 ἐξ
1530 2521 1657 2608 οὐρανοῦ
1682 2528 1862 2598 κατιουσῶν,

321 2632 363 2704 εἰς
386 2626 489 2719 ἄλογα
512 2619 578 2703 ζῶα
601 2626 723 2716 γένοιτο
748 2624 784 2689 ἀν
802 2623 994 2714 μετάστασις
1011 2622 1137 2689 ἐκεῖθεν·
1155 2625 1209 2688 καί
1224 2623 1284 2715 γάρ
1301 2635 1396 2689 τοῦτο
1420 2615 1558 2716 διώρισεν
1584 2626 1688 2710 αὐτὸς,
1713 2627 1764 2690 ὅτι
1787 2624 1863 2690 κατά

320 2734 483 2808 συνήθειαν
507 2744 570 2798 τῶν
595 2732 765 2824 ἔμπροσθεν
798 2733 871 2816 βίων
902 2733 1064 2823 γίγνονται
1089 2743 1156 2808 ταῖς
1180 2731 1294 2822 ψυχαῖς
1326 2739 1358 2798 αἱ
1382 2733 1518 2822 αἱρέσεις.
1545 2736 1624 2799 Ποία
1657 2725 1692 2799 δέ
1723 2731 1862 2806 συνήθεια

321 2841 473 2935 συγγενὴς
496 2841 571 2932 πρός
596 2842 727 2930 ἀλογίαν
744 2840 837 2918 ἐστίν,
854 2842 1014 2915 πολιτείας
1032 2839 1224 2930 ἀνθρωπίνης
1240 2841 1454 2933 τεταγμένης;
1472 2841 1540 2906 ἐπεὶ
1556 2842 1610 2905 καί
1633 2843 1670 2907 τύ
1694 2843 1863 2932 τυραννίσιν

321 2953 506 3041 ἐπιτρέχειν,
531 2942 582 3015 διά
606 2949 648 3014 τά
664 2948 763 3039 κράτη
783 2959 846 3014 τῶν
862 2953 1008 3039 οὐρανίων
1026 2951 1189 3040 ἐγγέγονεν
1206 2961 1275 3024 ταῖς
1292 2943 1325 3028 ἐξ
1341 2954 1468 3040 οὐρανοῦ
1492 2949 1680 3026 κατιούσαις·
1704 2951 1864 3015 καὶτοῦτο

321 3063 356 3124 ἑκ
380 3059 542 3134 συνηθείας
566 3069 624 3134 τῆς
636 3059 658 3141 ⁷)
674 3057 745 3148 περί
768 3057 810 3122 τά
827 3057 962 3148 οὐράνια·
979 3060 1016 3123 τό
1034 3050 1068 3124 δέ
1084 3060 1162 3134 όλως
1179 3063 1221 3134 είς
1238 3057 1395 3148 ἄνθρωπον
1413 3069 1534 3148 χωρεῖν,
1551 3068 1609 3134 τῆς
1627 3061 1680 3122 ἀπ’
1697 3057 1862 3148 ἀνθρώπων

321 3173 363 3244 είς
386 3169 441 3232 τόν
466 3169 592 3258 οὐρανόν
617 3161 755 3257 ἀφίξεως·
781 3159 909 3257 μίξασαι
927 3161 978 3232 οὐν
996 3165 1190 3257 ἀνθρωπίνην
1207 3168 1380 3246 πολιτείαν,
1398 3168 1452 3232 καί
1475 3159 1605 3256 δύναμιν
1629 3166 1826 3256 αρατητικὴν
1841 3167 1862 3247 ⁸)

323 3281 365 3352 είς
389 3269 485 3367 ὄρεξιν
510 3287 568 3350 τῆς
592 3285 776 3365 τυραννικῆς
800 3274 1001 3349 κατέστησαν
1025 3271 1118 3355 ζωῆς,
1143 3278 1311 3364 ἀφελοῦσαι
1335 3276 1391 3365 μὲν
1414 3288 1472 3352 τῆς
1489 3275 1682 3367 ἀνθρωπίνης
1705 3277 1863 3349 πολιτείας

321 3386 359 3450 τό
383 3384 589 3478 τεταγμένον,
614 3386 687 3475 ὅπερ
712 3385 856 3457 ἐποίησεν
881 3383 978 3459 αὐτάς
1001 3394 1059 3459 τῆς
1083 3387 1114 3449 ἐν
1137 3386 1254 3472 οὐρανῷ
1276 3378 1395 3462 λήξεως
1410 3395 1529 3472 τυχεῖν·
1555 3394 1613 3459 τῆς
1637 3374 1725 3449 δὲέν
1751 3387 1863 3474 οὐρανῷ

322 3484 482 3581 δυνάμεως
507 3498 538 3557 αἱ
562 3493 713 3567 νοήσασαι
736 3491 778 3557 τά
795 3489 878 3556 κατά
895 3502 975 3577 νοῦν,
993 3483 1074 3556 διότι
1090 3491 1144 3556 καί
1159 3491 1231 3556 ἄνευ
1248 3500 1300 3557 νοῦ
1317 3494 1490 3565 πεποίηντο
1506 3489 1566 3565 τὴν
1591 3481 1712 3556 ἄνοδον·
1736 3501 1783 3575 τῷ
1808 3488 1862 3580 γάρ

322 3603 420 3690 ὁμοίῳ
444 3601 481 3666 τύ
506 3601 613 3692 όμοιον
629 3601 779 3692 γνωστόν.
797 3601 876 3665 ’Ότι
893 3600 947 3689 μὲν
965 3595 1016 3666 οὐν
1033 3599 1089 3677 τάς
1106 3599 1269 3691 οὐρανόθεν
1284 3600 1452 3678 κατιούσας
1476 3605 1517 3676 είς
1541 3600 1673 3691 γένεσιν,
1698 3603 1740 3675 εἰς
1766 3599 1863 3686 ἄλογα

321 3702 387 3786 ζῶα
406 3707 432 3795 ⁹)

321 3923 344 3990 f.
372 3927 433 3993 179
458 3948 507 3992 v.:
529 3925 651 4015 [χωρεῖν
669 3917 833 4008 ἀδύνατον,
859 3916 965 4000 δῆλον·
982 3925 1133 4016 ἑπομένου
1150 3917 1257 4002 δὲτὰς
1274 3931 1387 3992 ἐκτῶν
1404 3927 1556 4019 ὑπογείων
1573 3926 1678 3992 τόπων
1696 3937 1792 3992 τοῦτο
1816 3925 1859 4007 τό)

321 4031 419 4110 πάθος
443 4035 606 4125 ὑπομένειν
624 4031 673 4117 ¹⁰),
701 4024 764 4119 [διά
781 4034 836 4125 μέν
853 4033 893 4097 τά
912 4039 942 4100 έν
959 4027 1047 4120 ᾅδου]
1073 4026 1220 4125 δράματα
1236 4037 1289 4100 καί
1314 4035 1455 4124 μάλιστα
1472 4035 1514 4100 τά
1529 4035 1599 4125 περὶ
1622 4037 1677 4100 τόν
1701 4025 1864 4124 Ἀρδιαῖον,

322 4143 549 4233 έκτρεπομένας
573 4142 645 4217 τούς
668 4141 867 4232 τυραννικοὺς
885 4144 978 4227 βίους,
996 4143 1165 4232 φερομένας
1187 4135 1220 4209 δέ
1237 4145 1318 4233 ὅμως
1336 4149 1376 4218 ὡς
1400 4147 1522 4234 αὐχμοῦ
1540 4144 1594 4208 καί
1617 4143 1728 4219 κόνεως
1754 4139 1864 4232 μεστάς

323 4255 364 4327 εἰς
380 4248 437 4325 τάς
457 4248 583 4339 χθονίας
600 4243 681 4327 ζωάς
699 4251 752 4314 καὶ
768 4250 828 4314 τάν
845 4252 986 4342 ἀλογίαν,
1004 4243 1110 4322 δῆλον.
1129 4289 1169 4300 -
1187 4258 1255 4326 Πῶς
1273 4243 1306 4318 δέ
1323 4251 1381 4341 ἄρα
1400 4244 1622 4344 διεγίγνωσκεν
1646 4257 1661 4316 ό
1687 4249 1862 4340 θαυμαστός

293 4373 294 4376 ’
322 4358 442 4424 τούτων
468 4358 613 4450 ἄγγελος,
637 4361 686 4422 ότι
717 4353 896 4443 βεύιωκυῖαι
920 4359 1069 4450 πρότερον
1101 4355 1181 4434 ἦσαν
1214 4352 1282 4426 αἵδε
1310 4366 1342 4425 αί
1365 4357 1463 4451 ψυχαὶ
1487 4365 1621 4452 λογικῶν
1646 4354 1733 4438 ζώων
1760 4353 1861 4444 βίονθ

323 4465 466 4558 ἀλόγων;
489 4464 546 4540 τάς
572 4466 626 4554 μέν
650 4465 710 4556 γάρ
734 4467 891 4558 παρούσας
908 4473 1009 4533 αὐτῶν
1027 4467 1156 4558 αἱρέσεις
1172 4467 1263 4559 ἑώρα,
1281 4470 1335 4533 καί
1351 4475 1392 4546 εἰς
1417 4469 1514 4546 αὐτάς
1540 4472 1663 4554 βλέπων
1687 4467 1742 4532 καὶ
1766 4471 1807 4541 είς
1829 4463 1863 4526 τό

268 4603 295 4642 οε
322 4583 401 4658 πᾶν,
426 4565 555 4639 τοιῶνδε
578 4583 670 4640 τινῶν
697 4577 771 4660 βίων
796 4577 932 4641 οίστικύν
957 4577 1113 4667 ὐπάρχον,
1137 4577 1193 4656 τάς
1219 4569 1252 4642 δέ
1274 4579 1333 4668 πρό
1357 4587 1415 4653 τῆς
1440 4577 1597 4666 χιλιέτους
1619 4566 1764 4664 περιόδου
1788 4567 1863 4651 ζωᾶς

323 4685 436 4760 αὐτῶν,
462 4686 513 4770 ἀφ’
539 4675 580 4746 ὧν
605 4687 647 4760 είς
670 4682 727 4760 τάς
743 4683 818 4750 τότε
837 4684 993 4775 παρούσας
1010 4685 1116 4771 ᾔεσαν,
1132 4696 1196 4762 πῶς
1213 4684 1310 4775 ἑώρας
1328 4685 1382 4750 καί
1397 4683 1492 4750 πόθεν
1510 4679 1591 4775 εἶχεν
1612 4678 1750 4774 φράζειν,
1774 4686 1812 4756 ῶς
1835 4679 1863 4740 αἱ

362 4895 384 4970 ¹)
403 4897 441 4952 Η.
462 4902 488 4950 τὸ
509 4897 613 4969 πρῶτον.
1122 4901 1221 4958 tinuo:
1242 4901 1400 4974 μιμουμένων
1415 4906 1446 4954 τὰ
1459 4903 1492 4962 εἰς
1506 4904 1552 4973 γῶν
1566 4905 1621 4954 κτλ.
1639 4901 1709 4970 post
1728 4901 1761 4949 τὰ
1780 4898 1816 4946 ἀεί
1835 4892 1863 4959 τῇ
1940 4945 1941 4952 ,

361 4985 385 5057 ²)
403 4985 442 5040 M.
463 5003 518 5042 om.
538 4989 592 5044 τήν.
1123 4995 1214 5046 αὐτῶν.

360 5075 385 5148 ³)
403 5076 487 5132 Alias
506 5077 616 5131 ἕκαστον.
636 5075 706 5134 Mox
725 5077 764 5134 Μ.
783 5095 838 5136 om.
858 5077 947 5153 plura
1171 5081 1197 5154 Ἰ)
1215 5083 1252 5138 Η.
1272 5100 1329 5138 om.
1350 5087 1400 5143 τίς·

359 5165 382 5240 ⁴)
400 5167 439 5222 M.
460 5172 555 5238 ἀρετῆς.
577 5226 580 5232 ,
1170 5173 1193 5244 ⁸)
1211 5172 1249 5227 H.
1269 5173 1414 5228 κατ-στικιόν.

361 5254 386 5327 ⁵)
405 5255 443 5310 M·
463 5273 519 5312 om·
539 5261 626 5310 ταῦτα.
1170 5262 1193 5334 ⁹)
1211 5259 1252 5316 M.
1272 5279 1327 5316 om.
1346 5278 1441 5333 usque
1461 5257 1499 5316 ad
1518 5260 1647 5332 ὑπογείων.

360 5339 383 5414 ⁶)
403 5343 441 5399 Η.
459 5341 479 5399 f.
499 5345 659 5402 115.-M.
675 5346 751 5404 nihil
770 5366 893 5406 monens
912 5349 987 5422 legit
1006 5366 1071 5405 con·
1161 5345 1195 5424 ιο)
1213 5350 1252 5404 Μ.
1273 5351 1359 5422 μένειν.
