4006 6074
522 537 750 634 eridarium,
771 543 860 616 ἰοοκο
879 543 1082 614 daemonum
1101 546 1132 613 εἰ
1150 539 1257 614 trium
1269 539 1441 631 ρἰκῖίσιιικ.
1714 545 1750 604 ευ

205 711 264 783 τήν
281 716 323 788 εἰς
345 710 400 776 τόν
424 711 569 806 ύπόγειον
592 713 688 780 τόπον
705 707 922 804 κολαζομένων
939 705 1042 790 οὖσαν,
1058 710 1118 784 τήν
1136 717 1177 787 εἰς
1200 710 1330 803 γένεσιν,
1354 713 1468 800 ἀμφοῖν
1487 707 1651 799 μεσότητα
1674 734 1753 801 συμ-

204 823 392 911 πληροῦσαν,
416 819 436 895 ή
461 822 514 886 καί
537 822 639 899 άλλως
662 822 722 897 τήν
747 824 900 914 οὐρανίαν,
923 819 983 894 τήν
1007 820 1143 911 χθονίαν,
1166 819 1226 894 τήν
1250 818 1449 911 ύποχθονίαν,
1478 819 1512 900 ἀς
1536 825 1555 896 ή
1584 809 1750 891 δικαστική

205 924 305 1019 ψῆφος

205 1147 229 1214 f.
246 1147 288 1213 27
306 1170 348 1227 ν,
365 1147 399 1213 in
415 1147 533 1214 lacuna
549 1147 657 1229 simili,
673 1148 774 1216 immo
790 1153 886 1216 aucta
901 1171 1004 1234 usque
1021 1149 1061 1215 ad
1078 1173 1108 1214 v.
1133 1149 1172 1215 9:
1189 1144 1249 1220 τήν
1275 1146 1438 1236 μέσην...
1462 1154 1571 1224 ποινῆς
1589 1137 1687 1224 ἀξίας,
1705 1137 1753 1214 διδ

165 1290 177 1328 ⁵
206 1263 313 1318 τοῦ...
331 1244 371 1317 δι’
397 1255 499 1318 αύτῶν
524 1253 685 1344 τεττάρων
708 1254 794 1319 λέ...
818 1255 919 1320 κοινόν
937 1266 1079 1344 σημεῖον,
1096 1246 1215 1331 δυπλάς
1233 1248 1401 1344 ἀφ...εξεν
1425 1244 1513 1331 ὁδούς
1533 1256 1676 1345 ούρανίαν
1700 1255 1755 1320 καί

205 1359 487 1450 χθονίαν...καί...
505 1368 586 1439 ωλοῖς
603 1355 745 1430 καθόδων
758 1369 799 1440 εἰς
812 1364 929 1456 γένεο-ιν
945 1361 1029 1428 κατά
1043 1353 1157 1437 διπλῆν
1171 1361 1325 1454 ἑκατέρων
1340 1362 1607 1451 ἀποτελουμένων.
1621 1363 1682 1427 Καὶ
1694 1361 1754 1454 γάρ

206 1475 239 1533 αἱ
253 1463 359 1548 λήξεις
383 1463 539 1559 ὁρίζονται
561 1471 646 1562 παρά
669 1481 732 1536 τῶν
749 1473 803 1537 καὶ
820 1476 873 1538 ἀπ’
897 1473 1018 1538 ἐκείνων
1036 1477 1078 1549 εἰς
1094 1471 1154 1544 τήν
1178 1473 1305 1561 γε’νεσιν,
1323 1466 1409 1548 αὖθις
1426 1461 1492 1537 ὁδοὶ
1508 1473 1648 1564 γίνονται
1672 1471 1756 1563 μετά

205 1576 263 1654 τάς
284 1569 455 1669 περιόδους,
480 1577 514 1656 ἀς
539 1581 733 1669 ἀφωρίοαντο
756 1583 876 1645 ἐκεῖνοι.
894 1580 938 1644 Τό
956 1579 1011 1669 μέν
1028 1574 1079 1645 ούν
1096 1579 1150 1645 τδν
1169 1570 1325 1669 δαιμόνιον
1346 1579 1442 1646 τόπον
1466 1569 1655 1646 δικαστικῶν
1679 1574 1756 1645 εἶναι

205 1686 313 1769 τόπον,
337 1687 400 1751 ἀπό
426 1696 485 1752 τῶν
510 1691 540 1752 ἑν
565 1679 646 1770 τῷδε
661 1697 706 1772 τῷ
724 1687 810 1777 μύθῳ
826 1688 1061 1781 γεγραμμένων,
1078 1678 1174 1764 δῆλον
1192 1689 1396 1778 ἀφικνεῖσθαι,
1413 1688 1528 1779 φάντος
1553 1693 1648 1755 αὐτοῦ
1673 1687 1755 1778 μετά

152 1828 178 1866 ιο
205 1797 343 1879 πολλῶν,
367 1795 396 1870 ές
419 1818 491 1859 τινα
515 1785 673 1884 δαιμόνιον
690 1795 797 1874 τόπον,
817 1787 968 1872 δικαστάς
992 1787 1079 1862 δὲέν
1103 1800 1189 1880 αὐτῷ
1212 1796 1378 1872 καθῆσθαι·
1402 1799 1440 1864 τό
1464 1789 1498 1864 δέ
1522 1788 1620 1887 μηδὲν
1644 1808 1757 1862 τοῦτον

207 1892 358 1992 διαφέρειν
381 1913 439 1979 τῆς
463 1894 599 1992 τριόδου,
622 1904 677 1969 τόν
701 1906 731 1969 ἐν
748 1906 863 1996 Γοργίᾳ
879 1901 973 1992 μῦθον
989 1909 1073 1992 ἡμεῖς
1090 1894 1246 1971 διδάσκειν
1264 1906 1416 1995 φήσομεν·
1440 1907 1471 1970 έν
1495 1903 1555 1997 γάρ
1579 1915 1620 1989 τῇ
1642 1894 1755 1994 τριόδῳ

206 2008 363 2084 καθῆσθαι
379 2010 471 2100 φησίν
489 2015 603 2088 ἐκεῖνος
618 2011 690 2090 τούς
707 2004 868 2089 δικαστάς.
886 2018 921 2076 Εἰ
938 2003 971 2076 δέ
987 2016 1100 2089 ἐκεῖνος
1118 2013 1171 2077 καί
1186 2013 1241 2078 τόν
1258 2017 1396 2102 λειμῶνα
1411 2023 1451 2098 τῇ
1474 2004 1588 2102 τριόδῳ
1613 2008 1758 2100 συνῆψεν,

208 2117 300 2186 εἰπὼν
324 2123 355 2184 έν
379 2129 425 2202 τῷ
449 2123 577 2208 λειμῶνι
594 2110 730 2200 δικάζειν
748 2120 859 2198 αύτούς
875 2125 906 2186 έν
922 2131 962 2206 τῇ
981 2111 1105 2212 τριόδῳ,
1122 2120 1219 2186 παντί
1243 2113 1344 2194 δήπου
1368 2119 1523 2211 γνώριμον
1548 2121 1598 2184 ότι
1621 2117 1664 2184 τά
1686 2119 1757 2209 τρία

206 2227 261 2291 τόν
286 2227 380 2292 αὐτόν
405 2217 500 2300 δηλοῖ
513 2236 569 2292 τοῦ
586 2227 704 2316 κόσμου
721 2229 829 2312 τόπον,
846 2234 862 2294 ὁ
880 2221 1046 2318 δαιμόνιος,
1063 2235 1082 2303 ή
1101 2220 1233 2319 τρίοδος,
1251 2233 1266 2293 ό
1284 2226 1411 2318 λειμών·
1428 2221 1547 2318 μεταξύ
1572 2219 1606 2294 δέ
1629 2229 1757 2317 ούρανοῦ

153 2363 179 2402 ιι
208 2333 261 2398 καὶ
283 2344 342 2425 γῆς
367 2339 382 2398 ό
408 2325 576 2425 δαιμόνιος,
601 2337 682 2400 ὥστε
705 2335 759 2401 καί
782 2342 801 2410 ή
826 2328 947 2428 τρίοδος
971 2337 1024 2402 καὶ
1048 2336 1239 2428 όλειμών·ό
1260 2329 1293 2404 δέ
1318 2335 1409 2427 αἰθήρ
1434 2340 1502 2402 ἐστι
1527 2336 1618 2427 μόνος
1642 2339 1757 2425 ἀμφοῖν

209 2443 318 2530 μέσος,
342 2447 382 2517 ὡς
406 2433 563 2508 δέδεικται
587 2433 638 2507 διά
662 2453 724 2508 τῶν
748 2445 779 2508 ἐν
805 2435 943 2510 Φαίδωνι
966 2445 1202 2536 γεγραμμένων,
1227 2447 1261 2509 ού
1285 2445 1367 2521 τινός
1390 2455 1467 2534 γῆς,
1493 2441 1576 2508 ἀλλά
1600 2453 1658 2518 τῆς
1682 2443 1758 2517 ὅλης

208 2550 479 2640 ὑπερηπλωμένος,
503 2551 557 2616 καί
580 2561 635 2617 τοῦ
659 2555 787 2643 ούρανοῦ
810 2554 927 2630 παντός
943 2553 996 2618 ὤν·
1014 2544 1061 2618 διό
1077 2553 1132 2618 καί
1147 2558 1289 2618 αἰτιοῖται
1312 2551 1384 2628 τούς
1407 2550 1553 2634 πολλοὺς,
1577 2555 1619 2627 εἰς
1642 2549 1758 2615 ταοτόν

209 2655 344 2747 ἀγοντας
369 2656 475 2749 αἰθέρα
499 2656 553 2722 καί
575 2659 714 2750 ούρανόν·
739 2659 824 2726 ἔστιν
848 2659 908 2752 ἀρα
931 2661 985 2726 καί
1008 2665 1024 2725 ὁ
1048 2651 1206 2750 δαιμόνιος
1230 2660 1326 2736 τόπος
1349 2659 1404 2725 καί
1427 2663 1443 2724 ὁ
1463 2657 1580 2750 λειμὼν

209 2875 235 2941 f.
252 2876 305 2955 28,
322 2897 406 2942 vers,
424 2877 444 2941 8
462 2877 529 2942 dire
546 2877 730 2963 absumpti:
749 2876 896 2968 γενέσεως
910 2927 917 2941 .
931 2926 937 2940 .
952 2926 959 2941 .
973 2876 1141 2967 φερομένης
1156 2873 1272 2966 φύσεως
1287 2925 1293 2939 .
1309 2925 1336 2938 ..
1354 2874 1390 2939 τό
1408 2873 1467 2964 ἀήρ
1485 2873 1592 2938 καὶτὸ
1611 2861 1691 2964 ὕδωρ
1707 2872 1762 2937 καί

153 3006 181 3044 ιο
208 2986 228 3055 ή
253 2991 295 3073 γῆ
313 2987 388 3072 παρ’
407 2977 450 3058 οἷς
465 3032 472 3047 .
486 3032 492 3047 .
507 3032 513 3047 .
527 2983 621 3060 νέσεις
639 2975 678 3048 δι’
696 2984 870 3077 ὑγρότητος
886 2985 1134 3077 ἐπιτελούμεναι·
1151 2984 1205 3048 καί
1223 2993 1278 3049 τοῦ
1302 2983 1476 3055 ἐπικτήτου
1501 2979 1705 3072 θερμότητος.
1723 2983 1761 3043 Εἰ

210 3081 244 3154 δέ
255 3088 309 3154 καί
320 3089 481 3180 προσέχων
493 3097 533 3167 εἰς
550 3090 609 3166 τὴν
627 3093 817 3168 σεληνιακὴν
834 3095 1012 3184 ἀνήρτηται
1028 3103 1159 3184 σφαῖραν
1171 3091 1206 3178 1),
1223 3094 1254 3158 ἐν
1268 3087 1287 3179 ᾗ
1302 3102 1360 3167 τῆς
1374 3090 1522 3182 γενέσεως
1537 3090 1636 3155 αἰτίαι
1647 3087 1761 3165 πάσης,

209 3197 263 3264 καί
286 3203 326 3274 ὡς
350 3201 443 3288 φησίν
467 3224 516 3276 τις
541 3201 616 3291 ἰερδς
639 3202 743 3293 λόγος·

530 3417 573 3482 Τό
599 3418 755 3482 αύτοπτον
780 3416 914 3508 ἄγαλμα
936 3433 977 3489 -ζζ-
999 3427 1057 3495 τῆς
1082 3414 1198 3506 φύσεως
1221 3413 1421 3506 προσλάμπει
1435 3414 1473 3497 9),

212 3624 308 3707 δῆλον
338 3625 491 3707 δήπουθεν
516 3633 566 3698 ότι
589 3632 643 3698 καὶ
665 3631 768 3720 ταύτῃ
793 3630 909 3722 λειμὼν
933 3632 1060 3709 εἰκότως
1084 3624 1285 3721 ὀνομάζεται,
1311 3617 1478 3716 δεξάμενος
1502 3624 1617 3692 ἐκεῖθεν
1641 3633 1763 3716 πρῶτος

156 3775 183 3814 2⁵
211 3740 269 3819 τάς
290 3732 440 3832 προόδους
464 3751 527 3806 τῶν
551 3740 610 3813 τήν
636 3741 754 3831 γένεσιν
778 3740 1034 3832 συγκροτοόντων
1057 3737 1264 3828 πνευμάτων·
1288 3736 1342 3801 καί
1371 3726 1409 3807 δή
1435 3735 1489 3799 καί
1512 3721 1632 3823 τρίοδος
1657 3728 1764 3822 ψυχῶν

211 3853 328 3939 τριπλᾶ
354 3849 621 3941 προστησαμένων
654 3841 719 3923 εἰδη
753 3843 834 3928 ζωῆς
867 3845 951 3913 κατά
978 3848 1034 3913 τόν
1065 3845 1153 3937 ὀρθόν
1180 3845 1275 3937 λόγον
1303 3841 1577 3933 προσαγορεύεται,
1605 3844 1764 3918 ἀνιουσῶν,
1843 3849 1846 3854 ’

211 3968 402 4040 πιπτουσῶν,
428 3949 760 4046 καταδεδικασμένων·
784 3957 838 4022 καί
860 3958 898 4022 τό
922 3957 1045 4047 τρίτον,
1072 3947 1228 4044 δαιμόνιος
1252 3953 1358 4029 τόπος,
1382 3957 1422 4028 ὡς
1446 3950 1506 4023 τήν
1532 3950 1629 4040 μέσην
1658 3947 1764 4039 χώραν

212 4078 267 4133 τοῦ
291 4067 410 4156 κόσμου
433 4065 552 4156 λαχών·
569 4066 669 4131 πάλαι
685 4065 745 4159 γάρ
761 4066 834 4142 τοὺς
852 4055 1001 4155 δαίμονας
1025 4063 1079 4128 καί
1101 4068 1121 4136 ή
1140 4061 1306 4150 μαντινική
1321 4059 1348 4143 ³)
1366 4052 1436 4137 ξένη
1461 4069 1525 4123 τῶν
1545 4081 1582 4123 τε
1599 4055 1764 4121 ἀθανάτων

213 4177 324 4265 μέσους
349 4177 482 4265 ὡρίσατο
507 4174 646 4238 καὶτῶν
678 4173 800 4248 θνητῶν
824 4171 988 4263 ὑπάρχειν·
1014 4169 1104 4259 μέσος
1129 4159 1163 4233 δέ
1185 4166 1241 4231 καὶ
1263 4171 1279 4230 ό
1303 4164 1411 4256 αἰθήρ,
1437 4164 1619 4255 ἀμφοτέρων
1642 4161 1763 4228 τούτων

159 4313 187 4351 εο
215 4287 306 4350 ἐστίν.
331 4289 367 4347 Εἰ
391 4274 424 4348 δέ
441 4275 479 4356 δή
498 4283 553 4348 καί
568 4283 641 4357 τοὺς
658 4287 688 4348 ὲν
706 4292 746 4366 τῇ
765 4271 940 4370 Ἐπινομίδι
963 4279 1076 4367 λόγους
1093 4301 1141 4352 τις
1158 4275 1317 4366 πρόσοιτο,
1334 4285 1379 4358 τῷ
1395 4271 1492 4364 αἰθέρι
1515 4271 1587 4349 τούς
1611 4261 1762 4360 δαίμονας

215 4383 417 4477 ἀποδιδούσῃ,
441 4391 495 4454 καὶ
518 4402 587 4467 ταῖς
604 4414 640 4457 τε
656 4389 835 4463 αἰσθήσεσιν
853 4382 1009 4478 όξυτέραις
1026 4386 1080 4451 καί
1104 4395 1173 4462 ταῖς
1197 4375 1393 4457 διανοήσεσιν
1414 4380 1592 4472 ἀχράντοις,
1618 4372 1764 4468 μειζόνως

214 4499 348 4590 λεγούσῃ
371 4498 412 4563 τά
430 4498 607 4592 ἀνθρώπινα
622 4497 767 4590 καθορᾶν,
783 4497 908 4574 πάντως
925 4487 1026 4570 δήπου
1043 4498 1168 4560 κάκτῶν
1185 4497 1216 4558 ἐν
1234 4494 1334 4577 ἐκείνῃ
1351 4488 1587 4583 γεγραμμένων,
1605 4477 1764 4576 δαιμόνιον

214 4607 311 4672 τόπον
336 4607 390 4672 τόν
408 4604 514 4696 αἰθέρα
529 4605 675 4699 λέγεσθαι
697 4603 782 4695 παρά
798 4614 854 4670 τοῦ
870 4601 1049 4687 Πλάτωνος,
1066 4603 1122 4667 οὐκ
1146 4599 1370 4689 ἀπιστήσομεν·
1387 4595 1457 4662 ἀλλ’
1479 4601 1499 4671 ή
1527 4593 1582 4685 μέν
1607 4593 1767 4683 Ἐπινομίς

215 4717 332 4794 νοθείας

162 4955 188 4994 ³⁵
216 4934 240 5000 f.
257 4935 299 5000 28
317 4957 358 5013 ν.,
384 4933 497 5000 eadem
519 4931 653 4998 lacuna:
676 4927 880 5018 ὀμμάτων...
906 4919 1059 5018 ψευδῆ...
1085 4925 1164 5018 ἀμφὶ
1187 4922 1340 5013 Πατέριον
1365 4913 1524 5012 ἐξηγητάς
1549 4907 1685 5007 ἀνδρ[ας]
1713 4911 1768 5006 μέν

217 5031 341 5119 ἀϊδίους,
360 5030 441 5105 διότι
457 5039 510 5103 καὶ
526 5034 626 5126 ψυχάς
644 5027 828 5124 εὐδαίμονας
845 5038 959 5102 ἐκείνου
977 5033 1087 5126 ἀνάγει
1103 5035 1158 5100 τόν
1176 5030 1294 5122 αἰθέρα,
1314 5029 1368 5095 καί
1383 5029 1439 5095 τόν
1456 5016 1606 5092 Φαίδωνα
1624 5020 1766 5113 μάρτυρα

256 5289 279 5364 ¹)
299 5287 342 5347 Cf.
360 5286 442 5360 Maii,
460 5291 548 5360 Hesp.
567 5302 599 5360 11,
618 5288 680 5360 222,
699 5291 759 5344 ησύ.
777 5289 804 5344 4.
1056 5284 1080 5358 ³)
1099 5283 1212 5340 Iterum
1231 5280 1372 5352 μαντινική,
1390 5276 1438 5334 uti
1460 5276 1525 5351 jam
1543 5293 1570 5348 p.
1590 5273 1625 5329 15
1643 5271 1693 5328 lin.
1712 5269 1767 5326 ult.

256 5380 279 5454 ἰ)
298 5379 363 5436 Ηοο
375 5376 466 5436 etiam
483 5377 559 5435 adde
573 5378 710 5436 oraculis
721 5375 806 5433 Rich.
819 5374 966 5434 Ησιιόεεε.
1020 5373 1090 5430 fort.
1108 5369 1338 5441 testiinonium,
1353 5367 1452 5425 deleta
1464 5371 1543 5424 σοῖο.
1556 5364 1615 5424 Sed
1626 5362 1663 5419 οῖ.
1682 5379 1710 5434 p.
1724 5359 1768 5414 18.
