4006 6074
321 514 373 571 158
904 495 1053 580 sancus
1071 497 1289 598 Auentinus

318 687 500 747 mercemur,
519 679 661 747 ntegrum
677 674 742 748 jem
760 691 916 732 numerum
938 692 1062 732 suorum
1116 693 1193 749 queo
1212 693 1267 733 sue
1286 679 1357 732 sunt
1374 675 1469 746 nobis,
1488 669 1540 750 qni
1560 671 1692 752 seipsum
1717 675 1859 754 dignutus

317 766 427 841 pignus
446 764 692 823 tenemuszdebit
704 765 817 837 ubsque
833 764 922 822 dubio
934 782 1062 838 regnum
1116 769 1165 822 eet
1183 762 1289 824 offerre
1308 764 1475 838 pronubis.

317 872 414 922 enum,
435 853 487 927 qui
504 853 639 927 proludit
656 852 833 926 sanguinem
852 869 949 912 suum.
971 854 1064 911 Debit
1419 855 1558 930 Explicit

975 1247 1196 1316 AUOTARIA

1079 1499 1105 1565 1.

618 1696 787 1766 Nonnulla
809 1695 1048 1779 desiderantur,
1071 1696 1140 1762 nisi
1162 1697 1327 1780 sequentia
1349 1697 1457 1766 otioso
1479 1700 1555 1767 sint.

352 1931 558 2004 Interroquto'o.
569 1959 605 1974 -
618 1930 701 1988 Deus
719 1929 770 1987 ubi
790 1929 859 1987 estl
1114 1929 1146 1988 in
1165 1927 1263 1987 Abrue
1276 1929 1360 1988 sinus
1373 1930 1459 2003 quusi
1472 1929 1738 2004 comprehensibile
1751 1947 1860 2004 corpus

350 2023 522 2093 Responsio.
535 2022 665 2078 -Deus
683 2037 743 2077 non
762 2019 871 2077 alicubi
890 2026 947 2076 cet.
974 2021 1061 2090 Quod
1114 2024 1145 2074 et
1162 2018 1258 2076 loculo
1277 2020 1480 2079 transfertur?
1492 2020 1644 2095 Quidquid
1656 2039 1728 2094 ergo
1746 2022 1859 2079 fectum

314 2111 424 2169 alicubi
443 2117 491 2170 cst
508 2111 677 2169 continetur
695 2110 776 2182 loco;
795 2110 874 2183 quod
891 2111 1061 2168 continetur
1113 2112 1169 2178 eet,
1199 2109 1325 2166 materie
1343 2116 1397 2168 eet
1416 2111 1457 2166 Et
1475 2110 1620 2184 quidquid
1647 2111 1775 2168 muteris
1802 2118 1857 2182 cst,

312 2202 387 2275 loco,
406 2219 514 2276 corpus
533 2207 589 2259 est.
1113 2214 1221 2270 corpus
1240 2215 1307 2256 esee
1327 2216 1385 2256 non
1407 2199 1530 2256 dubium
1549 2205 1604 2257 est.
1623 2202 1668 2256 Ac
1687 2201 1731 2258 eic
1759 2201 1856 2259 Deum

346 2293 553 2364 Interroqutio.
566 2290 723 2348 -Utrum
742 2289 843 2363 angeli
862 2291 999 2365 corporei
1020 2312 1057 2350 on
1112 2304 1170 2344 non
1191 2288 1297 2361 solum,
1317 2289 1437 2347 Putrem
1462 2308 1498 2347 ec
1516 2290 1626 2347 Filium
1654 2297 1685 2348 et
1713 2290 1857 2365 Spiritum

311 2379 478 2455 incorporei
496 2380 590 2438 eunt?
929 2383 931 2388 ’
1111 2382 1258 2448 sunctum,
1278 2377 1365 2451 cujus
1384 2378 1554 2435 substantie
1571 2396 1630 2436 non
1642 2376 1786 2452 lecturus,
1797 2396 1857 2435 non

348 2471 517 2540 Responsio.
530 2468 717 2544 —Gorporei
736 2475 815 2542 eunt,
834 2469 904 2546 quie.
921 2469 1007 2540 lecti3
1028 2473 1059 2527 et
1110 2466 1236 2539 tempori
1256 2465 1419 2540 subjacent,
1439 2467 1643 2543 incorporeum
1671 2486 1738 2526 esee
1767 2468 1860 2524 meni·

313 2557 595 2632 comprehensibiles
613 2565 685 2616 sunt
711 2559 819 2617 fectori
840 2577 902 2618 eno.
923 2560 1057 2627 Quorum
1108 2555 1292 2615 lestumcst:
1305 2558 1385 2616 sicut
1397 2558 1589 2616 scientissimi
1600 2559 1779 2616 Graecorum
1791 2559 1857 2616 dcc

311 2649 336 2705 si
355 2647 448 2722 eliqui
465 2649 497 2706 in
515 2666 638 2722 corpore
660 2668 719 2708 non
746 2657 856 2723 putent
869 2651 892 2724 ¹)
911 2669 977 2708 esse
1005 2668 1056 2708 uc·
1109 2649 1191 2702 tores
1210 2653 1357 2718 esserunt,
1377 2665 1504 2722 quorum
1523 2647 1565 2706 ite
1584 2649 1734 2706 sententis
1753 2657 1808 2706 eet.

309 2745 417 2798 turam,
430 2737 502 2810 qnid
515 2737 654 2809 estquod
667 2739 703 2795 de
717 2739 799 2796 00010
811 2739 978 2812 projectum
988 2738 1055 2796 aas?
1144 2731 1230 2790 Licet
1248 2733 1328 2792 enim
1351 2737 1577 2809 pronuntiemus
1598 2739 1758 2795 nonnullus
1784 2755 1852 2795 cese

309 2823 448 2895 quidest
475 2825 555 2898 quod
572 2843 626 2898 per
644 2833 766 2883 rustum
793 2843 893 2884 nerem
920 2825 1054 2884 decidit?
1111 2820 1262 2893 spiritales
1287 2831 1420 2895 neturus,
1439 2831 1474 2882 nt
1502 2833 1574 2883 eunt
1597 2826 1706 2899 angeli,
1734 2826 1855 2883 erchen-

309 2912 382 2985 quid
400 2920 448 2971 est
466 2914 547 2986 quod
566 2913 663 2972 sensit
690 2915 830 2972 ruinam?
848 2917 888 2972 Et
907 2916 980 2989 quid
1008 2923 1056 2976 eet
1108 2909 1179 2980 805,
1194 2917 1371 2985 omenque
1389 2914 1528 2986 virtutes,
1540 2915 1606 2989 ipse
1624 2932 1741 2988 quoquc
1754 2915 1853 2973 enimn

308 3004 389 3076 quod
407 3003 438 3061 in
456 3003 510 3061 illo
528 3004 598 3077 igne
616 3004 647 3061 in
667 3004 785 3062 diebolo
798 3010 829 3063 et
840 3006 968 3079 Angelis
987 3008 1054 3082 ejus
1108 3005 1219 3070 nostre,
1239 3000 1287 3056 vel
1306 3007 1387 3060 certe
1406 3019 1457 3060 ner
1475 3001 1533 3060 iste
1550 3002 1679 3076 subtilis,
1698 3013 1800 3061 umen
1811 3003 1853 3061 in·

309 3100 356 3153 cst
383 3099 588 3167 praeparetur,
608 3093 745 3152 ardebit?
771 3094 879 3151 Omnis
901 3095 976 3152 hoec
1000 3115 1054 3170 per
1107 3104 1265 3160 corporeae
1284 3090 1456 3149 nullatenus
1474 3093 1677 3150 cestimnndne
1700 3101 1779 3151 sunt.
1792 3095 1855 3151 Hc-

309 3183 509 3242 eubstentiem
529 3182 713 3256 corporalem
738 3183 910 3257 loquuntur.
928 3183 968 3240 Et
985 3183 1053 3242 ideo
1108 3177 1180 3234 bunt
1199 3179 1278 3236 onim
1297 3181 1461 3238 secundm
1486 3201 1519 3240 ee
1541 3201 1648 3257 corpus
1672 3201 1732 3256 quo
1756 3185 1853 3242 subsi-

307 3273 460 3348 epiriteles
478 3271 508 3328 in
530 3270 725 3329 terrestribus
745 3271 809 3329 eive
825 3271 857 3328 in
870 3271 1053 3330 coelestibus
1107 3272 1204 3339 stunt5
1216 3268 1288 3327 licet
1301 3271 1395 3326 multo
1409 3270 1551 3329 subtilius
1563 3290 1652 3345 quern
1662 3278 1766 3330 nostre
1779 3281 1851 3329 sunt

308 3367 483 3435 potestates,
503 3360 561 3418 etei
585 3378 645 3418 non
672 3365 775 3418 nostro
801 3366 933 3434 aspectu,
952 3366 1052 3417 temen
1107 3375 1238 3431 corpore,
1261 3361 1424 3418 secundum
1449 3363 1585 3436 Apostoli
1604 3361 1790 3434 sententium,
1809 3363 1852 3421 ite

307 3457 417 3509 notura
435 3467 491 3507 sue
509 3451 625 3508 auctori
644 3467 700 3506 sno
719 3455 858 3506 constent
870 3465 938 3506 esse
951 3467 1054 3523 corpo·
1107 3445 1223 3504 dicens:
1241 3467 1259 3502 ε
1271 3448 1311 3504 Et
1330 3467 1453 3523 corpore
1479 3450 1626 3524 coelestin
1653 3456 1686 3509 et
1709 3467 1851 3525 corpores

306 3559 383 3600 reee.
403 3541 554 3615 Quidquid
578 3557 650 3613 ergo
668 3539 718 3597 vel
745 3543 886 3612 tempore,
913 3540 963 3598 vel
988 3539 1052 3596 loco
1107 3537 1288 3595 terrestria»
1302 3539 1335 3613 ⁸).
1347 3539 1387 3596 Et
1398 3539 1730 3599 iternmteseminetur
1743 3557 1850 3612 corpus

306 3623 509 3689 circnmsciibi
526 3636 632 3705 potest,
656 3630 715 3689 etsi
732 3648 792 3687 non
805 3629 932 3702 cernale,
951 3635 1053 3687 umen
1108 3627 1243 3700 enirnnle,
1264 3627 1364 3702 surgit
1383 3617 1490 3702 corpus
1510 3628 1644 3702 spiritale
1656 3631 1718 3704 ε’),
1742 3629 1849 3701 quibus

306 3739 415 3796 corpus
434 3722 588 3796 spirituale
608 3735 677 3780 esee
694 3720 887 3779 menifestum
899 3727 954 3778 eet
973 3720 1052 3789 Quid
1106 3716 1265 3775 munileste
1284 3717 1437 3791 colligitur
1455 3717 1530 3776 nihil
1548 3734 1615 3776 esee
1633 3717 1847 3792 incorporeum,

308 3811 408 3870 enimc
434 3813 515 3870 beuti
542 3812 671 3869 Lonoril
700 3811 852 3886 Numquid
880 3812 1053 3884 incorporee
1107 3805 1166 3864 uisi
1184 3807 1282 3863 Deum
1301 3807 1398 3864 solum
1410 3809 1441 3880 ⁴).

305 3899 402 3958 luisse
420 3899 568 3958 credendo
586 3909 642 3968 eet,
663 3917 741 3973 queo
753 3901 790 3958 de
803 3917 922 3957 carcere
942 3899 1052 3957 educte

305 4006 455 4064 corporeo,
474 3989 651 4062 nngelorum
679 3988 841 4063 suscipitur
862 3987 1001 4046 menibus
1020 3991 1053 4045 et
1402 3985 1542 4060 Explicit.

342 4219 366 4294 ¹)
385 4219 455 4278 coc.
474 4224 643 4292 amputant.
1104 4219 1177 4278 lieni
1195 4220 1315 4295 referri;
1333 4221 1490 4281 innumere
1508 4219 1632 4282 veniunt
1651 4239 1667 4280 e
1686 4228 1791 4281 contre
1808 4239 1846 4281 ex

343 4311 366 4382 ⁸)
384 4325 396 4366 1
415 4309 479 4366 Cor.
498 4325 548 4382 xv,
566 4311 610 4366 40.
1104 4312 1275 4385 Augustino
1295 4312 1482 4387 conferendo,
1501 4331 1529 4372 r.
1542 4331 1579 4387 g.,
1593 4315 1637 4372 Do
1650 4315 1752 4370 ouium
1768 4319 1846 4384 tur,

340 4400 364 4473 ³)
383 4416 394 4455 1
413 4399 471 4456 Oor
488 4417 537 4473 xv,
556 4401 600 4458 44.
1102 4421 1131 4476 p,
1144 4401 1206 4474 363,
1220 4403 1281 4476 664,
1294 4403 1355 4475 366,
1369 4404 1504 4476 eremo,
1518 4405 1642 4461 tenete
1661 4405 1706 4462 De
1724 4404 1845 4476 eupolis,

341 4493 364 4563 ⁴)
383 4491 429 4548 Ex
443 4489 552 4564 quibus
564 4488 724 4549 manifeste
743 4488 896 4564 colligitur
905 4489 979 4548 heec
990 4508 1049 4548 uon
1102 4508 1161 4564 quo
1180 4509 1273 4550 sensu
1291 4493 1425 4566 corporei
1437 4493 1577 4551 dicuntur
1590 4491 1627 4549 cf.
1645 4499 1667 4549 t
1685 4506 1706 4560 1,
1726 4491 1795 4563 626;
1814 4506 1846 4561 11,

304 4595 372 4636 esee
383 4579 557 4654 Augustini,
569 4579 789 4654 sedhicpotius
800 4597 922 4638 sensum
931 4580 1048 4637 'l'ertul-
1101 4581 1171 4655 3553
1189 4599 1229 4656 rr,
1251 4583 1322 4640 1094
1340 4589 1395 4640 eto.
