3944 6074
271 541 325 598 180
654 531 809 606 Socrates
827 533 868 604 cte
884 530 1003 622 fausta
1021 536 1051 603 et
1070 530 1224 622 infausta
1244 531 1429 604 nativitate.

270 701 494 785 ἐνεικονίζεται·
520 707 557 769 τὸ
574 705 633 795 γάρ
653 707 745 795 ῥητόν
764 703 882 793 ἀριθμῷ
900 729 936 768 τε
953 702 1135 791 κατέχεται,
1153 704 1207 766 καί
1223 703 1318 792 ρανόν
1336 708 1403 768 ἐστι
1420 715 1488 780 ταῖς
1506 715 1623 794 νοεραῗς
1646 697 1820 782 ἐπιόολαῖς,

270 806 400 904 πρόοδον
426 807 459 879 δέ
484 819 522 888 εἰς
547 817 584 877 τό
609 813 724 902 ἄλογον
750 805 828 885 εἶδος
853 823 910 886 τῆς
935 806 1016 890 ζωῆς
1043 810 1255 898 βαθυνομένην
1283 813 1510 901 ἀνεπιστρόρως
1543 814 1597 875 καί
1621 816 1821 878 ἐκτείνουσιν

270 923 396 988 ἑαυτόν·
416 929 454 996 ῶς
474 913 505 985 δὲ
523 913 706 991 συλλήθδην
724 924 830 1003 εἰπεῖν,
847 925 865 989 η
885 919 939 1005 μέν
957 917 1128 992 ἐκατοντάς
1148 923 1227 990 αῦτη
1234 944 1244 993 ς
1263 922 1345 982 ἐστιν
1364 918 1452 982 εἰκὼν
1467 929 1506 992 τῇ
1513 946 1523 994 ς
1537 929 1599 983 τῶν
1614 917 1719 1009 ψυχῶν
1738 917 1802 1000 ζωῇ
1809 949 1822 997 ς

270 1043 327 1104 τῆς
354 1031 570 1107 αθτοκινίτου,
590 1039 739 1117 προιοῧσα
764 1026 818 1114 μέν
837 1028 897 1090 ἀπό
915 1038 971 1100 τῆς
990 1017 1117 1100 δεκάδος
1138 1037 1385 1116 τετραγωνικῶς,
1402 1029 1587 1118 παράγουσα
1612 1021 1645 1093 δέ
1669 1031 1820 1105 ὡσαύτως

232 1167 244 1203 ι
271 1137 329 1205 τλν
349 1129 493 1225 μυριάδα,
511 1135 650 1225 γεννῶσά
667 1157 701 1198 τε
720 1125 758 1196 δι’
777 1135 907 1220 όμοιότη
920 1157 965 1208 τος
984 1135 1037 1196 καί
1053 1135 1242 1224 γεννωμένη,
1259 1135 1312 1197 καὶ
1329 1137 1366 1199 τό
1383 1138 1484 1223 νοερόν
1500 1133 1525 1221 ¹)
1542 1137 1746 1225 φυλάττουσα
1764 1149 1825 1213 της

272 1247 383 1318 οίκείας
409 1246 510 1317 αἰτίας
535 1247 565 1306 ἐν
591 1253 659 1317 ταῖς
683 1246 797 1317 ἑαυτῆς
822 1233 964 1330 προόδοις
981 1243 1035 1305 καί
1059 1237 1332 1332 τετραγωνίζουσα
1357 1243 1483 1318 ἑαυτὴν,
1510 1239 1602 1307 οὖσαν
1627 1247 1744 1320 ἐκείνης
1770 1270 1827 1310 τε·

272 1353 433 1441 τράγονον·
460 1357 478 1424 ἠ
506 1341 538 1414 δὲ
562 1341 898 1437 ἐθδομηκονταπεντάς
915 1353 999 1414 ἔστιν
1018 1351 1082 1439 μὲν,
1100 1351 1173 1440 πρός
1190 1362 1247 1425 τῆς
1266 1352 1382 1442 ἀλόγου
1400 1347 1480 1430 ζωῆς
1505 1353 1558 1416 καί
1583 1354 1820 1442 ἀνεπιστρόρου·

272 1471 459 1524 κοινωνοῦσα
484 1451 517 1523 δέ
540 1461 614 1548 πρός
639 1459 698 1529 την
725 1463 888 1547 ἀμείνονα,
913 1459 972 1532 τάν
997 1459 1052 1548 μέν
1078 1451 1115 1522 δι’
1141 1459 1329 1545 ὁμοιότητος
1353 1453 1484 1549 πρόοδον
1514 1461 1652 1550 ἐκραίνει
1681 1452 1732 1524 διά
1762 1469 1823 1524 τοῦ

273 1561 399 1632 κυόικοῦ
424 1578 486 1630 τῶν
511 1567 659 1655 ἀριθμῶν,
684 1567 743 1634 τλν
769 1559 801 1631 δὲ
826 1560 863 1631 δι’
891 1567 1116 1654 ἀνομοιότητος
1135 1559 1185 1630 διά
1203 1577 1257 1630 τοῦ
1274 1571 1394 1642 λοιποῦ,
1413 1567 1482 1631 καθ’
1501 1567 1539 1640 ἦν
1564 1569 1617 1631 καί
1641 1570 1677 1631 τό
1703 1568 1821 1658 ἄλογον

221 1701 245 1736 ιο
274 1679 370 1750 αὐτῆς
396 1675 537 1762 μάλιστα
555 1665 712 1738 δείκνυται
729 1675 782 1738 καί
801 1675 926 1764 ἀμοιρον
945 1685 1049 1764 νοερᾶς
1067 1677 1297 1750 αἰτοκινησίας·
1315 1668 1361 1739 διὸ
1379 1677 1432 1739 καί
1455 1686 1517 1739 τῶν
1544 1681 1695 1765 ἀρμονιῶν
1719 1683 1738 1749 η
1767 1679 1826 1764 μέν

273 1788 358 1848 ἐστιν
383 1782 483 1872 Ιρυχῆς
509 1790 548 1858 είς
573 1783 689 1854 ἑαυτὴν
714 1783 941 1874 ἐπιστρεθάσης
966 1784 1019 1848 καί
1037 1789 1066 1848 ἐν
1084 1789 1180 1866 ἑαυτῇ
1204 1783 1358 1873 σταθερῶς
1385 1777 1567 1873 ἱδρυθείσης,
1591 1791 1610 1854 η
1639 1775 1671 1849 δὲ
1688 1778 1827 1876 μιξάσης

275 1903 314 1977 τῇ
342 1892 424 1956 κατά
448 1893 542 1982 λόγον
568 1893 747 1981 ὁμοιότητι,
772 1891 830 1962 τάν
856 1893 940 1957 κατά
964 1895 1000 1957 τό
1020 1893 1133 1982 άλογον
1153 1892 1366 1979 ἀνομοιότητα
1391 1893 1443 1956 καί
1467 1905 1507 1977 τῇ
1534 1896 1737 1976 αὑτοκινησίᾳ
1762 1893 1828 1964 τὴν

275 2007 314 2076 είς
339 2003 377 2064 τό
401 2003 616 2090 ἐτεροκίνητον
642 2001 747 2091 ροράν·
771 2003 864 2091 λόγος
890 1991 923 2066 δέ
940 2003 1021 2089 ὅμως
1039 2001 1106 2064 ἐστὶ
1123 2000 1176 2062 καί
1193 1998 1313 2063 τοότων
1329 2001 1403 2089 πρὸς
1429 2001 1567 2082 ἀλληλα,
1592 1999 1653 2077 οἷος
1678 2003 1743 2090 [καί
1767 2014 1828 2066 τοῦ

275 2111 343 2194 (fol.
373 2113 447 2189 lat)
470 2108 623 2197 πυθμένος
647 2113 823 2199 ἐπιτρίτου·
849 2101 897 2172 δεῖ
919 2108 978 2200 γάρ
1003 2109 1056 2172 τόν
1082 2111 1112 2171 ἐν
1138 2111 1217 2192 ταῖς]
1244 2102 1337 2184 ζωαῖς
1361 2109 1456 2198 λόγον
1480 2109 1534 2171 καί
1560 2111 1634 2195 [τοῖς
1661 2112 1736 2192 βίοις
1761 2111 1828 2172 ἀπὸ

224 2232 249 2268 ¹⁵
276 2227 330 2280 τοῦ
354 2219 549 2307 ἐγκειμ.έ]νου
573 2229 612 2302 τῇ
640 2221 728 2302 οὐσίᾳ
752 2218 811 2289 τὴν
840 2209 981 2308 [πρόοδον
1007 2218 1111 2306 ἐχειν]·
1137 2215 1190 2278 καὶ
1214 2215 1273 2306 γάρ
1299 2221 1331 2278 αί
1361 2217 1511 2308 ἐνέργειαι
1543 2217 1597 2281 καὶ
1621 2222 1652 2282 αί
1677 2208 1826 2308 δυνάμεις

277 2327 399 2416 ἔκγονοι
423 2335 484 2389 τῶν
510 2329 619 2396 οὐσιῶν
645 2329 729 2395 εἰσίν,

1026 2652 1073 2720 Μ’.

324 2868 359 2932 Ὀ
385 2865 439 2955 μὲν
466 2868 525 2930 ἀπὸ
550 2877 604 2931 τοῦ
629 2869 789 2956 ἐπιτρίτου
812 2865 964 2955 πυθμένος
989 2867 1146 2956 προελθὼν
1166 2865 1290 2956 ἀριθμός
1315 2860 1522 2953 γεωμετρικός
1548 2867 1589 2936 εἰς
1613 2859 1669 2935 τάς
1694 2849 1747 2924 δύο
1772 2855 1834 2946 ίρυ-

280 2974 371 3064 χικάς
391 2977 546 3064 ἁρμονίας,
565 2975 664 3063 κόριός
683 2978 778 3056 ἐστιν,
796 2981 834 3050 ὡς
852 2975 944 3064 ρησίν
962 2981 977 3039 ὁ
996 2975 1177 3066 Σωκράτης,
1190 2973 1335 3063 χειρόνων
1353 2981 1409 3036 τοῦ
1427 2969 1570 3035 τοιοότου
1588 2971 1641 3033 καί
1659 2968 1833 3057 ἀμεινόνων

280 3085 441 3172 γενέσεων,
465 3084 564 3173 λέγων
589 3084 734 3148 τοιοότου
759 3095 813 3147 τοῦ
840 3083 1027 3174 ἀνθρωπείου
1051 3094 1186 3174 γενητοῦ
1211 3085 1248 3146 τό
1273 3071 1439 3169 μονοειδὲς,
1463 3078 1515 3142 καί
1544 3080 1663 3142 τέλειον
1689 3085 1745 3149 τῆς
1770 3085 1830 3139 τοῦ

227 3222 254 3258 ιο
282 3191 362 3255 θείου
387 3201 521 3281 γενητοῢ
546 3185 688 3280 περιόδου
715 3191 831 3280 μηκέτι
856 3192 1033 3280 ρυλάττων·
1052 3192 1171 3266 ταύτας
1189 3183 1231 3266 δέ,
1257 3191 1359 3280 φησίν,
1385 3188 1441 3263 τάς
1465 3189 1584 3277 χείρους
1609 3185 1661 3249 καί
1687 3185 1834 3271 ἀμείνους

247 3377 249 3384 ¹
282 3299 416 3388 γενέσεις
441 3311 495 3362 τοῦ
522 3297 709 3388 ἀνθρωπείου
734 3311 867 3390 γενητοῦ
892 3292 1074 3388 παριδόντες
1100 3305 1127 3363 at
1151 3300 1295 3388 ρόλακες,
1320 3293 1515 3386 παρόψονται
1540 3285 1574 3359 δέ
1597 3291 1751 3382 χρώμενοι
1775 3295 1835 3354 λο-

975 3401 1024 3482 ta
1051 3407 1092 3495 μίν
1121 3399 1153 3472 δὲ
1177 3407 1311 3495 ἀσραλές
1329 3395 1515 3493 μεταδώσει,
1540 3402 1593 3466 καί
1617 3411 1662 3484 τῷ
1685 3405 1834 3488 λογισμῷ

283 3416 385 3495 γισμῷ
411 3406 480 3494 μετ’
507 3406 686 3490 αἰσθήσεως,
711 3403 746 3482 ἧς
770 3411 807 3471 τό
833 3407 875 3496 μὴ
903 3411 972 3496 ἀκρι

284 3523 346 3575 τῶν
370 3513 610 3602 παροραμάτων,
632 3515 814 3605 γεννήσουσι
838 3507 952 3590 παῖδας
977 3519 1032 3580 οὐκ
1055 3521 1184 3604 εἰρυεῒς,
1209 3505 1272 3578 οὐδ’
1297 3515 1456 3600 εὐτυχεῖς·
1480 3505 1580 3588 ἕξουσι
1604 3510 1664 3599 γάρ
1688 3511 1742 3572 καί
1766 3508 1832 3571 ἀπὸ

285 3630 341 3694 τῆς
365 3623 483 3682 ἑαυτῶν
509 3615 589 3698 ζωῆς
614 3625 650 3684 το
674 3631 787 3710 χεῖρον,
802 3613 849 3685 διό
874 3625 928 3686 οόκ
954 3625 1082 3710 εὐρυεῖς,
1101 3623 1155 3686 καί
1173 3621 1232 3686 ἀπὸ
1259 3629 1316 3695 τῆς
1340 3609 1484 3709 περιόδου
1509 3627 1566 3694 τῆς
1591 3625 1753 3703 κοσμικῆς,
1781 3607 1832 3680 δίο

232 3755 258 3790 ιε
285 3730 340 3791 οόκ
365 3732 512 3816 ε’»τυχεῒς
539 3729 750 3793 συντάττεται
773 3729 832 3819 γάρ
858 3732 894 3793 τό
918 3741 1076 3818 προσῆκον
1102 3741 1141 3814 τῇ
1166 3731 1256 3818 ρόσει
1279 3729 1365 3820 γένος
1390 3737 1453 3792 τῶν
1478 3724 1583 3814 ψυχῶν
1608 3731 1649 3800 εἰς
1674 3723 1732 3787 τάν
1757 3746 1836 3812 προ-

286 3834 442 3904 σήκουσαν
459 3846 514 3899 τοῦ
531 3838 647 3910 παντός
673 3831 772 3914 τάξιν.
785 3837 903 3927 Ὥσπερ
922 3833 974 3901 οὖν
993 3843 1025 3900 αἱ
1042 3830 1184 3913 θεοειδεῖς
1201 3835 1299 3926 θρυχαί
1316 3841 1431 3924 κλῆρον
1448 3833 1661 3923 λαγχάνουσιν
1684 3831 1744 3895 ἀπό
1768 3840 1836 3893 τῶν

285 3944 365 4006 ὅλων
390 3945 443 4008 τόν
469 3945 717 4032 συμπράττοντα
740 3947 814 4035 πρός
832 3944 992 4016 τ”ηνθείαν
1011 3951 1120 4021 αόταῒς
1138 3941 1231 4026 ζωήν,
1250 3946 1345 4018 οὕτως
1371 3950 1403 4007 αἱ
1423 3942 1466 4033 μὴ
1492 3946 1609 4030 εόρυεῒς
1635 3945 1690 4004 οἰκ
1714 3943 1834 4027 εὐτυχῆ

286 4051 344 4119 τλν
370 4050 622 4139 ἐπικλωθομένην
648 4055 769 4140 ἔχουσιν
794 4053 971 4144 περιροράν,
998 4057 1045 4118 ἵνα
1070 4065 1132 4119 τῶν
1163 4057 1242 4118 ὅλων
1268 4062 1333 4126 τοῖς
1360 4051 1463 4140 μέρεσι
1487 4049 1707 4139 συμπνεόντων
1731 4053 1750 4118 ἡ
1779 4070 1839 4136 με-

287 4151 409 4228 vata-t
435 4157 568 4248 γένηται
592 4169 649 4234 τῆς
677 4161 804 4249 ἀρίστης
828 4165 998 4239 πολιτείας,
1017 4165 1174 4253 ἀναγκαία
1200 4159 1295 4250 μέν’)
1321 4154 1407 4234 οὖσα,
1433 4149 1564 4248 δεομένη
1592 4149 1626 4222 δέ
1650 4156 1836 4246 ἀμφοτέρων

233 4286 261 4324 ³0
288 4267 341 4330 καί
366 4276 427 4329 τῶν
453 4275 551 4354 μερῶν
577 4267 629 4330 καὶ
654 4279 715 4332 τῶν
741 4273 830 4334 ὅλων·
856 4271 891 4334 τό
918 4271 971 4358 μέν
997 4266 1048 4335 οθν
1068 4271 1109 4358 μὴ
1130 4271 1235 4359 ε’νρυές
1260 4281 1322 4333 τῶν
1347 4271 1464 4356 εὐφυῶν
1489 4259 1694 4332 ἐπιδείκνυσιν
1718 4271 1738 4338 η
1764 4265 1838 4354 περὶ

288 4374 347 4444 τὴν
371 4366 512 4438 παιδείαν
539 4375 691 4463 ἀρρυθμία
702 4377 739 4462 3)·
762 4378 888 4465 [ρόσεως
905 4378 964 4470 γάρ
991 4381 1060 4462 (ίοί.
1080 4383 1142 4446 ίθί
1160 4385 1203 4454 v.)
1221 4367 1440 4450 ἐπιτηδειότης
1458 4375 1590 4440 ἕκαστον
1609 4385 1688 4438 κινεῖ
1703 4375 1777 4462 πρός
1796 4377 1835 4438 τὸ

289 4489 400 4547 οἰκεῖον
419 4481 545 4572 ἀγαθόν,
560 4482 633 4550 ὅταν
648 4479 699 4549 οὖν
716 4496 771 4550 τοῦ
786 4487 840 4576 μὲν
855 4491 980 4576 ἐρίηται
996 4497 1057 4550 τῶν
1075 4487 1302 4570 κλεισάντων]
1318 4496 1373 4549 τοῦ
1388 4476 1421 4548 δέ
1434 4483 1604 4572 ἀνορέκτους
1622 4485 1691 4570 ἔχῃ,
1710 4475 1832 4566 [δῆλόν]

291 4595 372 4655 ἐστιν
398 4594 469 4655 οὔτε
495 4593 598 4681 εόρυές
622 4592 656 4659 όν
681 4595 810 4676 τελέως,
836 4599 895 4659 οὔτ’
926 4597 1033 4685 ἀρυές·
1069 4595 1203 4672 ἀλλ’ὡς
1237 4595 1329 4669 αὐτός
1354 4588 1450 4676 εἶπεν,
1477 4595 1532 4655 οὐκ
1563 4591 1667 4680 εὐρυὲς
1699 4582 1750 4654 διά
1775 4587 1836 4652 τίν

289 4701 363 4788 πρός
387 4701 423 4762 τό
449 4701 520 4762 ὅλον
547 4701 662 4790 ἀγαθόν
688 4711 745 4778 τῆς
769 4693 1029 4780 ἐπιτηδειότητος
1047 4707 1161 4792 όρεσιν·
1180 4706 1216 4766 τό
1235 4693 1268 4768 δέ
1286 4701 1327 4793 μὴ
1347 4701 1473 4790 εὐτυχές
1498 4711 1555 4775 της
1582 4697 1837 4786 ἀποπληρώσεως

252 4827 263 4861 ³
292 4819 348 4881 τῆς
374 4811 408 4871 ἐκ
433 4817 488 4872 τοῦ
512 4809 630 4897 κόσμου
654 4813 843 4899 παρίστησιν
868 4814 905 4876 τό
931 4805 1011 4900 μηδὲ
1033 4813 1148 4887 ἀλλους
1173 4815 1285 4884 αὐτῶν,
1312 4811 1454 4897 ἀμείνους
1478 4805 1621 4896 γενέσθαι
1644 4805 1698 4869 καὶ
1721 4805 1839 4880 τελέως

291 4919 332 4988 εἰς
348 4915 461 5004 ἀρετλν
478 4917 642 5006 ἠγμένους,
661 4920 697 4980 ίν’
715 4921 842 4996 ἐκείνοις
859 4922 1107 5012 ὑποτεταγμένοι
1124 4923 1271 5010 γίνωνται
1289 4919 1445 4990 καλλίους·
1464 4915 1533 4979 ἀλλ’
1548 4919 1588 4991 είς
1607 4913 1704 5003 ἀρχάς
1723 4913 1841 4987 αὑτοθς

294 5023 390 5098 οὕτως
416 5025 545 5110 έχοντας
570 5035 770 5098 καταστῆναι
798 5019 848 5090 διά
873 5027 931 5098 τ”ην
956 5037 1019 5091 τῶν
1045 5028 1214 5115 ἀμεινόνων
1240 5029 1388 5117 ἀπορίαν,
1412 5025 1466 5089 καί
1489 5021 1723 5104 καταστάντας,
1747 5027 1843 5086 λῦσαι

333 5273 354 5346 ¹)
374 5273 410 5330 In
429 5271 577 5344 margine:
597 5294 634 5348 γρ.
655 5281 683 5330 τὸ
708 5281 802 5347 νοερόν,
821 5275 867 5334 uti
885 5277 920 5333 A.
940 5275 1040 5334 Codex
1130 5277 1153 5350 2)
1171 5277 1207 5333 Α.
1226 5275 1246 5332 ί.
1266 5274 1310 5330 83.

295 5361 423 5436 primum
443 5368 483 5416 τόν
503 5365 564 5434 όρεν.
1129 5367 1153 5442 ³)
1172 5367 1206 5423 Α,
1226 5369 1341 5438 ἀρυθμία.
