3940 6072
295 517 347 574 εει
980 511 1027 583 ad
1055 508 1265 604 Asclepium.

294 681 346 746 καὶ
363 681 469 758 Ἀσίας
482 682 535 747 καὶ
550 683 669 772 Συρίας,
687 673 783 748 ἔτιδὲ
800 681 853 747 καὶ
871 683 1018 759 Ἰταλίας·
1032 680 1074 748 τά
1087 681 1146 773 γάρ
1164 691 1295 748 τοιαῦτα
1311 683 1453 772 κλίματα
1471 681 1639 774 θερμότερα
1657 694 1726 749 τῶν
1744 685 1841 749 ἄλλων

292 791 389 856 ἔοικεν
407 785 493 854 εἷναι·
509 791 575 856 ἐπεὶ
591 789 650 881 γάρ
667 790 772 856 πάντα
789 790 831 856 τά
848 791 898 856 ἐπὶ
911 800 969 880 γῆς
982 790 1132 880 φυόμενα,
1148 782 1222 880 δίχα
1238 782 1439 880 παραδόσεως
1455 791 1641 880 πνεύματος,
1660 797 1699 857 σὺ
1718 783 1843 857 δύναται

293 892 450 976 αὔξεσθαι.
476 904 526 962 Ἐν
553 899 607 987 μέν
632 911 696 977 τοῖς
721 898 921 990 ψυχροτέροις
945 910 1009 964 τῶν
1027 899 1190 988 κλιμάτων
1207 901 1436 990 πυκνανμένων,
1458 911 1521 965 τῶν
1545 904 1575 966 έν
1600 912 1671 977 ταῖς
1700 903 1842 986 βοτάναις

292 1007 405 1097 πόρων,
431 1011 489 1096 οὐχ
513 1009 579 1097 ἔχει
602 1011 633 1073 ὲν
658 1012 767 1085 αὐταῖς
792 1000 843 1074 διά
867 1008 926 1078 τὴν
950 1007 1125 1096 παχύτητα
1149 1009 1186 1072 τό
1210 1019 1333 1097 πνεῦμα
1351 1009 1459 1081 ἱκάνην
1476 1001 1691 1098 παρείσδυσιν,
1718 1011 1773 1074 καί
1797 1001 1842 1074 διά

293 1125 389 1179 τοῦτο
414 1121 446 1178 αἱ
470 1107 615 1204 δυνάμεις
641 1119 743 1180 αὐτῶν
769 1113 986 1204 ἀσθενέστεραι
1000 1115 1216 1183 καθίστανται.
1235 1123 1285 1180 Ἐν
1309 1108 1342 1182 δὲ
1365 1128 1430 1193 τοῖς
1454 1119 1690 1208 προειρημένοις
1716 1119 1842 1205 κλίμασι

293 1214 344 1287 διά
368 1235 425 1299 τῆς
451 1225 512 1288 ἀπό
536 1236 593 1300 τῆς
618 1223 810 1314 θερμότητος
834 1234 897 1290 τῶν
923 1227 1064 1308 βοτανῶν
1088 1225 1290 1314 ῶραιότατος,
1315 1226 1536 1315 περισσοτέρως
1557 1231 1598 1302 εἰς
1624 1225 1726 1302 α’λτάς
1751 1231 1840 1291 ἑλκο-

292 1329 390 1419 μένων
416 1343 470 1396 τοῦ
495 1325 628 1409 ζωτικοῦ
653 1333 740 1423 ἀέρος
764 1324 931 1422 ἐνδόναμοι
953 1333 1095 1422 γίνονται
1118 1334 1172 1397 καὶ
1196 1325 1447 1424 δραστικώτεροι.

338 1443 373 1501 Εἰ
386 1440 493 1527 μέντοι
506 1443 562 1505 οὐκ
578 1445 715 1531 εὐπορεῖς
733 1444 874 1526 βοτανῶν
892 1441 953 1506 άπό
971 1451 1032 1506 τῶν
1046 1441 1195 1506 τοιοότων
1208 1441 1383 1531 κλιμάτων,
1397 1433 1449 1507 διά
1467 1433 1500 1508 δέ
1516 1443 1620 1532 χρείας
1638 1447 1684 1518 εἰς
1703 1442 1839 1533 ἀνάγκην

291 1547 367 1636 ἔρχῃ
393 1541 566 1636 λαμόάνειν
592 1553 643 1637 ἀφ’
668 1549 780 1639 ἑτέρων
804 1550 927 1614 τόπων·
953 1549 1061 1614 σκόπει
1086 1540 1123 1622 δὴ
1149 1543 1321 1638 λαμβάνειν
1346 1550 1484 1623 ἑκάστην
1512 1550 1632 1616 τούτων
1658 1549 1750 1616 κατά
1773 1553 1839 1638 μίαν

291 1664 354 1719 τῶν
379 1668 437 1732 τῆς
461 1648 635 1747 ἑβδομάδος
652 1664 785 1747 ἡμερῶν,
802 1660 871 1734 ἥτις
889 1661 955 1722 ἐστι
971 1669 1026 1723 τοῦ
1044 1659 1171 1749 άστέρος
1187 1661 1315 1743 ἐκείνου,
1333 1653 1366 1723 οιλ
1384 1658 1519 1723 ἐστικαὶ
1536 1665 1555 1734 η
1584 1658 1719 1742 βοτάνη.
1745 1658 1840 1722 Ἀλλά

291 1755 328 1836 δὴ
355 1766 409 1828 καὶ
432 1765 517 1830 κατά
541 1766 600 1839 τὴν
625 1769 706 1857 ὥραν
731 1778 789 1844 τῆς
813 1767 930 1857 ἡμέρας
955 1769 1083 1844 έκείνης,
1101 1769 1171 1843 άτις
1187 1771 1254 1833 ἐστι
1271 1779 1325 1832 τοῦ
1350 1771 1445 1832 α’λτοῢ
1470 1767 1608 1858 ἀστέρος,
1633 1767 1742 1844 καθὼς
1760 1771 1839 1833 Ιεκτε-

291 1872 441 1946 θίισονται
465 1875 517 1939 καὶ
540 1882 612 1966 παρ’
638 1883 727 1966 ἡμῶν
752 1875 904 1942 ένταῦθοι·
937 1879 1083 1940 ἀνασπῶν
1108 1868 1141 1942 δέ
1164 1875 1285 1946 ταότην
1310 1878 1344 1939 ἐκ
1368 1884 1425 1950 τῆς
1454 1885 1530 1964 γῆς,
1554 1879 1682 1965 ἑπίλεγε
1708 1875 1764 1938 καὶ
1786 1873 1838 1946 τὴν

291 1983 475 2072 ἑγκειμένην
501 1984 607 2074 εὐχὴν,
632 1985 686 2050 καί
711 1987 793 2075 μετά
817 1987 854 2050 τό
879 1978 996 2062 λαθεῖν,
1014 1987 1103 2075 ῥῖπτε
1119 1990 1160 2062 εἰς
1177 1986 1231 2050 τόν
1254 1983 1372 2048 λάκκον
1389 1987 1419 2048 ἑν
1437 1978 1455 2070 ᾗ
1476 1984 1687 2073 εὑρίσκεταιή
1713 1983 1836 2068 βοτάνη,

290 2091 404 2156 κόκκον
429 2093 517 2156 σίτου
541 2091 560 2166 ἢ
587 2091 704 2182 κριθῆς.

659 2631 725 2695 Εἰσὶ
750 2623 783 2697 δὲ
807 2639 869 2696 τῶν
893 2628 975 2696 έπτά
1001 2635 1032 2694 αἱ
1054 2629 1169 2719 ’ἡμέραι
1192 2626 1286 2692 αόταὶ
1310 2627 1362 2692 καὶ
1386 2627 1472 2717 ὧραι.

335 2846 448 2935 Ἡμέρα
466 2847 505 2925 α’,
521 2847 585 2937 ὥρα
603 2845 640 2924 α’,
665 2845 802 2931 (Ἥλιος),
828 2849 946 2934 βοτάνη
973 2839 1006 2912 δὲ
1030 2849 1123 2912 αὑτοῦ
1143 2848 1300 2935 [κίχοραθ]
1319 2847 1424 2920 ἧτιςη
1447 2843 1564 2934 κορώνη
1586 2843 1641 2906 καὶ
1658 2843 1773 2934 χωρίον
1789 2839 1835 2904 καὶ
1919 2893 1920 2934 ,

289 2953 474 3045 πολύγονον.

333 3063 446 3152 ΙΙμέρα
427 3063 554 3148 W,
535 3089 559 3127 ω
645 3063 828 3150 ’(Σελάνη)
854 3064 971 3149 βοτάνη
999 3063 1219 3153 άγλαόραντον
1244 3061 1298 3125 καὶ
1321 3051 1490 3132 κυνοόάτη.

335 3171 511 3262 ‘'llpkpzp,
536 3173 600 3236 ὥα
647 3171 727 3257 ’(Ἀ
734 3175 800 3260 ρης)
825 3171 943 3257 βοτάνη
969 3162 1159 3237 πευκέδανον
1183 3171 1236 3235 καί
1257 3170 1482 3261 άρνόγλωσσον.

679 3280 697 3365 (
701 3272 876 3370 Αρροδίτη)
901 3279 1018 3365 βοτάνη
1045 3280 1163 3370 ρλόμος
1187 3279 1241 3344 καὶ
1263 3277 1491 3366 πεντάρυλλον.

336 3387 452 3476 Ἡμέρα
477 3388 555 3464 ε’,“
535 3415 559 3453 ω
580 3413 599 3453 α
624 3388 650 3452 α’
676 3389 776 3474 (Ζειλς)
802 3389 920 3474 βοτάνη
947 3387 1114 3478 σαχαρολνη
1141 3387 1194 3452 καί
1217 3384 1418 3476 εὐπατώριον.

336 3497 496 3586 Ἡμέρα’
475 3525 508 3574 ς,
532 3500 597 3587 ὥρα
621 3497 648 3562 α’
674 3499 814 3588 (Ερμῆς)
841 3497 959 3583 βοτάνη
985 3497 1140 3561 πανακεία
1164 3495 1218 3559 καὶ
1241 3490 1438 3584 περιστερόν.

336 3603 452 3693 Ἡμέρα
475 3598 512 3683 ζ’,
538 3606 602 3693 ὥρα
626 3607 654 3670 α’
681 3605 819 3695 (Κρόνος)
845 3602 961 3688 βοτάνη
989 3597 1115 3681 άείζωον
1139 3603 1192 3667 καί
1216 3593 1403 3691 άσρόδηλυς.

338 3715 416 3802 Πρός
440 3705 473 3778 δὲ
497 3713 626 3790 τούτους
650 3715 731 3780 ἔστω
750 3713 804 3802 μὲν
822 3713 936 3786 σελήνη
954 3710 1212 3788 πανσηλήνιος,ι“;
1236 3713 1290 3776 ὅτε
1307 3702 1463 3799 διέρχεται
1487 3707 1523 3773 τό
1547 3697 1658 3787 ζώδιον
1683 3715 1741 3772 τοῦ
1764 3707 1831 3768 πλα·

292 3821 390 3893 νήτου
414 3831 472 3898 τῆς
496 3821 623 3912 ἡμέρας.

623 3087 642 3127 oe

624 3197 644 3235 α

580 3304 644 3344 2oe

562 3087 598 3153 θ’ῑ

564 3197 577 3261 θ

334 3279 449 3369 Πμέρα
473 3269 554 3356 δ’,“
535 3305 599 3408 ωρα

563 3414 576 3478 θ

1038 4145 1090 4211 Vl.

560 4367 622 4426 Τοῦ
647 4361 758 4450 Ἑρμαῖ
782 4359 856 4450 πςρό
881 4361 1074 4434 Ἀσκλήπιον
1098 4366 1117 4434 η
1143 4358 1297 4452 λεγομένη
1326 4357 1390 4449 ἱερά
1417 4352 1523 4444 βίόλος
1537 4353 1571 4444 ¹).

336 4581 404 4640 Τῶν
428 4577 459 4640 ἐν
483 4587 549 4653 τοῖς
573 4567 692 4656 ζωδίοις
716 4569 748 4654 ἓξ
765 4576 819 4642 καί
838 4576 1007 4668 τριάκοντα
1032 4568 1170 4641 δεκάνων
1192 4575 1248 4652 τάς
1265 4599 1300 4641 τε
1318 4574 1434 4665 μορφάς
1450 4574 1504 4640 καὶ
1520 4571 1577 4650 τάς
1594 4565 1676 4650 ἰδέας
1699 4561 1825 4646 ὑπέταξά

292 4706 349 4760 σοι,
373 4684 513 4760 καὶπῶς
538 4677 586 4750 δεῖ
609 4687 661 4750 ἕνα
685 4686 815 4751 ἕκαστον
841 4689 943 4752 αὐτῶν
967 4685 1096 4778 γλόρειν
1119 4707 1156 4749 τε
1181 4682 1234 4747 καί
1259 4695 1369 4774 φορεῖν,
1388 4683 1481 4771 μέσου
1502 4683 1555 4748 καί
1577 4693 1633 4746 τοῦ
1658 4680 1824 4772 ὡροσκόπον

293 4792 347 4856 καί
371 4803 425 4856 τοῦ
451 4791 567 4883 ἀγαθοῦ
593 4784 749 4885 δαίμονος,
774 4795 827 4859 καὶ
843 4805 897 4860 τοῦ
914 4795 983 4884 περὶ
999 4787 1087 4872 ἕξεως
1104 4793 1212 4858 τόπου·
1230 4803 1325 4858 τοῖιτο
1344 4790 1404 4883 γάρ
1421 4793 1552 4868 ποιήσας
1568 4789 1664 4882 ρόρει,
1689 4789 1741 4855 καί
1762 4781 1824 4866 ἔξεις

330 4988 351 5061 Ι)
370 4989 416 5044 Ex
429 4989 532 5046 eodem
544 4991 773 5062 Mosquensi.1n
788 4989 851 5046 cod.
871 4989 1035 5048 vindobon.
1092 4993 1190 5060 στάμης
1204 4997 1246 5043 καὶ
1262 4995 1366 5062 φυτικῆς
1381 4990 1514 5060 ἀπορροίας
1528 4991 1576 5040 τῶν
1594 4991 1698 5057 ἄστρων,
1713 4983 1821 5040 ἔκδιόείσι

291 5078 396 5136 Μοᾱίο.
415 5081 451 5134 23
470 5080 506 5135 ol.
526 5081 562 5136 50
580 5079 792 5154 propemodum
812 5079 916 5136 eadem
939 5097 1038 5136 occur·
1092 5087 1151 5150 πρὸς
1165 5087 1206 5133 τῖν
1219 5082 1331 5151 μαλκτλν
1345 5081 1418 5132 αὐτοῦ
1432 5079 1593 5134 Ἀσκλήπιον.
1607 5078 1682 5134 Post
1695 5070 1823 5132 nonnulla

291 5173 369 5240 runt,
389 5168 442 5225 sod
456 5170 589 5226 σοοῖιοτο
602 5177 632 5226 οῖ
645 5186 753 5225 nurum
766 5186 797 5224 ιιι
811 5169 932 5225 modum
951 5168 1039 5224 inter·
1092 5177 1155 5228 tam
1173 5171 1255 5227 lectu
1267 5189 1357 5244 quam
1369 5188 1400 5225 ιιι
1402 5167 1686 5242 ῖῖολίεοιιίιιιρεινίι,
1706 5157 1822 5222 astarti·

290 5257 411 5328 pollata.
430 5257 599 5316 Primusfib
600 5259 745 5314 utlusest
760 5251 1822 5332 Βιίῖλος”ιατρικόσὺι·θο1118θθῦθρΕριοιυτοῦτρρισιεγὶστιυπερὶἱιρῶῖβί·

291 5369 365 5418 τ’μςο
379 5355 457 5421 τοῦ·ρ
446 5353 588 5424 ριτμιγὶστα
579 5371 603 5402 ι
614 5349 657 5420 'pE
660 5353 1038 5420 μουκατέιμαληματιιηςέπί-
1093 5341 1819 5420 ανωνκαιριωσεως.Τῖ1ῶλῶηλρῶίίῶθῶωθῐοῖᾶίωῶ
