3940 6072
260 517 313 576 ιιιε
818 490 820 494 ’
947 503 1126 580 Romanus

254 678 336 746 πολὺ
351 679 497 768 πλαγίου.
516 667 683 764 Εύδοκιμεῖ
698 667 732 742 δὲ
747 679 778 742 έν
792 680 878 760 αύτῷ
895 677 970 743 τότε
986 669 1187 768 παράδειγμα
1203 681 1434 771 παραπλήσιον,
1448 679 1482 746 θν
1494 685 1534 758 ώς
1549 687 1622 772 παρ’
1641 671 1805 771 Ἡροδότῳ.

256 787 345 880 χώρα
369 786 474 877 χώραν
499 778 690 867 ἐξεικονίζει,
713 784 810 858 καὶή
843 787 943 851 οἰκεία
967 777 1153 875 παραύολή,
1177 792 1217 863 ὡς
1240 787 1326 880 παρά
1356 793 1548 880 Ξενοφῶντι,
1573 789 1693 880 ὥσπερ·
1717 790 1808 854 Κύων

257 897 403 972 ἀτάκτως
428 895 564 986 φέρεται,
589 894 671 958 ούτω
695 893 749 957 καί
772 897 788 957 ό
813 893 918 983 Κύρος.

301 1007 340 1092 (Τ
344 1005 456 1096 ρόπος.)
482 1003 543 1068 Καὶ
565 999 639 1078 ήθος
664 1002 805 1091 μάλιστα
821 1003 876 1068 καί
891 1008 911 1077 ή
929 1002 1039 1092 γνώμη
1061 998 1211 1093 ῥυθμίζει,
1228 1001 1290 1072 οίον
1306 1011 1322 1070 ό
1341 1005 1486 1072 Πλάτων·
1510 1011 1668 1098 Εύλογεῖς,
1692 1000 1717 1074 ὦ
1741 1005 1810 1074 Σώ·

257 1137 387 1205 κρατης,
410 1109 551 1178 πέπονθα
574 1102 608 1174 δέ
631 1110 668 1176 τὸ
692 1119 755 1174 τῶν
779 1099 905 1176 πολλῶν
929 1109 1038 1194 πάθος,
1062 1117 1097 1177 ού
1121 1112 1202 1178 πάνυ
1227 1138 1276 1180 σοι
1299 1117 1456 1206 πείσομαι.
1480 1115 1514 1180 ’Π
1537 1106 1572 1181 δὲ
1594 1115 1705 1207 γνώμη
1730 1120 1805 1207 παρ’

259 1213 423 1315 Ἡροδότῳ·
449 1225 488 1286 At
511 1221 584 1294 λίην
609 1219 734 1309 ῖσχυραί
756 1221 893 1308 τιχορίαι
916 1219 1002 1309 παρά
1025 1218 1101 1286 θεῶν
1124 1220 1277 1311 έπέφθινοι
1299 1223 1454 1314 γένονται.

302 1331 457 1423 (Τρόπος.)
482 1329 578 1419 ΗΙίχιι
601 1319 635 1394 δέ
658 1352 691 1392 τι
713 1328 807 1419 σοφδν
831 1327 886 1393 καί
908 1330 945 1394 τό
962 1331 1091 1419 αἴνιγμα
1108 1330 1244 1420 κρύπτον
1260 1329 1320 1406 τήν
1336 1335 1461 1423 πικρίαν
1479 1336 1620 1424 ἀνειμένη
1643 1333 1741 1424 φωνή,
1765 1339 1806 1409 ῶς

257 1447 274 1508 ό
298 1439 432 1507 Πλάτων
456 1442 487 1503 έν
511 1447 557 1521 τῷ
581 1437 704 1527 Γοργίᾳ·
730 1437 866 1526 Κρύπτει
889 1438 944 1502 τόν
968 1448 1037 1502 νοῦν
1062 1437 1218 1529 πόρρωθεν
1244 1430 1361 1506 ὠδίνων
1385 1439 1470 1506 κατά
1487 1449 1544 1516 της
1561 1444 1740 1531 ῥητορικῆς,
1764 1447 1806 1518 ώς

257 1551 350 1642 φησίν
376 1539 581 1638 Ἀριστείδης.

300 1664 339 1744 (Τ
343 1659 457 1751 ρόπος.)
482 1662 674 1720 Ἐπαινεῖται
699 1643 732 1718 δέ
756 1656 809 1718 καί
832 1660 851 1728 ή
879 1655 1073 1746 μεταφορική
1099 1649 1179 1734 λέξις
1195 1658 1226 1721 έν
1246 1662 1340 1740 αύτῷ,
1359 1653 1432 1722 οἷον·
1449 1655 1609 1747 Πετίωρον
1632 1663 1653 1731 ή
1678 1655 1805 1743 Ἑλλάς,

256 1771 375 1845 κίνησις
399 1766 460 1858 γάρ
485 1757 536 1847 δή,
560 1765 611 1830 ἐπὶ
635 1775 697 1830 τῶν
723 1763 809 1829 θείων
834 1763 894 1855 γάρ
918 1763 1159 1853 ὲπικρεμασθείῃ
1184 1765 1222 1830 τθ
1246 1757 1399 1847 κινδύνου,
1423 1767 1478 1830 καί
1501 1765 1542 1832 τά
1566 1775 1710 1831 τοιαῦτα.

300 1875 459 1967 (Τρόπος.)
483 1867 701 1963 Στοχάζεσθαι
725 1862 759 1938 δέ
783 1864 830 1937 δεῖ
851 1873 1012 1963 Ὁμηρικῷ
1036 1873 1121 1963 λόγῳ
1144 1873 1199 1938 καί
1222 1883 1341 1963 φυσικῷ
1364 1873 1449 1962 νόμῳ
1471 1884 1529 1950 τῆς
1545 1883 1609 1939 τῶν
1632 1871 1807 1964 προσώπων

255 1985 436 2059 ποιότητος·
461 1984 509 2046 ἀείΙ
526 1982 592 2071 μὲν,
615 1980 682 2046 ὅθεν
702 1971 850 2071 Εὐριπίδη
870 1981 1047 2069 μέμφονται
1063 1982 1230 2072 φιλόσοφον
1249 1975 1396 2060 Ἐκάύην,
1420 1983 1473 2048 καί
1498 1982 1630 2072 μέθυσον
1655 1983 1808 2073 Ἡρακλέα

256 2092 478 2180 πλαττομένῳ·
500 2091 594 2156 πλέον
612 2080 646 2155 δέ
669 2093 699 2155 έν
726 2089 884 2178 ἀνειμένῳ,
909 2081 961 2154 διά
978 2089 1037 2164 τήν
1054 2090 1171 2180 τέχνην
1188 2091 1241 2156 καί
1256 2089 1316 2163 τήν
1333 2091 1424 2182 χάριν
1448 2099 1505 2156 τοῦ
1528 2089 1632 2167 ήθους·
1655 2091 1722 2156 νέον
1746 2087 1807 2181 γάρ

257 2203 311 2268 καί
334 2194 526 2293 πρεσύύτην,
551 2198 604 2265 καί
629 2195 751 2272 Σκύθην
776 2198 829 2262 καί
853 2199 974 2289 Πέρσην
998 2199 1155 2288 εὐστόχως
1179 2197 1397 2290 ὑποκρίνεσθαι
1421 2191 1478 2264 δεῖ·
1501 2201 1557 2265 τὸν
1582 2198 1637 2289 μέν
1661 2193 1742 2284 ὀξύν,
1766 2204 1808 2274 ώς

255 2313 311 2376 τόν
335 2299 551 2381 Ἀλκιύιάδην·
573 2309 629 2372 τὸν
654 2299 688 2373 δὲ
712 2307 917 2396 τεταγμένον,
933 2311 973 2383 ῶς
990 2309 1044 2371 τὸν
1062 2299 1263 2397 Ἀρχίδαμον·
1280 2309 1335 2372 τθν
1352 2299 1385 2372 δέ
1403 2307 1580 2396 ἀκτήμονα,
1596 2313 1636 2382 ὼς
1660 2309 1808 2372 Εὔπολιν·

257 2421 312 2486 τόν
336 2410 370 2484 δέ
394 2415 667 2507 μεγαλορρήμονα,
692 2419 732 2491 ῶς
757 2416 811 2480 τόν
836 2409 967 2506 Ξέρξην.
993 2421 1044 2479 Ἐν
1067 2415 1127 2505 γάρ
1152 2427 1192 2502 τῇ
1218 2417 1374 2506 ὑποκρίσει
1398 2416 1475 2505 φησί
1496 2415 1557 2487 τήν
1582 2416 1708 2506 ἀρετήν.

303 2527 459 2618 (Τρόπος.)
481 2517 587 2602 Λέξεσι
611 2515 644 2588 δὲ
668 2515 717 2589 δεῖ
738 2522 874 2614 χρῆσθαι
898 2527 932 2588 ού
956 2523 1078 2600 πάσαις·
1103 2525 1169 2613 ἔχει
1192 2523 1252 2614 γάρ
1278 2523 1410 2589 Πλάτων
1433 2515 1543 2600 ίδικάς,
1567 2521 1639 2590 οἷον·
1666 2527 1809 2596 Ἐπηλυ·

257 2630 408 2729 γάζεσθαι
431 2634 501 2698 ἀντὶ
524 2643 579 2698 τοῦ
605 2631 810 2699 Σκέπτεσθαι.
835 2633 895 2696 Καὶ
919 2624 1123 2709 Θουκυδδης,
1149 2634 1300 2723 Κωλύμη,
1323 2635 1394 2698 ἀντί
1417 2645 1472 2698 τοῦ
1497 2633 1648 2725 Κώλυμα·
1672 2634 1726 2698 καί
1749 2639 1810 2700 Ξε-

259 2755 359 2836 νοφῶν
375 2740 533 2835 περσικάς,
551 2739 623 2806 οἷον·
642 2739 790 2831 Σάγαριν,
809 2742 880 2805 ἀντί
897 2753 951 2806 τοῦ
965 2744 1113 2810 Πέλεκυν.
1131 2733 1210 2808 Οὐδὲ
1225 2753 1302 2808 πᾶσι
1320 2753 1388 2820 ταῖς
1403 2754 1593 2826 ποιητικαῖς,
1610 2748 1650 2818 ὡς
1666 2747 1811 2808 πλανῶν-

260 2854 314 2916 ταί
328 2874 419 2930 τινες,
433 2841 484 2914 διά
497 2850 534 2914 τό
549 2850 704 2938 Γεραίρειν
722 2849 774 2912 καί
790 2847 926 2937 Ἐρύκειν
943 2849 997 2912 καὶ
1013 2847 1146 2932 Ἀλύειν,
1164 2849 1218 2914 καί
1234 2848 1275 2915 τά
1291 2859 1433 2914 τοιαῦτα·
1451 2841 1522 2915 ούδέ
1535 2848 1594 2942 γάρ
1613 2849 1804 2937 Ούλομένην,

258 2951 329 3025 οὐδὲ
353 2959 464 3040 Χόλυν,
490 2949 560 3022 οὐδὲ
584 2956 625 3022 τά
648 2957 855 3047 παραπλήσια
878 2957 1019 3042 λεκτέον,
1036 2948 1108 3022 οὐδὲ
1131 2956 1187 3034 τάς
1204 2949 1371 3049 Ἡροδότου
1389 2951 1515 3043 (ίωνίζιι
1537 2956 1621 3050 γάρ),
1644 2955 1727 3022 ἀλλά
1752 2955 1806 3030 τίς

259 3065 397 3157 καθαράς
421 3067 475 3130 καί
499 3069 620 3156 ἀφελεῖς
645 3057 805 3132 διωκτέον.

305 3174 442 3252 Πιθανῶς
467 3166 501 3240 δέ
524 3197 627 3264 φασιν,
651 3179 691 3250 ὡς
716 3165 765 3239 δεῖ
786 3175 841 3238 τόν
859 3172 988 3264 ἀριθμόν
1005 3174 1176 3264 φυλάττειν
1193 3168 1411 3254 ἑκθειάζοντας
1428 3173 1470 3240 τοὶ
1493 3174 1661 3263 τμήματα,
1678 3173 1732 3239 καί
1752 3175 1808 3240 τόν

259 3283 314 3373 μέν
338 3284 488 3366 Ἔνατον,
512 3288 552 3359 ὡς
577 3274 739 3372 Ἡρόδοτος
762 3287 803 3359 εἰς
827 3282 883 3358 τάς
907 3283 994 3348 ἐννέα
1018 3283 1139 3359 Μούσας
1164 3281 1302 3373 ἀνάγειν·
1319 3283 1373 3348 τόν
1391 3275 1425 3349 δὲ
1444 3275 1596 3374 Ὄγδοον,
1620 3289 1660 3359 ῶς
1684 3287 1699 3346 ό
1724 3287 1809 3347 Θου-

259 3383 388 3468 κυδίδης
413 3397 455 3468 τίς
478 3390 550 3467 τούς
574 3389 660 3456 όκτω
685 3390 785 3456 πάλαι
809 3389 903 3467 θεούς·
921 3393 976 3456 τὀν
994 3381 1027 3456 δέ
1046 3383 1214 3479 Ἕύδομον.
1239 3396 1279 3467 ὡς
1303 3396 1334 3457 έν
1359 3401 1427 3468 ταῖς
1452 3384 1640 3457 Ἀναύάσεσι
1662 3393 1806 3480 Ξενοφῶν

260 3506 302 3576 είς
322 3498 378 3577 τάς
402 3501 483 3565 ἕπτα
507 3489 622 3589 χορδάς
647 3501 781 3591 ἀρχαίαν
804 3499 910 3591 λύραν,
927 3511 968 3585 τῇ
987 3501 1118 3589 μιμήσει
1133 3509 1196 3564 τῶν
1213 3499 1295 3565 έπτα
1310 3501 1493 3574 πλανήτων·
1509 3501 1564 3565 τὸν
1583 3492 1616 3565 δὲ
1633 3500 1805 3589 Τέταρτον,

262 3615 301 3685 ὡς
326 3607 470 3700 νεώτεροί
493 3632 574 3684 τινες
599 3612 641 3685 εἰς
664 3607 705 3673 τά
729 3609 867 3700 τέσσαρα
892 3621 1035 3698 στοιχεῖα
1058 3619 1116 3685 τής
1141 3607 1269 3698 φάσεως.

303 3717 462 3806 (Τρόπος.)
486 3716 597 3782 ’Ἔστω
622 3708 655 3782 δέ
678 3717 716 3780 τδ
741 3719 833 3805 μέλος
859 3727 921 3782 τῶν
946 3718 1001 3805 μέν
1017 3721 1195 3806 πολεμικῶν
1213 3719 1337 3782 ἔντονον
1354 3716 1408 3780 καί
1425 3705 1558 3804 ἀμειδές·
1576 3723 1640 3778 τῶν
1665 3706 1699 3779 δὲ
1723 3718 1809 3778 ίστο-

260 3836 360 3918 ρικῶν,
385 3828 547 3916 ύφείμενον
571 3825 626 3890 καί
647 3826 797 3914 χαλαρόν·
822 3835 884 3890 τῶν
909 3818 942 3890 δέ
965 3831 1131 3915 ἐρωτικῶν,
1148 3823 1248 3917 γλυκύ
1264 3825 1319 3890 καί
1334 3823 1473 3890 ἐλεεινόν·
1489 3824 1544 3888 καί
1567 3826 1673 3899 άπλῶς
1698 3827 1809 3905 εἰπεῖν,

258 3947 299 4022 τῇ
325 3944 388 3999 τῶν
412 3935 609 4027 πραγμάτων
634 3933 723 4024 φύσει
746 3926 1067 4022 συμμεταύάλλεσθαι
1090 3925 1140 3999 δεῖ
1159 3931 1200 3999 τά
1225 3935 1317 4024 μέλη·
1341 3943 1435 3998 τοῦτο
1453 3930 1512 4023 γάρ
1529 3941 1660 3996 ποιοῦσα
1682 3931 1720 3996 τό
1743 3953 1810 3995 πα-

257 4046 347 4110 λαιὸν
370 4049 390 4118 ή
417 4042 551 4132 μουσική
577 4041 700 4133 νεκρούς
724 4043 868 4132 ἐγείρειν,
894 4041 947 4107 καί
971 4040 1063 4132 θηρία
1086 4039 1219 4120 πειθεῖν,
1243 4042 1298 4106 καί
1321 4039 1520 4116 ἀναισθήτοις
1552 4043 1673 4130 ὁμιλειν
1696 4041 1808 4130 ἴσχυσε

259 4145 314 4220 διά
335 4152 478 4244 Ὀρφέως.

922 4364 1144 4456 Σχήματα.

306 4573 549 4676 Σχηματθζεται
566 4571 599 4648 δέ
609 4578 634 4666 ¹)
650 4580 757 4657 ούτως·
777 4585 816 4646 At
833 4579 978 4652 Ἀττικαί
995 4595 1065 4662 νῆες
1083 4589 1138 4650 ούκ
1154 4577 1252 4674 ήρχον
1270 4579 1387 4673 μάχης,
1407 4571 1545 4656 δεδιότες
1569 4583 1598 4645 οί
1621 4579 1807 4669 στρατηγοί·

260 4703 318 4769 τῆς
342 4692 401 4783 γάρ
425 4695 573 4782 ἐμπορίας
597 4697 652 4756 ούκ
676 4695 779 4770 οὔσης,
803 4684 874 4758 ούδέ
897 4703 958 4785 γῆν
982 4692 1167 4782 φυτεύοντες
1192 4697 1227 4757 έκ
1255 4702 1310 4758 τοῦ
1334 4691 1385 4757 ἐπὶ
1415 4695 1564 4756 πλεῖστον
1593 4689 1807 4754 ἀστασίαστον

259 4798 363 4878 οὖσαν,
389 4803 426 4866 τὸ
451 4800 570 4878 πλῆθος
595 4805 707 4886 βοῶσιν
731 4800 935 4891 ἀνεχώρησαν
960 4803 1101 4876 ἐποίκους
1118 4805 1146 4866 οῖ
1161 4801 1284 4885 πολλοί,
1302 4793 1408 4889 οῖ’μέν
1432 4798 1596 4880 ἀπέθανον,
1620 4803 1649 4863 οί
1673 4788 1706 4862 δὲ
1730 4789 1808 4875 ἐζω-

259 4910 433 5002 γρήθησαν.
458 4949 500 4960 -
525 4911 632 4986 Ούτως
662 4911 714 4974 ἐπί
735 4933 773 4974 τε
796 4909 856 4980 τήν
875 4911 1025 4974 Ἱστιαίου
1051 4908 1206 4999 αἰρέοντος
1233 4907 1363 4998 γνώμην
1393 4897 1480 4984 ἔδοξέ
1510 4928 1563 4995 σφι
1592 4905 1651 4997 πρὸ
1681 4904 1805 4993 ταύτῃ·

258 5019 441 5110 προσχόντι,
467 5009 500 5084 δέ
524 5020 586 5084 ε’ίτε
612 5010 679 5090 δοιή
698 5017 785 5109 χώρη
811 5017 931 5108 ήρεσεν,
947 5018 1009 5082 εἴτε
1033 5017 1087 5081 καὶ
1110 5016 1213 5092 άλλως
1236 5015 1373 5091 ήθέλησε
1394 5025 1535 5097 ποιήσαι,
1559 5015 1615 5078 καί
1637 5013 1679 5081 τά
1702 5016 1806 5104 ὅμοια.

298 5272 320 5344 ¹)
332 5269 406 5327 Indo
418 5268 450 5326 in
462 5271 552 5326 finem
565 5273 722 5326 occurrunt
736 5271 914 5340 αχηδιάσμαια
927 5283 1004 5340 quae
1058 5267 1192 5338 obscum,
1212 5272 1247 5323 ut
1265 5281 1344 5338 vagu
1361 5263 1568 5324 tontummodo
1585 5263 1646 5322 sint
1664 5261 1811 5336 exigendi'

261 5360 400 5420 videntur
419 5377 456 5418 ox
474 5359 623 5418 industria
648 5366 679 5419 οί
703 5359 824 5417 oonsilio
847 5357 955 5416 mutila
973 5363 1004 5416 εί
1059 5355 1205 5416 sermonis
1223 5355 1412 5414 lineamenta.
