3940 6072
860 547 1056 622 Ηαυκείιόο
1679 555 1734 615 283

186 735 284 817 φορῶν
309 715 457 793 οὐδέποτε
481 721 699 814 όρθαλμιάσει,
725 711 830 794 ἐπειδὴ
850 731 912 787 τῶν
933 721 1044 812 φώτων
1062 727 1077 786 6
1094 722 1182 800 ήλιος
1199 719 1258 795 τὴν
1275 724 1427 812 ἐπαρχίαν
1443 721 1466 808 ι)
1492 725 1599 813 ἔλαχε.
1623 723 1733 816 Διόπερ

185 833 237 900 ἰάν
261 835 457 925 άραιρετικός
471 832 496 921 θ)
520 832 644 922 ὑπάρχῃ
671 836 687 895 ό
711 833 798 906 ἥλιος
814 831 864 896 ἐπὶ
880 842 937 908 τῆς
954 831 1114 922 γενέσεως,
1131 831 1332 920 φρενητικούς
1350 833 1402 895 καί
1421 830 1655 922 λιθαργυρικούς
1679 855 1735 894 κα-

188 943 313 1016 θίστησι
337 936 388 1008 διά
411 943 448 1008 τό
473 945 508 1007 ὲκ
531 953 589 1016 τῆς
613 932 741 1030 καρδίας
766 949 869 1004 ταῦτα
893 941 934 1005 τά
958 939 1042 1010 πάθη
1070 933 1226 1016 αὔξεσθαι·
1253 943 1338 1003 ἰᾶται
1363 929 1395 1004 δέ
1418 941 1471 1004 καί
1493 939 1565 1014 τοὺς
1586 931 1735 1029 ἰμόλυω-

186 1061 321 1126 ποῦντας
338 1050 537 1140 θαυμαστῶς,
554 1047 801 1138 περιαπτομένη,
819 1049 872 1112 καί
889 1047 960 1124 τούς
976 1053 1007 1112 έν
1024 1059 1199 1138 καταρχαῒς
1215 1042 1454 1137 πειραζομένους
1471 1059 1539 1124 ταῖς
1557 1049 1734 1138 ύποχύσεσι.

230 1160 273 1228 ΙΙ.
299 1161 420 1233 Σελήνη
437 1157 473 1244 ³),
500 1156 617 1242 βοτάνη
642 1149 824 1232 κυνύόατος·
850 1156 928 1228 αθτη
956 1161 976 1230 ή
1004 1156 1122 1240 βοτάνη
1148 1167 1230 1222 ποιεῖ
1252 1163 1292 1232 εἰς
1316 1155 1358 1219 τά
1383 1156 1433 1220 ἑπί
1457 1165 1513 1220 τοῦ
1537 1154 1684 1242 θώρακος.

231 1269 291 1336 ΙΙΙ.
316 1268 440 1358 Κρόνος,
466 1267 584 1352 βοτάνη
612 1257 807 1356 άσρόδηλος·
831 1267 951 1342 ταύτης
976 1277 1034 1342 τῆς
1059 1261 1142 1359 ῥίζης
1166 1271 1182 1331 ό
1206 1269 1301 1358 χυλός
1327 1267 1439 1358 άριστα
1463 1277 1527 1344 τοῖς
1551 1264 1592 1330 τά
1615 1266 1735 1359 γόνατα

186 1376 372 1468 πάσχουσιν.
730 1377 732 1382 ’

230 1485 288 1552 IV.
313 1483 394 1561 Ζεύς,
421 1485 539 1568 βοτάνη
566 1485 746 1576 σαχαρώνη·
771 1485 891 1562 ταύτης
916 1491 935 1560 ή
962 1481 1030 1576 ῥίζα
1053 1483 1255 1575 περιαφθεῖσα
1280 1483 1400 1549 εύθετεῒ
1421 1483 1495 1574 πρός
1521 1476 1689 1568 βουθῶνας.

233 1594 272 1660 V.
293 1593 399 1683 Ἀρης,
427 1593 545 1678 βοτάνη
573 1595 800 1686 άρνόγλωσσον·
825 1594 947 1666 ταύτην
972 1597 1045 1659 ἔνιοι
1068 1583 1273 1683 πεντάνεύρον
1297 1594 1508 1683 λέγουσιν...

231 1703 288 1769 Vl.
314 1695 513 1792 Ἀφροδίτης,
539 1702 657 1786 βοτάνη
683 1701 881 1793 περιστερῶν·
899 1702 1019 1780 ταύτης
1037 1713 1094 1779 τῆς
1113 1702 1249 1788 βοτάνης
1267 1709 1285 1775 ή
1305 1696 1374 1794 ῥίζα
1393 1707 1477 1766 ἰάται
1501 1703 1559 1767 όσα
1582 1700 1652 1794 περὶ
1674 1701 1734 1774 τήν

186 1810 348 1899 τράχηλον
373 1809 456 1884 πάθη
483 1811 536 1876 καί
560 1803 718 1902 χοιράδας.

230 1919 304 1986 VII.
330 1919 460 2009 Ἑρμῆς,
486 1918 603 2002 βοτάνη
630 1919 842 2008 πεντάφυλος·
867 1920 988 1994 ταύτην
1013 1920 1072 1994 τήν
1098 1921 1236 2006 βοτάνην
1260 1921 1498 1985 πενταπέταλον
1527 1920 1607 1996 τινές
1631 1943 1734 2010 φασιν,

188 2025 278 2091 ἄλλοι
303 2019 336 2092 δέ
360 2027 562 2118 εύπατώριον,
588 2028 679 2092 ἄλλοι
704 2019 737 2093 δέ
761 2029 930 2120 κυόχειρον,
956 2035 983 2093 οἰ
1007 2021 1040 2095 δέ
1064 2022 1303 2118 ψευδοσέληνον·
1321 2030 1402 2119 φέρει
1420 2020 1453 2093 δέ
1473 2027 1608 2104 κλώνους
1633 2051 1736 2118 φοιτε-

189 2125 290 2211 ειδεῒς,
314 2135 456 2212 λεπτοὺς,
481 2135 709 2225 έπεθυμιαίους·
735 2137 861 2226 φύλλοις
885 2139 1021 2203 έοίκεται
1045 2130 1234 2226 ήδυόσμῳ“)
1260 2144 1301 2214 εἰς
1328 2141 1351 2203 ε’
1376 2138 1533 2203 κυκλωθέν
1557 2136 1736 2227 έσχισμένα,

188 2243 278 2319 ἄνθος
302 2243 443 2332 ὠχρονές,
468 2244 578 2332 φύεται
603 2235 635 2310 δὲ
651 2248 682 2310 έν
700 2237 801 2335 ύδροίς
824 2248 942 2324 τόποις,
967 2248 1020 2311 καί
1036 2245 1096 2318 τήν
1114 2241 1199 2338 ῥίζαν
1217 2250 1283 2337 ἔχει
1299 2247 1446 2338 ύπαιθρον
1459 2247 1497 2331 ⁵).
1515 2253 1615 2312 ’ἰᾶται
1638 2237 1671 2311 δέ
1695 2245 1736 2310 τά

187 2357 218 2417 ἑν
244 2351 362 2444 ἄρθροις
385 2353 533 2444 γινόμενα
549 2354 739 2444 πλήγματα,
757 2355 811 2418 καί
827 2353 869 2420 τά
884 2347 1010 2445 πυρώδη
1030 2355 1084 2419 καὶ
1101 2360 1135 2419 ἐκ
1152 2360 1284 2446 πληγῶν
1302 2357 1524 2446 συνιστάμενα,
1545 2356 1732 2442 κοππωμένη

188 2463 241 2525 καί
265 2460 566 2551 καταπλασσομένη,
590 2461 662 2537 τούς
680 2473 737 2539 τής
755 2465 872 2539 κοιλίας
891 2464 1047 2553 εἰσφόρους
1063 2475 1259 2554 παραχρῆμα
1274 2465 1351 2529 λύει.
1370 2465 1404 2530 ‘0
1420 2466 1516 2554 χυλός
1537 2468 1634 2540 αὐτῆς
1650 2463 1737 2528 πινό-

188 2594 277 2658 μενος
303 2567 370 2659 μεθ’
395 2561 509 2645 ὕδατος
534 2571 626 2659 μέχρι
650 2573 861 2660 κυγχλιαρίων
887 2564 952 2648 δύο,
977 2571 1089 2661 ἄριστα
1121 2565 1154 2636 δέ
1188 2567 1315 2663 ἁρμόζει
1346 2574 1510 2660 πινόμενος
1540 2573 1614 2663 πρὸς
1639 2571 1680 2637 τά
1704 2575 1734 2636 ἐν

187 2679 330 2769 φάλαγγι
353 2677 407 2742 καί
430 2677 558 2766 γλώσσῃ
585 2677 733 2768 γινόμενα
757 2677 855 2751 πάθη·
874 2679 1005 2756 ἀπόνους
1029 2679 1089 2770 γάρ
1114 2680 1166 2745 καί
1190 2685 1285 2770 ύγιεῖς
1303 2680 1482 2758 καθίστησι,
1499 2681 1591 2746 παύει
1612 2672 1645 2744 δὲ
1669 2671 1737 2744 δια·

186 2781 374 2874 κλυζόμενος
398 2785 469 2861 τούς
493 2809 529 2850 τε
553 2777 690 2851 όδόντων
713 2787 834 2864 πόνους,
854 2788 906 2852 καί
925 2799 986 2852 πάν
1010 2789 1048 2853 τό
1073 2793 1103 2854 έν
1127 2798 1173 2872 τῷ
1197 2789 1323 2878 σώματι
1346 2791 1480 2880 πονηρόν
1505 2788 1601 2864 πάθος
1626 2788 1737 2854 άποθε-

189 2896 322 2986 ραπεύει.
350 2900 385 2959 Εἰ
409 2885 443 2959 δέ
466 2920 513 2970 τις
536 2896 595 2984 πρό
619 2905 674 2960 τοῦ
698 2895 809 2960 παθεῖν
832 2893 1020 2986 περιάίρεται
1043 2895 1102 2968 τήν
1129 2897 1277 2982 βοτάνην,
1303 2899 1469 2986 ἀπείρατος
1494 2899 1582 2962 ἔσται
1605 2895 1736 2963 τούτων.

192 3004 317 3069 Εύθετεῖ
340 2995 373 3070 δὲ
398 3003 540 3092 μάλιστα
556 3002 826 3094 περιαφθεῒσαθ)ή
847 2997 914 3096 ῥζα
931 3005 1005 3094 πρός
1023 3005 1189 3092 ἐπιτυχίαν
1205 3005 1308 3096 λόγων
1326 3006 1378 3070 καί
1403 2995 1596 3093 δηυογορίαν
1620 3003 1736 3092 όχλων,

189 3111 242 3174 καί
267 3111 394 3200 ῥήτορσι
419 3111 472 3174 καί
492 3121 734 3200 γραμματικοῖς.
754 3110 900 3200 Ιίύχειρής
918 3111 977 3202 γάρ
992 3112 1066 3200 πρός
1084 3111 1121 3175 τό
1138 3112 1242 3202 λέγειν
1266 3113 1319 3176 καί
1342 3115 1507 3200 εύομιλεῖν,
1532 3111 1584 3173 καί
1608 3113 1738 3174 ἐπιτακ-

188 3216 291 3291 τικούς
315 3215 445 3292 τούτους
469 3215 647 3292 καθίστησι,
672 3217 787 3307 εύρεσιν
812 3241 848 3282 τε
871 3218 975 3307 λόγων
999 3218 1122 3293 τούτοις
1146 3219 1277 3308 παρέχει
1297 3219 1350 3282 καί
1374 3215 1560 3305 εύεμφυᾷΊ).
1585 3218 1679 3280 Ὅσοι
1704 3207 1737 3280 δὲ

188 3328 319 3409 κλῶπες,
344 3323 410 3408 οἰῧ)
428 3325 551 3414 φέρουσι
568 3324 627 3396 τήν
647 3325 784 3409 βοτάνην
809 3325 940 3416 νύκτωρ,
958 3329 991 3390 ού
1009 3325 1290 3416 παρατηθήσονται
1306 3327 1391 3415 παρά
1407 3350 1489 3402 τινος
1506 3323 1735 3415 κλεφθέντσςθ).

777 3529 1114 3536 “affl—*d-

228 3647 332 3738 Ἔχεις
356 3651 386 3713 ἐν
413 3651 526 3738 βραχεῖ
549 3647 749 3739 συντάγματι
773 3641 1029 3740 παραδεδομένην
1054 3673 1101 3715 σοι
1127 3641 1267 3739 μέθοδον,
1292 3640 1332 3712 δι’
1349 3643 1385 3724 ής
1406 3649 1441 3711 εἰν
1466 3646 1570 3711 πολλά
1593 3654 1657 3711 τῶν
1681 3669 1737 3733 με-

188 3757 305 3846 γίστων
326 3756 379 3819 καί
403 3747 558 3820 θυσιάσων
582 3753 776 3844 θεραπεύσεις
800 3755 917 3821 παθῶν·
942 3757 1128 3844 λειπόμενον
1146 3749 1197 3821 οὖν
1222 3755 1289 3820 ἔστι
1313 3749 1512 3832 συσκευάζειν
1536 3778 1573 3819 τε
1596 3753 1637 3819 τά
1661 3777 1737 3843 προ-

186 3864 400 3954 γεγραμμένα,
426 3864 479 3929 καί
503 3865 557 3927 τόν
582 3857 614 3940 ἐξ
638 3866 711 3951 ἐμοῦ
736 3863 951 3953 φυλάττεσθαι
974 3865 1080 3954 λόγον,
1105 3867 1186 3930 ὥστε
1216 3854 1329 3952 μηθενὶ
1353 3862 1503 3953 ἀνθρώπῳ
1533 3855 1659 3947 βεβήλῳ
1683 3861 1737 3925 καί

188 3970 300 4058 οἰμάθει
313 3982 424 4036 τοῦτον
437 3961 653 4061 παραδιδόναι’
669 3962 720 4036 διά
736 3971 795 4063 γάρ
808 3973 845 4037 τό
858 3973 979 4062 ἑυχερές
990 3970 1030 4060 ¹⁰)
1042 3973 1094 4037 καί
1108 3972 1287 4062 εὐπόριστον
1300 3983 1357 4048 τῆς
1370 3981 1433 4036 τῶν
1446 3971 1611 4060 εἰρημένων
1628 3969 1735 4036 παθῶν

187 4076 367 4169 θεραπείας,
393 4081 429 4144 τό
454 4079 621 4170 φιλολόγον
646 4081 701 4144 καί
725 4079 906 4168 θαυμαστόν
932 4091 989 4156 τῆς
1013 4080 1149 4146 καθόλου
1183 4087 1324 4171 ἰατρικῆς
1355 4081 1534 4168 ἐπιστήμης
1561 4081 1736 4169 ἐπίτευγμα

185 4188 421 4278 παρορθήσεται
434 4178 484 4252 διά
499 4197 559 4251 τῶν
576 4186 723 4252 τοιούτοιν
739 4187 981 4278 ἀνθρώπων·καί
994 4191 1099 4255 ούκέτι
1112 4181 1273 4280 διαφόρους
1288 4190 1414 4280 αἱρέσεις
1429 4187 1581 4277 ίατρικούς
1594 4187 1735 4258 ήσκησον

189 4294 353 4385 ἄνθρωποι,
378 4298 450 4360 οὔτε
475 4293 537 4384 μήν
554 4293 596 4358 τά
613 4304 675 4358 τῶν
694 4297 830 4384 ἀρχαίων
849 4303 961 4386 ἰατρῶν
979 4296 1189 4386 συντάγματα
1205 4293 1376 4367 ποθήσουσι
1394 4295 1543 4382 μετιέναι,
1561 4297 1632 4356 ἀλλ’
1658 4297 1737 4380 άμε-

186 4396 361 4476 ληθήσέται
385 4414 447 4468 τῶν
472 4402 631 4468 τοσούτων
656 4403 709 4467 καί
733 4405 930 4475 τηλικούτων
956 4396 1073 4494 ἀνδρῶν
1098 4410 1113 4467 ὁ
1139 4404 1250 4480 κόπος,
1275 4394 1325 4467 διά
1348 4403 1385 4466 τό
1409 4402 1490 4467 πολὺ
1514 4413 1572 4477 τῆς
1597 4403 1658 4466 άπό
1681 4412 1736 4464 τοῦ

186 4515 338 4600 παρόντος
363 4511 585 4601 συντάγματος
611 4515 778 4601 εὐχερείας,
802 4518 841 4588 ὡς
866 4515 998 4602 εἴρηται,
1015 4514 1133 4587 παντός
1158 4521 1339 4600 σωματικοῦ
1363 4509 1490 4592 πάθους,
1515 4507 1737 4600 θεραπεύεσθαι

187 4609 369 4710 δυναμένου,
386 4631 455 4696 ταῖς
474 4619 581 4708 μέντοι
604 4623 897 4712 προγεγραμμέναις
923 4622 1071 4707 βοτάναις
1087 4631 1163 4713 χρῶ,
1181 4631 1250 4697 ταῖς
1268 4623 1321 4684 ἀπ’
1341 4619 1501 4710 Αἰγύπτου
1519 4619 1572 4683 καί
1588 4609 1736 4708 Ἀραόίας

224 4851 245 4922 1)
265 4849 335 4909 Cod.
355 4854 488 4923 ύπαρχίαν.
1026 4858 1049 4930 ⁵)
1068 4855 1112 4912 ld.
1132 4856 1267 4926 ύπίριθρον.

220 4944 244 5016 ²)
261 4942 306 4998 Id.
327 4945 477 5013 άφιριτικίς,
498 4959 567 4998 mox
587 4944 746 5015 φρινετικεύς.
1025 4948 1047 5018 ⁶)
1067 4946 1136 5004 Ood.
1157 4950 1330 5018 πιριαφθῆσαι.

221 5032 244 5106 ³)
263 5031 311 5086 An
323 5031 439 5104 reliqua
451 5049 534 5087 mero
548 5035 666 5088 tantum
679 5033 852 5106 compendio
867 5051 934 5092 con·
1026 5035 1049 5107 7)
1068 5035 1111 5091 Id.
1133 5033 1284 5105 ιύήμρισινθ

186 5121 338 5192 traxerim,
354 5119 417 5193 jam
435 5139 495 5176 non
513 5139 561 5177 me
574 5121 746 5178 meminisse
766 5122 857 5196 piget.
877 5123 936 5181 Sed
1027 5124 1049 5186 θ)
1070 5129 1092 5176 οἱ
1111 5139 1168 5178 om.
1187 5121 1227 5179 id.

187 5209 239 5266 vix
258 5209 354 5282 prima
379 5217 410 5266 οε
433 5209 541 5266 ultima
559 5211 653 5267 herba
676 5211 822 5284 prolixius
846 5231 937 5286 quam
1026 5215 1050 5286 9)
1069 5211 1138 5270 Ood.
1162 5213 1319 5274 κλέπτοντας.
1344 5211 1405 5269 Fur
1430 5231 1448 5268 ιι
1472 5209 1590 5268 iuribus
1610 5227 1670 5265 non
1692 5227 1737 5266 σο-

187 5301 323 5354 οεοθεεεο
342 5297 598 5370 praedicabantur.
773 5329 779 5342 ·
991 5303 1080 5374 pitur.

223 5391 247 5463 ⁴)
265 5387 335 5446 006.
355 5391 487 5460 ήθύασμεν,
507 5389 638 5446 mentha.
1029 5394 1062 5466 ¹⁰)
1080 5390 1151 5447 Cod.
1172 5391 1259 5460 εύχρίς.
