3978 6070
283 554 418 628 Lumen
434 553 522 628 666
539 551 625 628 coelo
639 551 886 646 μνοοείοιιίίασ.
902 591 946 600 -
960 547 1162 646 Ρονρίιρκίο,
1182 577 1308 629 currus
1325 555 1461 629 animae
1479 557 1611 631 mundi.
1682 567 1724 624 ει

177 725 201 792 f.
221 726 293 805 134,
312 729 331 792 3
348 749 432 793 vers.
449 726 595 793 evanidi:
621 746 787 814 ...στερον
801 728 878 816 ὁρῶν
895 723 1005 792 καί...
1025 725 1172 814 οὐρανίων
1190 727 1262 792 ὅλον
1280 717 1318 799 δὴ
1337 726 1439 793 καί...
1459 728 1557 817 μῦθοςΙ
1573 732 1726 819 ἐκφαίνειν

177 833 227 898 ότι
250 830 373 922 γάρ...
399 831 550 924 μάθοιμεν
567 832 603 898 άν
619 833 821 909 ἐννοήσαντες
837 830 985 921 πρώ[τον]
1004 834 1054 897 ὅτι
1069 834 1187 910 παντός
1203 845 1259 899 τοῦ
1280 839 1407 924 ούρανοῦ
1432 836 1525 926 φησίν
1549 838 1651 928 ἕτερον
1675 839 1728 903 καί

176 941 215 1005 τό
239 935 326 1024 εἶναι1
350 940 503 1007 τετάσθαι
518 940 579 1033 γάρ
599 931 651 1007 διά
667 951 722 1006 τοῦ
739 944 867 1032 ούρανοῦ
884 941 1012 1018 παντός·
1029 944 1101 1007 οὔτε
1118 936 1171 1007 ούν
1187 943 1260 1008 ὅλον
1276 942 1361 1010 ἐστίν
1377 945 1415 1008 τό
1432 945 1582 1036 ούράνιον,
1605 951 1728 1039 γελοῖον

177 1048 237 1141 γάρ
261 1059 356 1116 τοῦτο
380 1051 499 1144 λέγειν·
523 1053 595 1116 ούτε
619 1049 708 1140 μέρος
732 1061 788 1116 τοῦ
813 1053 953 1140 ούρανοῦ,
977 1060 1072 1116 τοῦτο
1096 1052 1125 1140 γ’
1150 1045 1201 1117 ούν
1226 1053 1274 1117 ἔτι
1297 1053 1501 1141 γελοιότερον.
1534 1060 1600 1130 Πῶς
1624 1053 1684 1145 γάρ
1708 1054 1728 1128 6

137 1187 150 1224 ι
176 1159 215 1224 τό
239 1157 328 1247 μέρος
353 1149 406 1224 διά
428 1169 483 1223 τοῦ
508 1160 582 1223 ὅλου
606 1157 759 1224 τετάσθαι
779 1148 923 1236 δυνατόν,
939 1158 1013 1232 6
984 1183 1039 1224 τον
1064 1161 1181 1224 ὁλον’
1153 1159 1281 1249 ουρανόν
1300 1152 1353 1226 διά
1371 1171 1426 1226 τοῦ
1444 1164 1571 1252 ούρανοῦ
1596 1161 1729 1239 ταντός;

177 1257 258 1334 Οὐδὲ
243 1257 444 1392 ἑγάρδίὲ
447 1277 586 1333 αυτοῢτ
566 1266 779 1334 τέταταιτῶν
797 1268 962 1358 σωμάτων.
987 1273 1023 1332 Εἰ
1047 1261 1118 1334 δέ“
1104 1270 1207 1360 ετερόν
1232 1273 1318 1334 ἑστιν
1341 1279 1398 1335 τοῦ
1419 1272 1559 1361 ούρανοῦ,
1581 1271 1731 1362 πότερον;

177 1374 320 1463 κρειττόν
333 1379 417 1440 ἐστιν
431 1379 538 1461 αὐτοῦ,
552 1373 571 1448 6
589 1386 702 1464 χεῖρον,
719 1375 938 1465 ἣ’συστοιχον;
955 1375 1025 1440 ἀλλ’
1040 1369 1195 1440 άδύνατον
1209 1375 1228 1448 6
1243 1387 1312 1466 χεῑρ
1298 1401 1348 1465 ρον
1362 1371 1440 1442 εἶναι
1452 1387 1508 1442 τοῦ
1526 1377 1732 1467 συνεχομένου

177 1482 215 1547 τό
239 1482 367 1572 συνέχον
391 1481 411 1557 6
436 1482 611 1574 οόστοιχον,
629 1484 667 1548 τό
684 1481 744 1574 γάρ
768 1483 897 1572 συνέχον
918 1474 1112 1549 άσκέδαστον
1129 1483 1286 1574 φυλάττει
1308 1492 1370 1547 πᾶν
1394 1483 1433 1548 τό
1455 1482 1670 1574 συνεχόμενον.
1695 1487 1732 1546 Εἰ

177 1584 229 1654 ούν
253 1599 349 1656 τοῦτο
371 1591 410 1656 τό
433 1600 495 1681 φώς
518 1600 622 1656 πᾶσαν
649 1591 772 1680 συνέχει
795 1589 855 1664 τὴν
878 1589 1056 1681 περιφοράν,
1073 1593 1127 1656 καί
1144 1584 1248 1657 συνδεῖ
1263 1590 1306 1657 τά
1330 1592 1389 1656 ὅλα
1413 1591 1487 1681 πρός
1512 1591 1651 1668 ἄλληλα,
1675 1591 1731 1655 τόν

125 1721 151 1758 ιο
178 1697 306 1787 ούρανόν
323 1698 376 1762 καί
391 1697 451 1770 τὴν
467 1709 539 1790 γῆν,
556 1698 610 1763 καί
626 1695 668 1763 τά
684 1691 802 1787 μεταξύ
821 1688 946 1770 δηλαδὴ
963 1697 1085 1764 τούτων
1102 1699 1176 1788 πρός
1193 1697 1236 1764 τά
1253 1697 1344 1788 ἄκρα,
1361 1697 1458 1762 παντί
1475 1689 1576 1772 δήπου
1590 1698 1731 1788 φανερόν,

178 1808 218 1880 ὡς
241 1806 313 1870 οότε
336 1804 439 1895 χεῖρόν
462 1808 546 1870 ἐστιν
570 1813 633 1871 τῶν
658 1803 871 1894 συνεχομένων
893 1805 983 1890 (αὐτὸ
1006 1803 1066 1896 γάρ
1092 1803 1128 1870 άν
1152 1797 1254 1871 ἐδεῒτο
1277 1817 1336 1882 τῆς
1352 1805 1405 1870 ὄπ’
1423 1807 1547 1872 ἐκείνων
1572 1807 1732 1896 συνοχῆς),

179 1912 251 1976 ούτε
274 1909 451 2001 σύστοιχον,
476 1903 563 1977 οὐδὲν
580 1911 640 2003 γάρ
657 1916 779 2002 μᾶλλον
796 1911 832 1978 άν
849 1908 888 1988 ἦν
906 1912 1035 2002 συνέχον
1055 1913 1075 1986 6
1094 1914 1312 2003 συνεχόμενον.
1335 1919 1372 1979 Εἰ
1397 1908 1449 1980 ούν
1474 1915 1528 1979 καί
1552 1914 1732 2003 σωματικόν

178 2019 333 2084 ἔστινκαὶ
353 2031 408 2085 τοῦ
426 2022 553 2110 ούρανοῦ
569 2030 724 2109 κρεῖττον,
742 2019 871 2096 εἰκότως
887 2019 972 2086 ἐστίν
989 2023 1024 2084 ού
1040 2029 1133 2085 πᾶσιν
1150 2021 1288 2111 ὄμμασιν
1305 2021 1428 2111 ὁρατόν,
1448 2020 1531 2088 άλλά
1550 2031 1615 2097 τοῖς
1640 2024 1733 2086 άϋλο-

178 2130 276 2217 τέροις
300 2128 354 2194 καί
377 2127 620 2220 καθαρωτέροις·
644 2131 679 2194 ού
703 2137 763 2219 γάρ
787 2127 894 2194 πάντα
918 2128 1018 2220 όρατά
1042 2139 1153 2214 πᾶσιν,
1177 2130 1197 2202 6
1224 2121 1276 2196 διά
1299 2129 1359 2204 τὴν
1386 2122 1596 2223 άμυδρότητα
1619 2141 1676 2197 τοῦ
1700 2134 1731 2197 ἐν

126 2253 152 2290 ¹⁵
180 2239 287 2314 αὐτοῖς
310 2237 423 2327 φωτός,
447 2235 466 2312 6
492 2227 545 2302 διά
567 2235 627 2312 τὴν
651 2237 868 2329 λαμπρότητα
891 2235 951 2334 τὴν
976 2237 1176 2329 ἀσύμμετρον
1200 2250 1265 2316 τοῖς
1290 2243 1383 2329 ὁρῶσι

179 2455 203 2522 f.
223 2458 286 2524 134
303 2480 344 2538 ν.,
361 2457 478 2524 lacuna
494 2457 644 2544 gravior:
670 2454 912 2540 ...βάλλοντος
929 2447 1087 2547 δυνάμεως
1102 2507 1109 2522 .
1126 2507 1157 2524 ..
1180 2447 1379 2543 λαμύάνεται
1395 2463 1458 2519 τῶν
1475 2458 1595 2545 ὁρατῶν
1619 2452 1683 2522 τά.
1699 2505 1730 2524 ..

179 2557 318 2652 ψυχικῶν
343 2562 517 2653 ὀχημάτων
543 2563 669 2640 ἀπαθῶς
686 2568 763 2656 ὁρῶν
780 2561 822 2630 τά
838 2563 981 2653 μάλιστα
997 2574 1087 2654 φῶτα
1103 2555 1144 2629 δι’
1161 2565 1315 2653 ἐνεργείας
1332 2565 1437 2640 αὐτοῖς
1458 2563 1662 2652 συμφυόμενα
1678 2563 1732 2628 καί

179 2673 213 2737 ού
238 2663 289 2736 διά
312 2669 439 2748 πάθους.
463 2670 553 2735 Ἀλλ’
579 2673 628 2737 ὅτι
652 2671 707 2761 μὲν
730 2683 825 2738 τοῦτο
849 2672 887 2737 τό
911 2682 972 2761 φῶς
997 2671 1076 2737 άλλό
1100 2696 1133 2737 τι
1156 2680 1219 2736 τῶν
1237 2673 1384 2762 οὐρανίων
1401 2673 1479 2754 ἐστι,
1498 2662 1654 2738 δέδεικται
1679 2662 1730 2736 διά

179 2779 308 2844 τούτων.
334 2780 411 2843 Τίνα
436 2770 469 2844 66
493 2781 565 2869 ἔχον
582 2780 681 2869 φύσιν,
707 2779 788 2871 μετά
804 2791 908 2845 ταῦτα
925 2780 1047 2871 ῥητέον.
1065 2771 1203 2870 Οἴδαμεν
1221 2773 1273 2844 ούν
1291 2781 1341 2844 ὅτι
1364 2778 1417 2842 καί
1433 2782 1449 2842 6
1474 2779 1730 2869 φιλοσοφώτατος

179 2888 346 2980 Πορφύριος
360 2888 552 2954 ὑπώπτευσεν
564 2885 587 2976 ¹)
605 2890 663 2954 ὅσα
679 2888 745 2952 νυνί
761 2887 919 2981 γράφομεν
935 2894 1035 2976 ἡμεῖς,
1053 2887 1108 2952 καί
1124 2897 1182 2964 τῆς
1199 2896 1353 2976 κοσμικῆς
1370 2883 1472 2976 ψυχῆς
1486 2887 1596 2977 ὄχημα
1608 2897 1732 2978 πρῶτον

180 2992 276 3082 εἶναι,
301 2995 424 3088 θέμενος
450 2998 528 3063 αύτδ
559 2997 614 3062 καί
643 2995 797 3087 άνάλογον
829 3007 875 3080 τῷ
908 2987 1054 3089 αὐγοειδῆ
1080 3006 1138 3072 τῆς
1166 2995 1339 3086 ἡμετέρας·
1362 2996 1414 3062 ἐπί
1436 2995 1588 3072 τοιαύτης
1616 2997 1732 3073 ἐννοίας

179 3104 290 3170 ίστατό
313 3129 396 3182 τινος
420 3110 461 3182 ὡς
477 3104 623 3196 σώματος
640 3105 728 3181 ὄντος
744 3115 800 3170 τοῦ
817 3105 919 3194 φωτός
935 3103 1063 3187 τούτου,
1079 3103 1138 3193 πρό
1154 3114 1210 3168 τοῦ
1227 3107 1354 3192 ούρανοῦ
1377 3102 1523 3193 σώματος
1546 3097 1732 3194 ἑξημμένου,

178 3223 237 3287 τῆς
259 3223 315 3278 τοῦ
337 3213 456 3289 παντός
480 3208 581 3302 ψυχῆς
603 3211 818 3301 άπλουστέρου
843 3202 1044 3294 δήπουθεν,η
1067 3208 1205 3275 κατὰτὸ
1221 3221 1312 3301 σῶμα
1328 3211 1366 3277 τό
1382 3210 1531 3301 οὐράνιον.
1558 3212 1653 3301 Τάχα
1676 3213 1730 3276 καί

178 3333 234 3386 τοῦ
257 3326 288 3388 ὲν
312 3313 451 3388 Φαίδωνι
476 3319 572 3412 μύθου
596 3331 692 3386 τοῦτο
709 3319 911 3407 άνισσομένου
927 3319 965 3383 τό
982 3318 1166 3405 φῶς,ηνίκα
1186 3320 1291 3410 ἔλεγεν
1312 3317 1384 3396 τούς
1410 3310 1600 3395 δυνηθέντας
1623 3323 1664 3394 είς
1688 3317 1730 3384 τά

179 3429 260 3521 άκρα
282 3440 337 3495 τοῦ
355 3429 441 3520 άέρος
459 3433 648 3506 ἀναπτῆναι,
665 3428 719 3492 καί
735 3417 865 3518 δύναμιν
881 3431 946 3493 ἐκεῖ
962 3427 1061 3516 μένειν
1079 3429 1222 3516 ἔχοντας,
1241 3419 1313 3491 ἰδεῖν
1331 3423 1413 3491 αύτά
1434 3427 1501 3490 ἐκεῖ
1514 3427 1730 3516 τρανέστερον,

180 3539 233 3603 τόν
257 3535 405 3610 ἀληθινόν
429 3537 556 3628 ούρανόν
579 3534 673 3626 φησίν
697 3535 751 3601 καί
766 3533 826 3607 την
843 3537 904 3607 άλη
909 3532 996 3607 θινὴν
981 3545 1085 3666 νγῆν·
1102 3535 1209 3598 καὶέτ
1187 3533 1362 3609 τίτούτοις
1384 3531 1591 3622 προστίθησιν
1615 3533 1721 3597 καί
1691 3555 1729 3598 το

179 3644 326 3720 αληθινόν
343 3655 416 3735 φῶ
434 3645 523 3709 Και
512 3668 543 3710 εν
560 3647 696 3730 εκεινοις,
713 3669 753 3720 ω,
777 3648 859 3741 ὁρᾷς,
876 3667 949 3734 ρια
966 3641 1060 3708 ειπων
1080 3641 1222 3770 ρύρανόν
1232 3641 1325 3712 καί-ζ
1330 3649 1432 3730 ζ-γῆν
1454 3639 1508 3705 καί
1531 3649 1603 3729 φῶς,
1628 3640 1729 3729 ὥσπερ

178 3751 314 3818 ἐνταῦθα
330 3744 499 3842 σύνδεσμον
523 3755 651 3844 ούρανοῦ
674 3752 729 3816 καί
751 3762 811 3842 γῆς
829 3752 950 3842 εἴρηκεν
967 3743 1045 3816 εἶναι
1059 3749 1097 3814 τό
1114 3757 1189 3838 φῶς·
1204 3747 1281 3838 άπερ
1298 3741 1381 3813 ούνε
1366 3739 1436 3825 ἐξ
1423 3770 1482 3812 υπο
1485 3745 1594 3824 θέσεως
1618 3739 1728 3812 έλαύεν

178 3863 253 3939 ἐκεῖ,
276 3871 380 3926 ταῦτα
403 3864 434 3927 ἐν
458 3859 584 3937 τούτοις
606 3859 820 3953 γιγνόμενα
799 3883 886 3948 πραα
866 3849 922 3924 αδέ

178 4077 202 4145 f.
220 4080 294 4158 135,
308 4078 342 4143 in
354 4077 471 4145 lacuna
480 4077 505 4160 ¹)
519 4081 539 4146 4
552 4099 653 4144 νεῖαι
668 4075 759 4141 ...καί
773 4073 814 4163 μὴ
829 4072 1009 4165 πρότερον...
1027 4065 1148 4138 ἀλλ’
1117 4095 1168 4137 ουν
1187 4071 1262 4161 ὅπερ
1278 4071 1390 4159 ἔφην..
1400 4094 1468 4149 .τα,
1484 4068 1538 4134 καί
1553 4071 1715 4145 έκεῖνοςν
1684 4071 1729 4134 έν-

179 4184 373 4274 θομεϊσθαι
359 4207 444 4273 αφ
455 4182 544 4249 σθαι
558 4193 617 4258 τῆ
630 4185 705 4258 ὅλη,
720 4179 852 4272 6⁰6⁹*
838 4175 915 4246 [ναι
928 4191 1057 4248 τουτο
1070 4179 1195 4268 τόφῶς,
1208 4176 1339 4268 πρώτως
1353 4183 1451 4254 αυτῆς
1468 4171 1655 4266 είηρθημεν
1669 4174 1730 4240 Καί

177 4293 238 4386 γάρ
261 4297 320 4428 πρό
304 4303 399 4362 ατοῦ
424 4291 572 4358 συνθέτου
594 4293 633 4356 τό
657 4295 776 4356 άπλοῦν
800 4286 878 4354 εἶναι
901 4299 959 4364 τῆς
983 4291 1014 4354 ἐν
1039 4290 1120 4372 αὐτῇ
1148 4285 1322 4376 μετέχον’
1307 4286 1478 4377 ασωμάτου
1503 4279 1599 4365 ζωῆς·
1623 4275 1730 4349 δεῖδὲ

177 4405 300 4494 ἡμᾶς’
284 4429 333 4470 ττι
357 4402 560 4494 τρανέστερον
579 4399 906 4489 εἰπεῖνάφρονοῦμεν.
924 4404 989 4463 Πᾶν
1006 4397 1109 4462 τοίνυν
1126 4404 1189 4461 τῶν
1207 4394 1519 4484 συμπληρούντωντ
1499 4393 1555 4458 τόν
1578 4390 1729 4465 αἰσθητόν

177 4523 290 4579 τοῦτον
314 4513 430 4602 κόσμον
454 4509 621 4600 σωμάτων,
643 4507 664 4582 6
689 4506 846 4591 ἑστώτων,
870 4505 890 4579 6
915 4504 1112 4595 κινουμένων,
1136 4503 1190 4568 καί
1210 4502 1230 4577 6
1257 4505 1336 4568 ὅλων
1361 4502 1428 4635 άμα
1452 4499 1638 4591 κινουμένων
1662 4508 1726 4563 τῶν

178 4622 304 4710 κινουμέ
306 4647 375 4700 νων,
398 4619 513 4694 ἣκαθ
535 4617 646 4684 ὅλα
611 4642 667 4706 μεν
683 4614 839 4693 ὲστωτων
857 4639 942 4680 κατα
928 4613 1035 4704 μέρη
1055 4605 1089 4677 δε
1103 4635 1301 4701 κινουμενων
1319 4610 1456 4701 αναγκη,
1471 4607 1612 4698 καθαπερ
1636 4606 1728 4738 φασίγ

179 4732 250 4795 ὅτε
275 4728 440 4804 ’έθηναιος
457 4727 549 4804 ωένο,
537 4726 618 4792 καί
641 4731 657 4790 ό
675 4728 815 4814 Τςίμαιο,
833 4722 939 4789 καί
903 4748 944 4788 τα
961 4727 1086 4788 ἑστῶτα
1102 4720 1254 4788 πάνταὲ
1272 4713 1344 4811 δρα
1360 4719 1459 4785 τινί
1445 4717 1584 4784 ἑστάναι·
1608 4713 1722 4781 καί
1685 4740 1729 4781 τα

178 4837 353 4927 κινούμενα,
377 4835 453 4911 ἢέν
478 4847 518 4923 τῇ
544 4838 625 4921 αὐτῇ
643 4827 717 4924 δρα
733 4832 927 4910 κινεισθαι
910 4855 968 4896 οσα
985 4830 1054 4896 καθ
1072 4831 1163 4895 ολα
1148 4853 1291 4905 εστηκεν
1311 4827 1368 4902 6
1358 4833 1411 4892 απ’
1436 4826 1537 4901 ἄλλης
1561 4830 1602 4901 εἰς
1625 4824 1727 4895 ἄλλην

178 4938 389 5036 μεταὸαίνειν,
414 4946 472 5010 ὅσα
496 4936 617 5033 άμείύει
640 4941 737 5006 τόπον
756 4944 793 5004 ἐκ
807 4939 906 5004 τόπου
924 4936 1170 5027 μεταλλάσοντα
1187 4937 1256 5003 ὅλα.
1274 4933 1395 5000 Τούτου
1413 4924 1446 4998 δὲ
1470 4930 1604 5007 ἀληθοῦς
1628 4929 1728 5013 ὄντος,

178 5053 300 5145 ἀνάγκη
327 5053 382 5119 καί
404 5054 459 5118 τόν
484 5051 629 5142 οὐρανόν,
655 5051 718 5114 εἴτε
746 5054 786 5125 ὡς
810 5048 917 5134 ἑστώς,
943 5049 1013 5123 ὅλος
1037 5051 1068 5112 ἑν
1092 5055 1133 5130 τῇ
1159 5047 1240 5128 αὐτῇ
1266 5033 1340 5132 ἕδρᾳ
1363 5050 1466 5106 νοοῖτο
1479 5040 1516 5126 ³),
1540 5055 1581 5112 —.:-
1604 5039 1666 5104 εἴτε
1689 5041 1729 5112 ὡς

215 5214 237 5288 l)
254 5215 352 5271 for6.'
342 5215 509 5268 υπώπτευσιν
1016 5206 1040 5280 )
1052 5207 1088 5263 In
1101 5203 1199 5261 media
1211 5220 1284 5261 voce
1294 5208 1373 5256 νοοῖτο
1383 5201 1556 5259 ἰωεθεῶιιίῶτ
1567 5215 1621 5273 por
1631 5203 1729 5254 totum

213 5305 237 5380 ²)
254 5307 381 5361 Praeter
392 5320 499 5362 versus
516 5300 733 5375 pessumdatos,
747 5299 837 5376 periit
854 5303 927 5357 nota
979 5313 1102 5354 versum
1111 5291 1253 5350 tredecim
1263 5291 1339 5349 obeli
1351 5295 1454 5348 nostro
1468 5287 1588 5360 similes,
1600 5301 1728 5359 quorum

178 5393 209 5452 in
227 5393 371 5466 margine.
979 5387 1044 5444 1060
1064 5390 1128 5444 ιοιιι
1146 5383 1225 5442 linea
1244 5381 1357 5457 liquido
1375 5397 1462 5440 ετεειι
1479 5378 1546 5436 fuit.

321 5521 416 5578 Αιωε.
436 5534 465 5592 ν,
483 5518 526 5574 4*.
