3944 6074
608 507 664 585 De
681 511 769 586 οίῖαο
787 511 878 586 νηοῖο
897 511 1027 606 duplici
1046 521 1076 588 et
1094 515 1277 590 contrario.
1665 528 1716 587 171

171 676 208 746 τό
231 671 264 758 ἐξ
285 682 409 770 ἀμφοῖν,
427 683 479 745 καί
496 685 614 748 οὐσιοῦν
632 685 685 748 καί
701 685 909 775 οόσιοόμενον,
927 686 980 750 καὶ
997 684 1033 750 τό
1050 681 1082 764 ἐξ
1103 691 1228 776 ἀμφοῖν·
1246 689 1300 752 καί
1316 689 1396 765 ὅπως
1415 683 1579 778 συμίέαίνει
1603 704 1717 777 ταῦτα,

75 797 84 808 ’
171 791 321 864 ἀλλήλοις
345 785 621 880 ἑνεικονιζομένων·
647 803 706 868 τῆς
731 794 786 882 μὲν
810 806 850 880 τῇ
870 785 965 878 διπλῆ
984 789 1048 870 ζωῆ
1070 797 1307 884 παρισουμένης,
1332 799 1554 877 ὑποτεινούσης
1575 800 1634 872 τὴν
1659 804 1718 866 ἑνί-

170 889 284 974 ζουσαν
308 897 345 962 τό
369 889 497 963 διπλοῦν
522 899 606 964 κατά
630 900 688 972 τάν
711 904 824 966 οὐσίαν·
843 913 904 967 τῶν
926 895 959 966 δέ
984 895 1099 966 διττῶν
1124 897 1210 986 ζωῶν
1235 899 1267 982 ἐξ
1292 900 1333 970 ὧν
1358 913 1376 980 ῆ
1404 909 1471 996 μία,
1496 909 1552 986 τάς
1576 915 1611 976 ἑκ
1635 905 1716 977 δυεῖν

170 1010 279 1070 οὐσιῶν
303 1011 344 1083 είς
369 1007 442 1097 μίαν
468 1010 764 1098 συμπτυοσομένας·
790 1015 825 1076 ἐκ
850 1010 904 1098 μὲν
930 1005 981 1074 οὖν
1006 1011 1126 1075 τούτων
1155 1017 1174 1084 ῆ
1208 1008 1290 1101 ψυχὴ
1317 1017 1461 1103 φαίνεται
1485 1019 1542 1105 μία
1567 1010 1718 1103 δυοειδάς,

171 1112 255 1178 κατά
279 1138 314 1178 τε
338 1113 374 1180 τό
399 1110 475 1180 εἶναι
498 1117 552 1180 καί
576 1116 611 1182 τό
635 1111 702 1195 ζῆν·
727 1123 762 1183 ἐκ
786 1109 819 1182 δέ
837 1129 898 1183 τῶν
916 1119 1052 1209 ἀριθμῶν
1071 1129 1133 1184 τῶν
1150 1123 1185 1185 ἐκ
1202 1121 1322 1185 τούτων
1341 1125 1570 1211 ἀναφανέντων,
1589 1127 1716 1216 ἀριθμός

171 1214 314 1299 δυαδικός
333 1227 473 1313 ἀμείνους
491 1228 544 1289 καὶ
560 1228 680 1316 χείρους
696 1229 775 1316 ἔχων
794 1219 948 1318 δυνάμεις,
966 1227 1023 1303 τάς
1040 1228 1095 1318 μέν
1114 1220 1297 1317 δυναμένοις,
1314 1229 1370 1306 τάς
1389 1222 1422 1295 δὲ
1439 1223 1718 1324 δυναστευομένας,

171 1332 384 1423 ἁπλουστέρας
408 1334 461 1398 καὶ
485 1333 724 1424 συνθετωτέρας·
744 1328 893 1401 δύνανται
917 1337 972 1426 μέν
997 1335 1056 1427 γάρ
1081 1343 1109 1401 οί
1129 1339 1296 1426 πλευρικοί·
1315 1329 1558 1407 δυναστεύονται
1576 1333 1609 1408 δέ
1633 1352 1661 1408 οί
1685 1350 1720 1410 ἐκ

172 1441 291 1506 τοάτων
316 1441 370 1506 καί
392 1441 449 1518 τάς
474 1443 528 1531 μὲν
553 1443 716 1531 ὁμοιοόσας
735 1446 804 1528 (fol.
822 1448 875 1512 54.
893 1448 938 1531 v.)
963 1444 1125 1522 ...αότάς
1152 1445 1206 1534 μέν
1227 1447 1468 1537 ἐπιστρεπτικάς
1493 1456 1531 1514 αὑ
1546 1501 1552 1514 .
1567 1502 1574 1515 .
1589 1501 1595 1514 .
1610 1476 1720 1518 στεται

172 1553 226 1615 τόν
251 1551 304 1614 καί
328 1551 365 1615 τό
389 1552 430 1615 έν·
456 1550 511 1626 τάς
536 1543 570 1616 δὲ
595 1557 635 1627 είς
659 1553 833 1641 ἑτερότητα
850 1554 965 1617 καί...
990 1551 1033 1641 μὴ
1060 1552 1090 1617 ἐν
1115 1553 1251 1643 ἀγούσας
1269 1555 1321 1618 καί
1339 1553 1394 1630 τάς
1413 1556 1466 1642 μὲν
1485 1551 1646 1643 αὐξοόσας,
1663 1559 1720 1633 τάς

173 1650 206 1724 δέ
230 1657 376 1748 φθινόσας
399 1657 436 1724 τό
460 1660 610 1749 πτέρωμα
635 1663 742 1736 αὐτῆς·
768 1671 813 1743 τῷ
838 1661 893 1749 μέν
910 1659 969 1752 γάρ
993 1659 1101 1752 ἀγαθῷ
1125 1662 1179 1724 καὶ
1202 1651 1247 1743 τῷ
1272 1665 1359 1745 καλῷ
1384 1663 1499 1746 καὶτῷ
1518 1675 1601 1754 σοφῷ
1626 1677 1720 1730 τοῦτο

172 1761 343 1851 αόξεται“)·
368 1779 431 1843 τοῖς
457 1759 490 1833 δὲ
513 1771 671 1845 ἐναντίοις,
690 1768 786 1856 φθίνει
803 1771 856 1832 καὶ
873 1761 1045 1833 διόλλυται·
1072 1769 1125 1832 καί
1150 1769 1212 1857 μὴν
1229 1769 1283 1832 καὶ
1300 1769 1338 1833 τό
1362 1782 1474 1860 χωρεῖν
1492 1777 1533 1847 είς
1555 1784 1636 1863 τρεῖς
1661 1773 1720 1845 τάν

171 1872 301 1955 αὔξησιν
326 1887 381 1940 τοῦ
407 1875 535 1966 ἀριθμοῦ
561 1867 662 1952 τοῦδε,
687 1885 787 1965 μερῶν
812 1876 885 1965 ἄχρι
908 1887 971 1940 τῶν
996 1877 1218 1966 στερεωτάτων
1237 1879 1334 1953 αὐτῆς
1354 1871 1460 1954 ἐξόδου
1485 1883 1631 1970 περιέχει·
1658 1882 1720 1947 ἄνω

173 1986 226 2075 μὲν
251 1986 310 2077 γάρ
336 1979 412 2050 οὖσα
436 1985 489 2048 καί
504 1987 578 2074 πρός
595 1994 663 2048 νοῦν
681 1984 868 2073 πεπραμένη,
887 1981 969 2072 μετά
985 1982 1043 2054 τάν
1062 1985 1207 2072 ἀμέρειαν
1226 1985 1284 2056 τάν
1302 1985 1419 2076 νοεράν,
1444 1989 1483 2052 τό
1507 1999 1630 2078 πρῶτον
1655 1990 1722 2054 ἐστί

172 2087 335 2180 διάστημα
358 2093 412 2157 καί
435 2094 519 2157 ἔστιν
543 2091 645 2157 εὐθεῖα
670 2090 742 2178 μέν,
768 2083 819 2155 διά
843 2091 902 2164 τὴν
934 2082 1082 2180 πρόοδον·
1109 2091 1220 2166 κόκλος
1253 2083 1286 2156 δέ
1320 2093 1372 2156 καὶ
1403 2087 1491 2170 οὗτος
1522 2102 1562 2172 ὡς
1586 2097 1718 2188 γραμμὴ

171 2197 391 2290 κυκλιζομένη,
417 2193 469 2266 διά
492 2201 551 2272 τάν
576 2199 782 2288 ἐπιστροφήν·
807 2205 943 2264 εἰσιοῦσα
968 2189 1001 2262 δέ
1026 2203 1066 2271 είς
1090 2198 1206 2268 ἑαυτὴν
1231 2189 1447 2265 ἐπιπεδοῦται·
1472 2203 1525 2265 καί
1550 2205 1641 2292 μέχρι
1665 2205 1720 2292 μέν

172 2302 307 2385 διανοίας
334 2309 496 2398 ἱσταμένη,
513 2303 734 2399 τετραγωνίζει
750 2309 876 2380 ἑαυτήν·
895 2307 932 2373 τό
948 2307 1064 2371 σαυτόν
1082 2306 1136 2370 καί
1152 2307 1257 2395 ὅμοιον
1275 2311 1305 2372 ἐν
1322 2319 1363 2392 τῇ
1383 2300 1566 2396 διανοητικῆ
1590 2313 1719 2394 κινήσει,

172 2427 217 2499 τῷ
243 2409 380 2481 διάνοιαν
406 2411 580 2506 εἶναιπρὸς
605 2411 741 2480 διάνοιαν
767 2417 949 2502 κινουμένη,
974 2416 1021 2479 ἔτι
1045 2409 1178 2499 οὖσαέρ·
1204 2405 1277 2501 δόξῃ
1313 2407 1347 2480 δέ
1376 2417 1497 2501 μετά3)
1522 2436 1562 2490 -ζζ-
1585 2411 1720 2495 διανοίας

173 2519 365 2614 συμμίξασα,
390 2537 523 2590 κινεῖται
547 2529 678 2608 κίνησιν,
703 2516 847 2590 ἐπίπεδον
873 2525 938 2612 μὲν,
956 2530 995 2599 ὡς
1013 2527 1048 2588 ἐκ
1069 2515 1150 2588 δυεῖν
1174 2526 1343 2613 γενομένην
1369 2518 1539 2613 δυνάμεων,
1568 2531 1722 2606 ἀλλήλαις

172 2635 440 2724 συμμιγνυμένων,
456 2637 567 2698 ἀνίσων
585 2625 618 2697 δε
634 2638 730 2697 οὐσῶν
748 2636 881 2716 ἐκείνων,
904 2626 1090 2721 προμηκίζει
1116 2631 1213 2701 αὐτὴν
1239 2631 1289 2719 ἀφ’
1307 2636 1433 2706 ἑαυτῆς·
1460 2639 1501 2709 εἰς
1527 2626 1560 2700 δέ
1583 2633 1624 2698 τά
1651 2625 1720 2724 μετ’

174 2741 271 2812 αὐτὴν
298 2743 441 2832 ῥέπουσα,
469 2740 593 2824 βαθύνει
617 2741 658 2806 τά
682 2734 823 2822 ἐπίπεδα,
847 2740 908 2813 τὴν
934 2740 988 2827 μέν
1013 2739 1246 2831 τετραγωνικάν
1265 2735 1347 2818 ζωὴν
1366 2734 1545 2828 κυόίζουσα,
1569 2743 1622 2807 καί
1646 2767 1722 2831 φοιν-

173 2853 283 2915 τασίαν
300 2859 440 2940 γεννῶσα
454 2849 520 2935 (καί
536 2849 595 2940 γάρ
612 2856 630 2922 ῆ
651 2853 808 2938 φαντασία
825 2860 892 2924 νοῦς
910 2874 956 2924 τις
973 2849 1056 2913 ἐστίν
1073 2848 1258 2923 παθητικός·
1276 2840 1362 2913 ένδον
1379 2850 1434 2937 μέν
1451 2853 1582 2940 ἐνεργεῖν
1597 2849 1720 2934 ἐθέλων,

174 2958 309 3024 ἀσθενῶν
328 2951 360 3021 δέ
381 2947 432 3022 διά
448 2957 508 3028 τὴν
525 2963 566 3032 εἰς
583 2959 619 3022 τό
637 2960 762 3047 στερεόν
780 2962 923 3040 πτῶσιν)·
940 2956 999 3028 τὴν
1018 2949 1050 3022 δὲ
1066 2959 1215 3048 προμήκη
1236 2956 1319 3020 κατά
1339 2957 1398 3028 τὴν
1418 2959 1572 3049 ἀνάλογον
1589 2951 1721 3048 πρόοδον

174 3071 214 3142 εἰς
239 3065 310 3141 τοὺς
335 3069 497 3152 ἀνομοίους
522 3057 710 3152 ὑφιζάνουσα
735 3064 884 3154 στερεοὺς,
909 3065 962 3128 καί
985 3065 1044 3135 τάν
1069 3065 1210 3136 αἴσθησιν
1234 3075 1409 3154 γεννῶσαν,
1433 3077 1546 3156 γνῶσιν
1570 3061 1664 3131 οὖσαν
1689 3062 1722 3146 ἐξ

175 3177 327 3263 ἀνομοίων
341 3173 487 3262 σώματος
499 3173 553 3236 καί
566 3173 745 3260 ἀσωμάτου,
761 3173 814 3236 καὶ
827 3177 940 3246 ἑαυτῆς
956 3175 1024 3256 (fol.
1039 3177 1094 3258 55)
1108 3184 1218 3249 ...τῆς
1235 3167 1298 3248 ζωῆ
1304 3201 1316 3249 ς
1333 3175 1453 3239 τούτοιν
1464 3228 1471 3242 .
1482 3229 1507 3244 ..
1523 3177 1722 3264 πλεκομένων

173 3283 317 3374 χειρόνων
335 3283 614 3347 καὶ...τελοῦνται
628 3283 771 3369 ἀρμονίαι
789 3272 951 3356 δοοειδεῖς.
964 3331 986 3343 ..
1004 3281 1268 3366 [κα]ταστατικ·“ην
1282 3281 1335 3344 καὶ
1353 3291 1397 3365 τῷ
1415 3293 1532 3347 εαυτοῦ
1546 3283 1662 3348 κύκλου
1675 3335 1681 3350 .
1694 3335 1720 3351 ..

174 3404 219 3476 τῷ
245 3392 375 3482 θατέρου
400 3391 565 3481 συγγενὴς,
583 3390 637 3453 καί
652 3389 771 3480 γενέσει
787 3443 793 3456 .
810 3413 889 3478 ..γε
913 3387 1084 3462 ἑκατοντάς
1102 3390 1190 3461 καὶῆ
1210 3389 1318 3477 μυριάς
1337 3393 1378 3478 ἀφ
1395 3443 1401 3458 .
1417 3443 1424 3458 ,
1440 3391 1542 3458 ,νικαί
1565 3393 1639 3481 πρὸς
1664 3401 1721 3466 τῆς

174 3503 374 3577 ταυτότητος
398 3495 553 3568 οὖσαι...
579 3501 683 3588 ὅμοιον
709 3496 880 3586 ἀνάγουσαι
905 3495 958 3558 καί
982 3495 1018 3561 τό
1043 3495 1130 3560 θεῖον.
1156 3499 1255 3566 Δηλοῖ
1279 3487 1311 3559 δέ
1335 3497 1388 3559 καί
1413 3499 1506 3572 αότός
1529 3500 1560 3563 ἐν
1585 3489 1721 3584 Φαίδρῳ,

176 3604 227 3676 διά
251 3614 365 3700 μυρίων
390 3613 468 3675 ἑτῶν
493 3604 748 3692 ἀποκαίταγστάς
773 3604 831 3675 τὴν
856 3600 958 3692 ψυχὴν
984 3605 1046 3668 ἀπό
1070 3605 1216 3694 γενέσεως
1235 3608 1276 3678 εἰς
1292 3603 1329 3668 τό
1345 3605 1468 3676 νοητόν·
1494 3610 1513 3676 τ’,
1540 3597 1574 3670 δέ
1596 3604 1721 3692 πεμπάς

176 3718 256 3809 μετά
280 3729 335 3784 τοῦ
351 3710 583 3806 έόδομήκοντα,
599 3717 651 3780 καί
668 3721 696 3780 οί
711 3770 717 3782 ,
733 3768 739 3782 .
757 3767 764 3782 .
789 3713 944 3804 ἀνάλογον
969 3715 999 3776 ἐν
1017 3711 1222 3776 ἑκατοντάσιν
1240 3712 1294 3774 καί
1310 3711 1447 3800 χιλιάσιν
1465 3711 1506 3777 τά
1530 3713 1723 3776 πεντακόσια

174 3829 228 3893 καὶ
251 3829 485 3915 ἐπτακισχιλια,
510 3828 544 3890 ἐκ
567 3828 708 3914 πλευρῶν
732 3823 891 3914 γενόμενοι
920 3812 1127 3910 διαφερουσῶν
1152 3818 1206 3882 καί
1229 3821 1382 3906 ἀνομοίων
1407 3829 1644 3909 τετραγωνικῶν
1669 3819 1722 3883 καί

174 3946 355 4026 προμηκῶν,
380 3935 439 4008 τὴν
464 3935 572 4024 ἑτέραν
596 3925 736 4022 περίοδον
759 3932 812 3994 καὶ
836 3931 978 3996 ἐναντίαν
1003 3921 1242 4006 ἑνεικονίζονται
1259 3927 1318 3999 τὴν
1335 3928 1562 4020 γενεσιουργόν·
1578 3927 1647 3992 ἐστι
1663 3926 1722 4018 γάρ

174 4047 227 4110 καὶ
244 4047 304 4110 ἀπό
318 4055 372 4110 τοῦ
386 4055 500 4116 νοητοῦ
517 4045 591 4132 πρός
608 4044 662 4106 τόν
680 4043 792 4114 νοητόν
805 4031 885 4115 ὁδός,
903 4039 956 4103 καί
970 4039 1031 4102 ἀπό
1045 4038 1190 4129 γενέσεως
1207 4036 1256 4102 ἐπὶ
1273 4037 1392 4126 γένεσιν
1410 4047 1479 4110 ταῖς
1496 4033 1618 4125 ψυχαῖς·
1632 4042 1651 4109 η
1667 4035 1723 4123 μὲν

175 4165 240 4229 τοῖς
257 4157 430 4244 ἀναγωγοῖς
455 4151 531 4227 θεοῖς
556 4151 712 4239 ἀνειμένη,
729 4155 748 4221 ῆ
769 4141 802 4212 δὲ
819 4159 883 4223 τοῖς
900 4157 1122 4237 γενεσιονργοῖς
1147 4147 1200 4209 καί
1218 4147 1371 4236 ἀγγέλοις·
1388 4151 1407 4217 ῆ
1427 4143 1482 4232 μὲν
1507 4155 1572 4217 τοῖς
1595 4143 1719 4206 λύουσιν

175 4261 234 4331 τὴν
251 4262 340 4342 ὕλην,
357 4267 376 4332 ῆ
397 4253 430 4325 δέ
445 4271 510 4334 τοῖς
527 4269 589 4323 τῶν
615 4248 755 4322 καθόδων
773 4257 900 4345 ἐφόροις·
919 4255 973 4318 καί
989 4260 1017 4318 οί
1034 4247 1205 4332 δηλωτικοί
1222 4253 1341 4318 τούτων
1361 4252 1496 4342 ἀριθμῶν
1513 4262 1582 4326 ταῖς
1599 4243 1723 4327 τάξεσιν

175 4376 313 4436 ἀνεῖνται
329 4369 471 4450 ταύταις,
489 4370 590 4457 ὥσπερ
608 4367 737 4431 καὶτῶν
754 4369 784 4430 ἐν
802 4375 871 4440 ταῖς
887 4362 999 4454 ψυχαῖς
1014 4363 1145 4426 κόκλων·
1163 4369 1181 4436 ῆ
1202 4363 1255 4451 μὲν
1273 4373 1318 4445 τῷ
1334 4369 1452 4426 ταυτοῦ
1470 4363 1670 4449 προσῆκεν,ῆ
1689 4348 1723 4422 δέ

175 4489 221 4560 τῷ
245 4477 386 4568 θατέρου.
411 4486 465 4542 Δεῖ
482 4469 525 4561 δέ,
546 4478 647 4564 ὥσπερ
671 4473 819 4562 ἑκατέρας
843 4472 916 4536 εἰσίν
939 4471 1102 4560 νίγεμόνες,
1119 4472 1200 4535 οὕτω
1224 4470 1277 4535 καί
1301 4472 1355 4534 τόν
1379 4471 1432 4534 ἕνα
1455 4465 1640 4557 προστάτην
1664 4475 1722 4538 τῆς

176 4587 410 4677 συναμφοτέρας
423 4597 501 4652 νοεῖν
516 4580 627 4650 ἀνόδου
645 4607 681 4648 τε
698 4582 751 4646 καὶ
766 4572 900 4644 καθόδου
918 4581 1045 4655 καὶτῆς
1063 4571 1175 4655 διπλῆς
1193 4585 1223 4644 ἐν
1241 4590 1280 4664 τῆ
1300 4579 1416 4668 γενέσει
1432 4569 1514 4653 ζωῆς
1531 4574 1670 4663 εὐγονίας
1687 4593 1724 4635 τε

176 4695 229 4758 καί
254 4686 425 4786 δυσγονίας·
452 4693 484 4759 όν
508 4699 535 4758 εἰ
552 4685 598 4758 δεῖ
614 4703 653 4777 τῆ
673 4695 732 4779 ἐμῆ
753 4689 884 4777 μαντείᾳ
900 4687 1074 4776 προσέχειν,
1093 4689 1147 4750 οὐκ
1165 4685 1260 4750 ἀλλον
1278 4685 1297 4758 ἢ
1316 4687 1370 4748 τόν
1389 4680 1555 4772 Προμηθέα
1573 4671 1620 4745 δεῖ
1635 4681 1724 4766 νομί-

175 4795 247 4880 ζειν·
262 4803 295 4867 ’όν
308 4804 361 4867 καί
374 4801 507 4866 Πλάτων
522 4805 552 4866 ἐν
567 4799 759 4890 Πρωταγόρᾳ
772 4806 829 4869 τῆς
844 4793 1035 4884 ἀνθρωπίνης
1049 4787 1129 4871 ζωῆς
1144 4795 1261 4882 ἔφορον,
1275 4792 1377 4879 ὥσπερ
1391 4792 1460 4879 (fol.
1475 4793 1516 4855 55
1531 4789 1574 4877 ν.)
1588 4792 1724 4851 ...Ἐπι-

214 5181 236 5256 ¹)
249 5181 327 5239 Νότε
339 5177 371 5236 in
380 5195 473 5253 marg.
485 5179 612 5238 evanida
624 5179 692 5236 fort.
706 5175 818 5251 aliquid
831 5175 922 5234 addit.
978 5176 1180 5246 congeruntur
1199 5175 1314 5244 septem
1330 5173 1361 5225 σε
1374 5164 1500 5238 triginta
1518 5159 1655 5219 asterisci
1674 5159 1726 5233 qui

214 5273 237 5346 ²)
257 5273 326 5330 Cod.
346 5272 475 5345 primum
494 5273 615 5333 σώζουσα.
977 5267 1046 5338 plus
1064 5263 1163 5320 minus
1182 5262 1258 5318 duos
1271 5276 1377 5316 versus
1390 5257 1525 5331 implent,
1543 5253 1663 5326 integre
1681 5255 1726 5309 te·

215 5359 239 5438 ³)
257 5363 314 5419 Hie
333 5362 516 5420 cumulatius
542 5379 631 5434 quem
657 5359 743 5417 ullibi
769 5359 800 5416 in
825 5357 924 5416 codiee
976 5374 1045 5414 men
1064 5353 1214 5414 sententie
1231 5355 1383 5425 pergente.
