3944 6074
816 553 908 626 Pers
936 553 959 624 1
966 551 1004 625 V.
1633 555 1687 616 εει

184 730 310 796 Bonum
333 739 377 796 eot
402 729 544 795 omninm
566 729 825 796 documentorum
847 729 1010 796 ultionem.
1029 767 1071 779 -
1087 729 1224 812 Bonnm,
1247 747 1287 791 en
1309 747 1369 814 qno
1393 723 1513 791 omnio.
1531 761 1571 771 -
1588 725 1688 788 λύτο-

142 837 260 925 αγαθον
278 861 376 902 ιιιιιιιη
392 848 437 902 est
452 859 524 902 cnm
540 846 586 920 τῷ
604 829 792 919 αὐτοδικαίῳ
806 837 860 901 καὶ
875 847 920 920 τῷ
937 837 1115 920 αὑτοκάλῳ.
1131 875 1172 886 -
1188 835 1314 900 Bonum
1331 857 1388 900 rem
1405 842 1451 901 eet
1465 857 1572 900 rernm
1587 833 1688 920 epiri·

143 944 290 1026 tnolinm,
308 953 338 1011 et
354 946 452 1009 menti
467 945 612 1032 imperet.
630 982 668 992 -
687 945 759 1011 Rem
774 946 927 1030 omnium,
944 954 978 1009 nt
1000 946 1036 1010 in
1060 944 1177 1010 mundo
1201 944 1258 1011 eol.
1278 983 1316 992 -
1333 945 1459 1010 Bonum
1475 949 1505 1008 et
1528 964 1592 1008 erre
1614 949 1690 1009 onnt

141 1052 236 1119 idem.
250 1091 292 1100 —
306 1055 434 1120 Bonum
447 1062 491 1118 eet
507 1053 635 1138 triplex,
650 1075 747 1118 nnnm
759 1054 1069 1140 euperenbetontiote
1085 1063 1113 1118 et
1129 1055 1363 1121 communicari
1374 1055 1527 1133 neonium,
1541 1073 1640 1117 onum
1653 1050 1689 1118 in

142 1163 284 1244 eoeentio,
306 1161 361 1226 sed
378 1184 442 1227 non
458 1162 764 1246 communicandum,
781 1185 879 1227 unum
890 1163 1170 1252 participandum,
1186 1163 1270 1250 quod
1292 1161 1455 1227 nobiseum
1476 1169 1529 1225 eet.
1547 1198 1589 1207 —
1610 1157 1690 1226 Ideo

141 1269 227 1355 boni,
240 1271 384 1336 monimo
396 1271 538 1335 omnium
551 1273 646 1336 notio.
661 1307 703 1320 -
716 1271 793 1336 Non
806 1276 851 1335 eet
864 1271 1008 1358 φρόνησις
1020 1273 1085 1336 oioe
1098 1271 1315 1356 intelliqentia.
1333 1309 1373 1318 —
1387 1269 1462 1334 Non
1474 1275 1520 1334 nt
1535 1267 1689 1354 voluptoe,

141 1367 252 1450 ἡδονή.
280 1413 317 1426 ·-
344 1378 386 1441 In
409 1377 520 1441 anima
542 1385 586 1442 eet
606 1399 667 1462 per
689 1376 833 1442 divinam
849 1378 1103 1464 inspirationem,
1123 1375 1400 1466 ἀπομαντευομένη
1422 1384 1509 1441 πᾶσα
1532 1371 1630 1463 ψυχή.
1648 1411 1689 1422 -

149 1485 215 1550 Ren
237 1495 290 1568 ent,
316 1483 378 1551 ooli
399 1483 532 1551 eimilie.
555 1522 599 1532 -
628 1483 672 1550 Ut
693 1483 742 1550 eol
764 1485 856 1571 lucio,
872 1487 918 1550 nio
934 1485 1049 1551 bonnm
1073 1485 1217 1550 veritatis
1233 1507 1364 1572 perenn.
1383 1527 1422 1538 -
1444 1483 1486 1550 Ut
1506 1482 1556 1550 eol
1578 1491 1690 1548 ennete

141 1594 267 1676 mnndi,
292 1594 339 1660 rio
360 1593 475 1660 mentio
498 1593 607 1658 omnio
630 1593 748 1659 bonnm
771 1594 943 1659 collustrat.
968 1635 1007 1646 -
1030 1592 1060 1657 Α
1086 1595 1166 1660 bono
1192 1617 1297 1659 oerum
1321 1604 1349 1659 et
1367 1593 1548 1681 pulchrum.
1574 1635 1613 1647 -
1635 1595 1690 1659 Eoo

142 1703 221 1768 bono
245 1724 350 1768 omnen
373 1701 472 1786 ideae,
496 1700 546 1766 vel
567 1711 721 1766 aeternae.
747 1745 786 1756 -
809 1702 936 1767 Bonum
959 1724 1014 1767 meo
1045 1701 1131 1769 ittet
1153 1704 1258 1789 iprum
1290 1712 1343 1786 eet,
1368 1724 1467 1790 neque
1497 1702 1609 1784 olind;
1633 1725 1690 1768 neo

141 1820 288 1892 moretur,
315 1832 414 1896 noque
436 1820 519 1892 nom
541 1833 597 1876 neo
613 1810 760 1898 formem
783 1810 886 1894 habet,
909 1833 964 1874 nee
987 1832 1172 1892 nnmornm;
1195 1833 1251 1874 nee
1274 1811 1379 1875 simile
1411 1819 1473 1892 ert,
1498 1831 1595 1897 neone
1622 1810 1690 1874 die·

141 1918 266 2000 m'rnile,·
289 1939 344 1982 neo
361 1940 440 2005 por,
464 1940 562 2004 neque
585 1919 703 2006 impar,
726 1940 782 1984 neo
802 1919 972 1984 seeundum
996 1918 1085 2006 quid.
1117 1919 1222 1985 Unnm
1245 1929 1298 2004 eet,
1314 1920 1397 1984 siout
1411 1919 1476 1983 Dei
1498 1919 1609 1984 unitor
1632 1923 1687 1984 eet.

146 2026 331 2114 Perfectum
354 2037 398 2092 eet
421 2036 449 2093 et
464 2028 572 2093 omnia
590 2027 729 2113 perficit.
752 2028 814 2094 Eet
837 2037 871 2091 nt
893 2029 1003 2094 omnia
1025 2029 1090 2093 rint
1113 2035 1141 2092 et
1161 2027 1311 2119 perfeeto
1333 2029 1400 2094 nint
1415 2024 1450 2112 ¹).
1476 2025 1562 2114 Erqo
1585 2047 1691 2092 rennn-

144 2135 226 2202 dnm
250 2135 430 2220 Platonem,
454 2135 567 2202 bonnm
592 2144 635 2200 eet
658 2135 745 2200 Dono
761 2136 905 2222 primns.

187 2463 230 2530 M.
255 2464 311 2531 fol.
332 2466 404 2529 150.
423 2465 480 2529 Ed.
498 2486 528 2549 p.
546 2466 622 2529 425.
639 2499 683 2510 —-
699 2462 721 2529 l.
739 2465 781 2528 30
806 2461 886 2525 ὅλων
942 2464 1006 2542 τες)
1032 2451 1342 2550 παραλαμύάνοντες.
1373 2499 1410 2508 -
1434 2460 1456 2528 1.
1481 2465 1523 2528 40
1548 2460 1688 2544 ἐκείνοις)

142 2569 207 2653 καί)
225 2571 305 2634 ὅλων
322 2564 365 2644 οἷς
382 2571 444 2636 καί.
464 2570 541 2636 -1.
561 2573 602 2636 33
618 2569 656 2632 τὸ
675 2566 886 2656 μαθημάτων)
942 2572 973 2634 ὲν
998 2569 1133 2644 ἐκείνοις.

140 2687 203 2743 τῶν
228 2675 302 2768 μαθ.
328 2715 369 2726 -
393 2679 415 2745 1.
433 2680 475 2744 34
496 2677 556 2762 ὅπῃ
583 2681 643 2760 τις)
669 2676 739 2740 ὅποι
761 2678 820 2751 τίς.
846 2715 885 2725 -
986 2679 1032 2744 Μ.
1056 2679 1113 2744 fol.
1141 2680 1202 2744 152
1229 2701 1258 2744 v.
1283 2715 1325 2724 —
1349 2677 1370 2744 1.
1396 2680 1439 2743 43
1471 2677 1624 2765 χωριστὸν
1654 2674 1689 2742 δν

140 2789 161 2854 1.
187 2791 228 2854 35
245 2789 326 2876 ἔχοι)
343 2787 418 2874 ἔχει.
438 2823 478 2834 -
495 2786 517 2851 l.
539 2789 581 2852 36
598 2782 886 2876 ἑπαγγελλάμενος)

141 2897 440 2984 ἑπαγγείλλαμενος.

185 3003 230 3068 Μ.
253 3003 310 3069 fol.
338 3003 399 3067 150
432 3025 460 3066 v.
485 3037 528 3054 -ι-
550 3002 572 3068 1.
598 3004 640 3067 40
674 2993 886 3086 ἐπονομάζων)

141 3102 352 3194 ἐπονομάζειν.
367 3145 408 3156 -
425 3110 447 3176 1.
464 3111 506 3175 49
524 3100 682 3197 ὑπάρξεως
699 3111 778 3190 ἐστι)
795 3107 890 3196 ύπάμ·

143 3207 218 3292 ξεων
244 3219 338 3282 ἐστιν.

186 3321 312 3389 Μ.101.
340 3326 412 3390 151.
437 3325 495 3390 Md.
527 3347 558 3410 p.
583 3327 659 3390 420.
686 3360 726 3371 —
749 3325 772 3391 l.
799 3327 813 3390 1
841 3314 887 3387 διὸ

144 3419 191 3510 δὲ)
208 3421 262 3494 δύο
279 3422 324 3498 δέ,
342 3469 383 3479 --
400 3432 422 3499 1.
441 3435 460 3498 4
477 3422 635 3496 ἐδείκνυτο
650 3428 753 3514 ὄντος)
770 3422 888 3496 ἐδείκνυ

142 3549 197 3603 τοῦ
221 3538 322 3615 ὄντος.
347 3577 389 3588 -
412 3541 435 3607 l.
461 3543 480 3606 6
502 3539 655 3628 μετέχειν)
673 3539 830 3628 μετέχειν.
847 3579 889 3587 -

141 3650 164 3715 l.
185 3652 224 3716 10
242 3650 276 3711 οίι
294 3648 457 3730 κάκείνοις)
475 3650 531 3712 ούκ
555 3651 586 3712 ἑν
603 3649 738 3722 ἐκείνοις.
754 3649 829 3715 -1,
849 3651 888 3715 12

143 3756 335 3844 μετειλιχδς)
352 3755 551 3844 μετειληχύς.
572 3793 610 3803 -
628 3754 753 3819 καὶτοῦ
773 3755 889 3844 ἕωσπερ

142 3865 258 3952 ἔφημεν
284 3868 341 3952 sio)
365 3865 470 3928 καίτοι
492 3888 529 3955 γε
553 3865 655 3953 ὥσπερ
680 3865 809 3952 ἔφαμεν.

187 3973 231 4040 Μ.
256 3974 311 4040 fol.
331 3976 391 4039 151
410 3997 439 4040 v.
459 4009 501 4020 -
517 3974 538 4039 l.
557 3976 594 4039 21
623 3971 763 4064 τάγαθοῦ
786 3965 889 4057 τάξιν)

143 4077 281 4169 τάγαθοῦ
299 4071 370 4158 ἕξιν.
396 4083 483 4164 --1.
509 4085 551 4148 24
574 4078 612 4154 ἢν
637 4080 694 4144 κάν
718 4073 891 4172 ἑξεμγαζιύ-

144 4188 235 4279 μεθα)
259 4190 353 4263 ἡνίκα
377 4187 413 4253 ἂν
438 4181 538 4280 ἐξεργ.

187 4299 231 4364 Μ.
251 4298 305 4364 101.
325 4301 399 4365 152.
417 4334 457 4345 -
476 4299 498 4364 1.
516 4301 558 4364 29
583 4295 794 4386 ὐποκουμένῳ)
817 4302 892 4362 ὑπο-

141 4404 308 4491 νοουμίνῳ.
325 4442 369 4452 -
384 4413 446 4469 τῶν
470 4405 583 4488 ὄντων)
608 4414 671 4468 τῶν
691 4413 823 4473 νοητῶν.
849 4443 891 4455 -

143 4514 165 4580 l.
190 4517 229 4582 31
256 4512 376 4577 τούτων
394 4507 460 4600 οὖν)
476 4512 597 4578 τούτων
615 4504 643 4577 δ’
662 4506 725 4578 ούν.
744 4549 786 4561 -
801 4512 823 4578 1.
848 4517 889 4580 32

143 4616 179 4694 ἧς
204 4621 270 4702 καί)
295 4616 337 4695 οἷς
361 4622 426 4688 καί.
450 4657 491 4669 -
516 4621 600 4688 133
625 4626 653 4684 ot
677 4611 722 4706 δὲ)
748 4625 763 4684 ὁ
787 4610 891 4688 δέ.-

942 2787 1046 2874 ἡμῶν)
1063 2784 1217 2875 χωριστόν
1234 2807 1294 2850 που
1310 2782 1345 2850 ὃν
1361 2791 1462 2872 ἡμῶν,
1479 2820 1523 2834 -
1539 2787 1560 2852 1.
1578 2789 1620 2851 48
1637 2784 1691 2848 καί

944 2897 980 2958 τὸ
1005 2899 1035 2960 ἑν
1060 2899 1150 2982 ἡμῖν)
1175 2895 1209 2957 ού
1233 2895 1270 2958 τὸ
1288 2897 1318 2958 ἑν
1336 2899 1424 2981 ἡμῖν.
1443 2931 1482 2941 --
1501 2894 1522 2959 l.
1548 2896 1588 2959 51
1616 2897 1691 2958 συλ-

943 3001 1104 3094 λογίοαντ’
1130 3001 1179 3086 άν)
1202 3005 1418 3093 συλλογίσαιτ’
1444 3001 1492 3068 ἄν.
1517 3039 1560 3049 -
1584 3002 1641 3068 Ed.
1658 3027 1690 3089 p.

944 3117 1020 3194 427,
1045 3115 1066 3180 l.
1093 3117 1109 3178 1
1135 3115 1269 3203 γελοῖος)
1293 3113 1432 3202 γελοίως.

988 3220 1034 3287 Μ.
1058 3221 1113 3287 fol.
1133 3224 1207 3287 153.
1224 3257 1267 3268 —
1283 3221 1305 3286 1.
1324 3223 1343 3286 9
1368 3217 1487 3298 τύπων)
1512 3216 1624 3285 τόκων,
1649 3253 1693 3265 ·-

943 3327 968 3392 l.
995 3330 1031 3393 11
1064 3325 1269 3415 σοφιούμεθα)
1302 3323 1512 3414 οοοιοώμεθα.
1537 3361 1579 3372 -
1601 3327 1624 3391 l.
1652 3327 1692 3391 14

945 3434 1099 3522 φυλάττει
1117 3445 1171 3498 τοῦ
1188 3436 1279 3508 ἡλίου
1293 3438 1309 3497 ὁ
1322 3444 1416 3498 τοῦτο
1434 3425 1526 3523 δρῶν)
1539 3432 1692 3522 φυλάττει

944 3541 999 3606 τὀν
1024 3551 1079 3604 τοῦ
1103 3543 1194 3615 ἡλίου
1217 3541 1312 3631 λύγον
1337 3545 1352 3604 ὁ
1376 3565 1407 3608 τ.
1433 3530 1480 3630 δρ.

989 3651 1034 3716 M.
1060 3651 1114 3716 fol.
1142 3653 1204 3716 153
1228 3674 1258 3716 v.
1279 3687 1318 3698 -·
1342 3650 1364 3716 1.
1391 3653 1430 3716 19
1454 3649 1491 3712 τὸ
1517 3649 1692 3737 άναλογῶς)

945 3758 982 3822 το
1007 3759 1193 3846 ἀναλογοῦν.
1210 3801 1248 3810 --
1264 3757 1287 3823 1.
1312 3761 1352 3824 21
1378 3757 1415 3820 τύ
1441 3755 1585 3844 ἀνόμοιον
1609 3759 1693 3842 λαμ-

945 3858 1095 3930 ύάνονται
1118 3863 1256 3949 πάντως)
1279 3865 1335 3928 τὀν
1359 3866 1408 3930 ἀν.
1431 3857 1530 3951 λαμύ.
1554 3861 1693 3930 πάντων.

944 4011 988 4021 -
1011 3976 1035 4043 l.
1059 3978 1101 4042 24
1125 3971 1263 4046 αἰσθητά
1287 3964 1542 4063 διαμνημονεύει)
1567 3970 1649 4040 αίοθ.
1673 3971 1693 4038 ά

946 4073 1035 4168 διαμ.

992 4193 1035 4257 Μ.
1059 4192 1115 4258 fol.
1144 4194 1216 4258 154.
1244 4227 1282 4239 -
1307 4191 1330 4258 l.
1355 4194 1397 4257 34
1430 4181 1533 4264 ἐνδοῦς
1560 4192 1591 4254 ὲν
1616 4189 1693 4273 τοῖς)

946 4289 1085 4364 ἐνδοῦναι
1105 4309 1182 4374 τοῖς.
1203 4338 1241 4348 -
1257 4301 1281 4366 l.
1298 4303 1340 4366 37
1356 4297 1432 4388 πρὸς
1449 4301 1525 4382 τῶν)
1542 4297 1600 4387 πρὸ
1617 4306 1692 4364 τῶν.

946 4448 988 4458 -
1013 4410 1035 4475 l.
1061 4413 1102 4476 39
1127 4417 1246 4472 τοῦτων
1269 4405 1411 4492 πάντων)
1434 4417 1529 4472 τοῦτο
1552 4431 1585 4474 π.

990 4519 1035 4584 Μ.
1060 4518 1117 4584 fol.
1144 4519 1206 4584 154
1230 4540 1259 4582 v.
1285 4553 1327 4565 -
1351 4515 1374 4582 1.
1398 4519 1440 4583 48
1461 4516 1499 4579 τὸ
1522 4519 1614 4600 νοεῖν)
1637 4523 1693 4579 τοῦ

946 4634 1036 4691 νοεῖν.
1055 4661 1097 4672 -
1113 4624 1135 4690 1.
1153 4626 1193 4690 51
1209 4621 1280 4709 οῦχὶ
1298 4620 1443 4708 ἀνόμοια)
1461 4622 1530 4709 οὐχί
1546 4626 1565 4695 ἡ
1586 4624 1633 4687 τίν.
1654 4657 1692 4669 -

142 4730 164 4796 1.
186 4733 229 4795 34
246 4728 419 4817 συντόμως)
436 4727 608 4816 συντεμών.
630 4767 664 4776 -
683 4731 705 4796 l.
724 4733 765 4795 35
782 4733 810 4792 ot
827 4737 889 4792 τῶν
945 4741 1009 4797 τῶν
1033 4731 1216 4822 εἰρημένων)
1240 4738 1302 4792 τῶν
1335 4729 1544 4818 εἰλημμένων.
1574 4767 1610 4778 -
1634 4729 1693 4794 Ed.

143 4831 286 4924 ξυλίνων)
309 4843 329 4912 ἡ
355 4846 418 4901 τῶν
435 4831 502 4914 ξολ.
523 4875 560 4887 -·
579 4839 601 4905 l.
627 4841 669 4904 36
692 4832 892 4926 παραλαύύν-
945 4865 978 4928 p.
1004 4845 1082 4924 428,
1105 4843 1127 4908 l.
1159 4845 1178 4907 2
1211 4837 1324 4913 ἀληθὲς
1355 4835 1404 4922 ὃν)
1433 4835 1557 4913 άληθῶς
1580 4835 1626 4904 ὅν.
1652 4873 1694 4884 ·-

179 5034 200 5108 ¹)
222 5037 252 5085 ἸΙ
273 5034 342 5087 ούσία
362 5037 453 5094 παντύς
473 5035 540 5095 ὄντος
561 5037 655 5106 ίφίιται
668 5037 711 5088 τοῦ
725 5038 826 5107 ἀγαθοῦ,
847 5043 889 5090 καί
943 5041 1035 5104 πάντα,
1055 5043 1098 5090 καί
1111 5038 1187 5090 ίκιῖνο
1207 5037 1285 5088 αἴτιον
1305 5037 1405 5087 πάντων
1425 5036 1517 5086 καλοῦν·
1539 5035 1555 5084 ἃ
1574 5037 1624 5105 γὰρ
1645 5035 1698 5086 ἐκεῖ

144 5127 183 5178 ἵνα
201 5123 227 5195 ᾖ,
246 5131 289 5177 καί
303 5126 342 5176 ίνα
355 5125 444 5184 τίλιως
457 5121 483 5195 γ’
497 5131 539 5177 καί
556 5127 629 5178 τοῦτο’
648 5123 711 5177 ίστιν
726 5127 775 5196 ἄρα
789 5131 816 5180 τί
831 5131 891 5180 πάν·
944 5127 1070 5196 συντόμως
1085 5129 1164 5177 ταῦτα
1175 5123 1197 5176 ίν
1210 5125 1301 5184 τούτοις
1313 5127 1354 5176 διὰ
1364 5125 1481 5175 πλειόνων
1493 5122 1610 5186 ἐδίδαξεν,
1625 5125 1691 5174 ἀλλὰ

143 5233 190 5264 των
212 5213 347 5279 βασιλεῦον,
368 5219 410 5266 καί
423 5217 517 5268 νοητῶν
531 5221 573 5266 καί
588 5217 720 5269 αἰσθητῶν·
740 5217 772 5275 εἰς
792 5217 829 5269 ὃ...
849 5219 891 5269 nni
944 5218 993 5287 μὴν
1014 5219 1066 5268 ἐκεῖ
1083 5217 1137 5267 πεδί
1158 5219 1199 5266 τοῦ
1213 5215 1312 5283 πρώτου
1325 5217 1378 5265 θεοῦ
1393 5216 1472 5264 ταῦτα
1491 5212 1647 5284 ἐφθέγγεται·
1669 5216 1694 5264 τί

143 5303 274 5353 illinitum
288 5305 364 5371 ἡμᾶς,
381 5305 403 5354 iv
418 5303 575 5362 Ἐπιπολαῖς
591 5307 725 5376 ἀνήγαγεν,
741 5308 824 5370 εἰπὼν,
837 5315 891 5374 περὶ
944 5309 992 5374 ἄρα
1012 5305 1103 5375 ἀγαθάν
1123 5305 1186 5354 ίοτιν
1214 5305 1225 5354 i
1251 5305 1356 5370 πμῦτος,
1380 5309 1445 5353 κατὰ
1466 5305 1598 5366 Πλάτωνα,
1626 5303 1694 5360 θεάς.

142 5397 184 5442 τὸν
204 5396 303 5443 πάντων
325 5392 436 5456 βασιλέα
455 5399 537 5445 πάντα
558 5396 630 5461 terto,
649 5403 691 5446 καί
712 5396 802 5448 ἐκείνου
821 5397 889 5447 ίνεκα
945 5393 1013 5451 (iod.
1035 5395 1139 5451 Medic.
1160 5391 1209 5448 fol.
1232 5394 1291 5446 160.
