3978 6070
469 544 576 650 ,ίίιιιίο
593 547 744 626 nomen?
762 573 824 627 οαν
842 553 942 626 vestis
960 547 1067 626 alba?
1085 549 1372 630 Redimioulum?
1660 557 1696 622 83

152 723 300 799 ἀνῆπται,
325 717 509 813 μεριζομένη
535 725 605 815 περί
628 724 687 796 τήν
704 736 759 790 τοῦ
776 726 936 818 ἀτράκτου
953 727 1129 820 περιφοράν,
1145 733 1199 797 καὶ
1214 729 1396 822 προάγουσα
1417 733 1458 806 εἰς
1482 728 1613 820 ἐμφανές
1637 729 1696 804 τήν

152 839 210 905 τῆς
236 823 368 918 μονάδος
392 833 546 922 πρόνοιαν·
571 832 638 899 ὅθεν
655 835 708 899 καί
725 841 834 925 Μοῖραι
851 835 909 907 τήν
928 838 1037 926 φήμην
1054 841 1146 929 ἔσχον
1167 834 1261 904 αὑται
1284 835 1458 917 καλεῖσθαι,
1482 841 1517 904 οὑ
1542 840 1635 929 μόνον
1659 844 1698 916 ὡς

153 931 332 1026 μερίζουσαι
355 939 396 1004 τά
420 941 607 1031 ὀφειλόμενα
631 952 695 1018 τοῖς
719 942 911 1033 γιγνομένοις
935 954 1039 1022 πᾶσιν,
1065 945 1148 1012 ἀλλά
1171 946 1225 1011 καί
1256 951 1296 1021 ὡς
1328 944 1533 1036 μερισάμεναι
1556 945 1616 1021 τήν
1640 958 1698 1024 τῆς

152 1049 269 1137 μητρὸς
294 1049 460 1140 γινομένην
485 1051 619 1122 ποίησιν·
643 1054 742 1124 ἐκείνη
771 1043 804 1117 δέ
820 1052 971 1145 Ἀνάγκη,
987 1060 1026 1129 ὡς
1044 1065 1202 1145 κρατοῦσα
1217 1054 1344 1120 πάντων
1370 1055 1526 1145 ἀραρότως
1549 1055 1603 1119 καί
1627 1059 1700 1120 ἀνα-

151 1146 345 1244 ποδράστως·
362 1151 403 1221 ὧν
420 1152 514 1222 αὗται
527 1149 730 1249 διῃρημένως,
743 1170 806 1224 τῶν
820 1160 875 1250 μέν
888 1160 949 1254 γάρ
961 1155 1019 1240 ἔξω
1032 1163 1176 1254 γενέσθαι
1190 1155 1333 1246 δυνατὸν,
1346 1162 1430 1226 κατά
1447 1187 1518 1228 τινα
1535 1163 1699 1254 ἐνέργειαν,

151 1261 213 1328 οἷον
237 1275 295 1342 τῆς
319 1266 497 1354 Ααχήσεως,
522 1267 607 1332 κατά
630 1268 689 1341 τήν
709 1271 768 1361 πρὸ
786 1279 840 1334 τοὺ
857 1272 973 1360 κλήρου
991 1265 1084 1351 ζωήν·
1109 1283 1231 1363 πρῶτος
1254 1271 1315 1362 γάρ
1338 1277 1421 1361 ήμάς
1445 1276 1460 1333 ὑ
1486 1275 1600 1361 κλῆρος
1625 1276 1700 1337 ὑπο-

150 1374 264 1440 τάττει
287 1386 328 1460 τῇ
353 1375 496 1466 Λαχέσει,
517 1375 571 1440 καί
594 1377 632 1441 τί)
655 1380 767 1466 λαχεῖν
792 1375 854 1443 οἷον
877 1403 956 1444 ποτε
982 1384 1107 1469 κλῆρον·
1125 1390 1183 1456 τῆς
1208 1371 1425 1470 δέ’Ἀνσίγκης,
1449 1377 1520 1443 κατ’
1542 1369 1697 1468 οὐδεμίαν·

150 1474 197 1548 διθ
214 1485 324 1574 κυρίως
341 1485 481 1574 Ἀνάγκη
500 1485 606 1552 πάντα
621 1480 833 1576 περιλαύοὺσα
849 1498 914 1564 τοῖς
931 1493 1046 1565 ἑαυτῆς
1063 1490 1217 1554 ἀκλινέσιν
1235 1491 1324 1578 ὅροις.
1341 1526 1384 1537 -
1402 1487 1445 1553 Τὸ
1463 1479 1497 1553 δέ
1520 1478 1558 1560 δή
1576 1489 1698 1577 λευχεί·

151 1615 246 1681 μονας
270 1590 426 1682 λέγεσθαι,
450 1591 529 1658 πάν-

150 1867 173 1932 f.
199 1867 251 1947 77,
276 1865 311 1931 in
334 1866 451 1934 lacuna
475 1871 495 1934 3
519 1890 620 1935 νοτες
646 1874 728 1942 ...ή
755 1869 932 1960 αὑτοφανής
1023 1863 1105 1948 ζωῆς
1131 1870 1166 1935 τὸ
1188 1869 1345 1960 φωτεινόν·
1369 1869 1422 1934 καί
1447 1861 1498 1935 δια
1512 1919 1519 1934 .
1533 1919 1561 1934 ..
1574 1879 1698 1960 χοντοϊς

150 1975 310 2062 οὐρανίοις,
328 1975 430 2064 ὥσπερ
447 1977 485 2039 τὸ
503 1977 651 2064 μέλαν
673 1977 854 2068 [οὑρα]νίοις·
871 1987 929 2053 τῆς
945 1975 1004 2067 γάρ
1021 1977 1248 2068 λαμπρότητος
1265 1987 1323 2054 τῆς
1341 1982 1371 2044 ἐν
1388 1987 1434 2062 τῷ
1451 1978 1531 2067 φωτὶ
1553 1979 1698 2070 συγγενές

151 2084 188 2146 το
212 2084 332 2147 λευκὸν·
350 2083 400 2148 ὅτι
417 2075 450 2148 δέ
467 2081 523 2159 τάς
540 2084 674 2162 ἐσθῆτας
691 2092 719 2149 οἰ
737 2084 827 2174 μῦθοι
842 2079 987 2174 σὺμύολα
1003 2079 1261 2176 παραλαμὺάνειν
1278 2085 1420 2152 εἰώθασιν
1437 2097 1499 2151 τῶν
1521 2087 1697 2176 ἀσωμάτων

149 2183 247 2274 ζωῶν,
271 2194 355 2268 ὅστις
377 2192 655 2282 παρηκολούθηκεν
679 2205 748 2270 ταῖς
774 2193 961 2282 θεομυθίαις,
979 2194 1103 2273 πάντως
1125 2206 1182 2261 ποῦ
1207 2194 1383 2286 γιγνώσκει·
1407 2196 1461 2261 καί
1483 2195 1543 2287 γάρ
1568 2183 1600 2259 ἀί
1622 2188 1700 2274 ζωαί

149 2299 206 2375 τάς
230 2309 293 2364 τῶν
318 2300 394 2366 θεῶν
418 2296 560 2392 ὑπάρξεις
584 2304 834 2393 ἀποκρύπτουσιν
851 2297 1114 2395 προὺεὑλημέναι·
1131 2305 1185 2368 καὶ
1201 2311 1233 2369 αἰ
1250 2303 1388 2381 ἐσθῆτες,
1409 2303 1451 2369 τά
1475 2303 1619 2392 σώματα·
1644 2304 1698 2369 καί

149 2413 188 2484 ὡς
213 2407 295 2474 αὑτά
318 2410 511 2500 περιέχουσιν
535 2414 566 2476 ἐν
591 2416 702 2502 ἀφανεῖ
724 2414 761 2478 τὸ
784 2411 955 2503 χρώμενον,
980 2415 1062 2478 οὑτω
1078 2414 1132 2477 καί
1148 2416 1261 2479 ἐκεῖναι
1285 2413 1342 2490 τάς
1368 2411 1451 2490 θείας
1475 2412 1605 2488 ἑνώσεις·
1630 2410 1699 2476 ἐπεὶ

149 2507 183 2581 δὲ
208 2523 239 2582 αἰ
262 2512 405 2608 ὑπάρξεις
430 2519 534 2584 ἄλλων
559 2520 665 2603 ἄλλαι,
691 2521 745 2586 καὶ
768 2519 825 2596 τάς
849 2536 889 2590 -::-
912 2519 1046 2596 ἐσθῆτας
1071 2530 1133 2586 τῶν
1159 2520 1213 2609 μέν
1237 2520 1371 2602 λευκάς,
1395 2531 1457 2584 τῶν
1483 2512 1515 2586 δὲ
1540 2521 1698 2609 μελαίνας,

148 2635 211 2690 τῶν
237 2615 270 2690 δὲ
293 2625 418 2716 χρυσάς,
442 2637 505 2691 τῶν
523 2617 556 2692 δέ
572 2627 722 2704 τοιαύτας
738 2627 838 2704 ἄλλας
855 2621 1164 2719 παραλαμὺάνουσιν,
1182 2629 1235 2692 καί
1250 2629 1356 2694 πάντα
1380 2633 1484 2705 ἀπλῶς
1507 2629 1561 2693 τάν
1585 2621 1697 2706 ἔξωθεν

148 2733 283 2821 κόσμον,
308 2744 377 2809 ταῖς
401 2725 487 2798 ένδον
511 2735 564 2798 καί
592 2737 768 2825 ἐγκρυφίαις
800 2729 965 2825 δυνάμεσιν
990 2735 1132 2813 ἐοικότα,
1156 2736 1242 2801 κατά
1272 2738 1428 2826 σχήματα
1458 2734 1512 2799 καί
1540 2734 1698 2825 χρώματα

148 2833 388 2931 περιὺάλλουσιν
414 2843 529 2918 αὑτοῖς·
554 2843 621 2907 ἐπεὶ
643 2843 697 2906 καί
720 2848 751 2908 έν
774 2854 839 2919 τοῖς
867 2850 953 2934 ἱεροῖς
978 2835 1029 2908 διά
1052 2854 1166 2921 ταῦτα,
1190 2853 1255 2920 τοῖς
1279 2841 1460 2934 ἀγάλμασιν
1485 2844 1590 2919 ἀλλοις
1615 2842 1698 2907 ἄλλα

148 2947 321 3036 περιέκειτο
339 2946 537 3036 συνθήματα,
554 2959 616 3013 τῶν
633 2951 830 3040 κρειττόνων,
847 2943 1022 3036 συνᾴδοντα
1038 2961 1103 3027 τοῖς
1121 2949 1312 3042 ἀγάλμασιν·
1329 2951 1383 3016 καί
1400 2956 1428 3016 οί
1443 2961 1505 3016 τῶν
1524 2950 1598 3018 θεῶν
1625 2949 1698 3039 ἰεροί

149 3056 202 3120 καί
219 3061 247 3120 οἰ
263 3057 413 3148 κλήτορες
429 3057 483 3121 καί
500 3066 528 3122 οἱ
544 3047 644 3148 δοχεῖς
660 3050 854 3124 πολυειδέσιν
878 3065 1015 3150 ἐχρῶντο
1039 3069 1169 3150 χιτῶσιν
1194 3059 1248 3123 καί
1271 3053 1498 3139 καταζώσεσιν,
1514 3057 1701 3148 μιμούμενοι

148 3163 205 3240 τάς
221 3162 303 3241 θείας
320 3158 411 3248 ζωάς,
428 3169 470 3242 εἰς
487 3164 521 3242 ἀς
539 3169 655 3259 ἀνῆγον
673 3165 732 3239 τήν
749 3172 869 3232 ἑαυτῶν
885 3169 1112 3258 πραγματείαν.
1129 3167 1283 3257 Προσήκει
1299 3166 1470 3231 τοίνυνκαὶ
1487 3177 1556 3242 ταῖς
1572 3169 1698 3254 Μοίραις

149 3274 186 3336 το
211 3275 316 3362 φανόν,
341 3280 380 3350 ῶς
404 3273 461 3350 τάς
485 3277 626 3364 οὐρανίας
651 3270 730 3354 ζωάς
754 3269 1025 3366 προύεὺλημέναις
1050 3267 1089 3340 δι’
1116 3269 1167 3340 ὧν·
1182 3265 1300 3340 κινοῦσι
1316 3277 1371 3341 τίν
1396 3275 1537 3366 οὑρανόν·
1561 3275 1616 3338 καί
1638 3271 1698 3364 γάρ

150 3379 187 3443 τὸ
212 3379 320 3470 ἀμιγές
343 3381 397 3445 καί
419 3381 554 3473 καθαρὸν
579 3387 688 3459 αὑταῖς
712 3389 842 3449 οἰκεῖον·
869 3376 916 3450 διὸ
940 3385 993 3450 καί
1017 3385 1155 3475 νηφάλια
1179 3376 1317 3449 σπένδειν
1343 3382 1468 3474 θεμιτὸν
1496 3385 1621 3472 Μοίραις
1645 3382 1699 3446 καί

110 3514 122 3550 ι
150 3497 211 3553 πᾶν
235 3505 275 3560 -13-
298 3491 335 3555 τὸ
359 3489 482 3581 χθόνιον

287 3696 298 3722 s

148 3765 171 3832 f.
198 3766 238 3831 77
265 3788 306 3847 ν.,
330 3765 364 3831 in
388 3766 505 3833 lacuna
529 3768 549 3832 3
573 3789 673 3834 νοτες
701 3775 812 3850 ...τῷ
838 3764 906 3850 θείῳ
932 3764 1011 3854 φωτί
1034 3761 1279 3832 καί...πεσθαι
1301 3751 1394 3835 δηλοῖ
1409 3761 1465 3839 τάς
1491 3760 1696 3851 ἀκρότη[τας]

149 3877 251 3939 αὑτῶν
276 3866 429 3962 ἑπάρξεις·
454 3876 488 3938 οὑ
512 3873 572 3967 γάρ
596 3876 657 3940 ἀπὸ
681 3885 784 3965 φυτῶν
808 3877 846 3940 τὸ
871 3877 1023 3965 στέμήμα]
1049 3873 1187 3967 γίνεσθαι
1212 3871 1315 3963 φασίν,
1340 3873 1410 3936 ἀλλ’
1437 3870 1497 3935 ἀπὸ
1522 3872 1618 3960 ἐρίων·
1643 3869 1698 3934 καί

148 3986 216 4048 ἔστι
240 3982 294 4047 καί
318 3993 412 4048 τοῦτο
435 3981 552 4069 πρέπον
576 3993 646 4060 ταῖς
672 3988 839 4074 ἱερατικαῒς
863 3977 964 4061 ζωαῖς·
989 3981 1121 4072 στρύφια
1145 3979 1205 4074 γάρ
1230 3979 1372 4056 καὶτοῖς
1395 3983 1521 4068 ἱερεῦσιν
1545 3989 1611 4054 τοῖς
1638 3987 1698 4042 τῶν

150 4092 253 4157 ἄλλων
277 4088 471 4182 ὑψηλοτέρας
505 4089 666 4182 ἰερωσὺνας
698 4091 838 4182 φέρουσιν
870 4094 953 4181 ἔχειν
984 4091 1220 4181 προστέτακτο·
1244 4089 1299 4153 καί
1323 4089 1405 4179 μέγα
1429 4082 1466 4161 ἦν
1490 4087 1528 4151 τὸ
1553 4089 1697 4177 στροφίου

149 4199 252 4291 κύριον
275 4193 368 4265 εἶναι·
393 4210 488 4264 τοῦτο
514 4188 551 4271 δή
577 4193 628 4264 οὑν
655 4202 872 4265 ἀποτυποὺται
898 4198 939 4264 τά
965 4201 1136 4289 στέμματα
1160 4196 1202 4262 τά
1228 4206 1365 4288 μοιραῖα,
1390 4189 1586 4285 συμὺολικῶς
1609 4220 1700 4285 περι-

149 4309 277 4396 κείμενα
299 4317 368 4382 ταῖς
393 4312 545 4397 κεφαλαῖς
576 4311 689 4373 αὑτῶν.
723 4313 762 4372 Αἰ
795 4309 850 4397 μέν
875 4333 912 4400 γε
936 4307 1074 4399 κεφαλαὶ
1104 4317 1167 4373 τῶν
1198 4306 1370 4372 θειοτάτων
1401 4306 1514 4383 εἰκόνες
1545 4305 1620 4370 εἰσὶν
1644 4306 1699 4370 καί

149 4412 357 4502 ὑψηλοτάτων
382 4417 413 4480 ἐν
439 4418 548 4493 αὑταῖς
572 4407 744 4505 δυνάμεων,
769 4418 836 4482 ἐπεὶ
860 4417 913 4482 καί
941 4421 988 4507 ἐφ’
1012 4423 1112 4507 ήμῶν,
1137 4425 1194 4481 τοὺ
1218 4415 1383 4482 θειοτάτου
1407 4425 1465 4490 τῆς
1490 4411 1592 4505 ψυχῆς
1622 4414 1696 4478 εἰσίν

151 4524 296 4599 οἰκήσεις.
310 4564 351 4574 -
367 4522 415 4588 Τά
430 4517 463 4591 δὲ
477 4524 648 4613 στέμματα
663 4517 746 4602 ζωήν
761 4522 845 4589 θείαν
858 4525 911 4589 καί
924 4525 1051 4616 γόνιμον
1066 4515 1269 4609 ἐνδείκνυται,
1286 4524 1504 4589 συνάπτουσαν
1522 4526 1624 4586 αὑτῶν
1642 4519 1699 4597 τάς

151 4631 329 4720 ἀκρότητας
353 4645 421 4709 ταῖς
445 4633 623 4725 ὑπερτέραις
648 4635 771 4716 αἰτίαις,
797 4640 836 4710 ῶς
853 4633 909 4710 τάς
929 4633 1085 4726 ἱερατικὰς
1101 4627 1182 4712 ζωάς
1201 4644 1267 4710 τοῖς
1292 4632 1371 4710 θεοῖς
1395 4629 1438 4708 οἷς
1462 4628 1632 4721 καθιέρωτο
1656 4627 1698 4696 τά
1744 4629 1747 4636 “

152 4741 283 4833 στρόφια
307 4743 473 4809 συνάπτειν
490 4745 705 4808 ἐπεπίστευτο·
722 4742 775 4806 καί
791 4746 862 4833 ὁρᾷς
879 4745 960 4818 ὅπως
977 4745 993 4806 ὑ
1010 4753 1067 4818 τῆς
1084 4746 1223 4831 κεφαλῆς
1247 4741 1363 4831 κόσμος
1383 4753 1438 4807 τοῦ
1461 4738 1532 4829 περί
1555 4737 1593 4802 τὸ
1618 4736 1697 4802 ἀλλο

150 4860 210 4916 πᾶν
236 4861 325 4940 σῶμα
350 4858 389 4930 ὡς
412 4854 509 4928 αἴτιος
534 4849 739 4942 προὺπάρχων
764 4853 988 4940 ἀναφαίνεται·
1011 4863 1069 4928 τῆς
1093 4850 1152 4942 γάρ
1177 4850 1307 4928 ἐσθῆτος
1336 4852 1373 4916 τὸ
1397 4851 1487 4939 ἔριον,
1512 4842 1573 4911 οἷον
1599 4844 1698 4909 αἴτιόν

150 4963 246 5042 ἐστιν,
271 4961 352 5024 ὥστε
375 4965 402 5024 εἰ
426 4959 479 5024 καί
502 4957 648 5048 ἑκάτερον
673 4953 753 5039 ζωῆς
771 4953 938 5049 σὺμὺολον,
957 4958 1040 5024 ἀλλά
1058 4960 1096 5024 τ“ο
1122 4959 1176 5047 μέν
1195 4959 1350 5050 θειοτέρας
1374 4958 1427 5024 καί
1452 4955 1699 5045 αἰτιωτέρας,τὺ

152 5059 185 5134 δὲ
198 5060 444 5159 καταδεεστέρας
458 5069 511 5132 καί
524 5067 576 5132 ἀπ’
591 5071 710 5144 ἐκείνης
727 5069 926 5159 ἀπορεοὺσης.
940 5109 977 5118 -
991 5068 1051 5132 Καὶ
1064 5066 1125 5156 μήν
1139 5067 1192 5132 καί
1204 5068 1242 5132 τί
1255 5068 1306 5132 ἐπί
1321 5065 1433 5157 θρόνων
1447 5062 1603 5140 καθῆσθαι
1614 5055 1702 5153 πέριξ

151 5178 205 5242 καί
229 5165 267 5241 δι’
291 5177 370 5259 ίοου,
393 5185 497 5245 πᾶσαν
522 5180 624 5241 αὐτῶν
649 5180 811 5268 ἀναφαίνει
834 5176 894 5249 τήν
919 5169 1008 5255 τάξιν
1026 5178 1073 5241 ἀεί
1089 5175 1237 5253 ὡσαύτως
1254 5178 1398 5266 ἔχουσαν,
1422 5175 1477 5240 καί
1499 5173 1701 5263 περιέχουσαν

96 5317 124 5356 ιι
150 5285 351 5377 πανταχόθεν
366 5287 421 5351 τίιν
436 5287 508 5352 ὅλον
525 5287 662 5376 οὐρανὸν,
676 5287 730 5352 καί
742 5287 802 5358 τήν
814 5287 888 5377 πρὸς
903 5286 1046 5362 ἀλλήλας
1060 5287 1162 5350 αὐτῶν
1176 5279 1265 5363 ἀξίαν
1278 5284 1347 5350 καθ’
1365 5286 1418 5351 ένα
1442 5285 1536 5374 λόγον
1560 5285 1700 5347 ἑστῶσαν

153 5384 429 5486 διαφυλάττουσαν
453 5396 491 5459 τὸ
516 5394 570 5483 μὲν
587 5394 654 5487 ’γάρ
679 5387 720 5460 δι’
742 5397 820 5474 ίσου,
845 5393 1033 5482 θαυμαστῶς
1057 5383 1215 5471 ἐνδείξατο
1238 5402 1302 5470 πῶς
