4022 6072
725 505 928 594 Anonpmus
956 494 1211 577 Auteniccecus

176 749 178 752 Ι
260 677 279 734 l.
315 678 342 734 8.
361 675 574 751 acquieverint.
595 676 610 731 1
629 675 710 732 Patr.
729 690 773 742 111,
795 675 830 730 15
841 677 859 730 ¹.

260 769 280 825 l.
300 769 342 826 11.
363 767 562 841 praecipimus
581 783 638 824 om.
663 767 755 824 Vallo.
779 767 854 824 Voll.

261 860 280 916 l.
300 859 343 916 19.
362 865 545 915 remaneant.

261 951 281 1007 l
301 951 344 1006 14.
363 949 394 1006 in
413 949 507 1006 initio.

261 1039 282 1094 l.
301 1039 344 1094 19.
364 1041 424 1112 lopo
443 1038 558 1096 servari
575 1055 635 1095 non
653 1037 768 1094 umbra.

262 1128 280 1184 l.
299 1129 344 1186 20.
364 1128 556 1186 observantia
574 1128 773 1185 celebrantur.
790 1126 859 1184 Etsi
885 1125 937 1200 qui

298 1219 520 1277 imbecillitatis.
645 1240 653 1272 1

262 1307 281 1364 1.
300 1307 344 1363 23.
365 1308 513 1366 audiant...
527 1307 845 1380 patrociniumque
860 1309 937 1366 Vau.

298 1405 422 1457 ventum
440 1417 497 1457 om.
522 1402 597 1459 vau.

263 1489 282 1547 l.
300 1490 337 1545 24
355 1493 434 1563 tepet
453 1489 561 1546 harum
573 1487 795 1563 reprobationes
809 1505 937 1561 evange·

297 1580 331 1664 lii
350 1586 491 1654 tempore.

263 1671 283 1728 l.
301 1671 345 1728 26.
370 1673 514 1729 17011001
534 1670 634 1728 Geton.

264 1760 282 1817 1.
301 1761 346 1818 28.
364 1760 450 1818 audit
468 1763 563 1833 inepte
580 1759 706 1818 Vellere

1061 676 1080 731 l.
1101 676 1143 731 11.
1163 692 1219 732 orn.
1238 679 1281 731 ut

1060 766 1294 823 lfflmm

1060 858 1079 912 l.
1101 857 1143 913 18.
1164 855 1317 912 celebrari.

1060 947 1079 1003 l.
1098 946 1143 1002 20.
1161 945 1254 1019 hujus
1273 945 1428 1003 umbralis.

1061 1035 1080 1094 1.
1098 1036 1142 1092 21.
1162 1035 1304 1108 dignatus
1324 1039 1370 1091 est
1382 1035 1463 1106 quod
1475 1034 1629 1108 Dominus,
1642 1042 1677 1092 nt
1695 1034 1734 1092 in.

1063 1124 1082 1180 l.
1101 1125 1145 1180 22.
1164 1125 1369 1197 praecedente.

1063 1217 1082 1272 l.
1101 1217 1145 1273 24.
1165 1215 1342 1274 censuerit...
1361 1216 1417 1272 hoc
1434 1215 1555 1274 veritas.

1063 1307 1082 1363 l.
1101 1307 1145 1362 20.
1165 1305 1241 1363 aliis.

1063 1396 1083 1451 l.
1101 1396 1146 1450 27.
1164 1413 1221 1453 om.
1241 1401 1350 1452 antem.

1063 1487 1082 1543 l.
1100 1487 1145 1542 28.
1165 1485 1236 1558 agni
1255 1485 1319 1542 Dei.

1063 1577 1083 1634 l.
1102 1577 1146 1632 29.
1164 1580 1285 1648 peccata
1303 1574 1415 1633 mundi.

1063 1665 1084 1722 l.
1103 1665 1146 1721 31.
1166 1670 1197 1722 01
1215 1665 1370 1723 Dominus.

1063 1754 1082 1811 l.
1101 1754 1144 1810 33.
1165 1772 1241 1826 quae
1259 1773 1346 1812 nuno.

264 1849 284 1906 l.
302 1849 346 1906 62.
365 1867 454 1922 quam
472 1849 553 1922 quod
571 1847 689 1907 Christo
712 1849 752 1906 id.
771 1850 850 1905 male
870 1863 938 1904 cum
971 1841 973 1846 ’
992 1846 1026 1901 P.
1047 1847 1153 1903 12001.
1173 1848 1188 1901 1
1208 1847 1227 1904 l.
1246 1847 1271 1902 3.
1291 1848 1385 1904 aciem
1405 1854 1630 1906 commutamus.

305 1940 370 1997 Vct.

193 2027 255 2086 001.
274 2029 291 2083 2
310 2027 329 2082 l.
348 2029 374 2084 2.
393 2027 437 2084 010
456 2045 512 2085 oca
537 2028 600 2086 Vct.

264 2117 284 2174 l.
302 2117 329 2174 3.
347 2121 462 2174 textum
473 2119 516 2174 010
528 2119 630 2189 implet
644 2119 735 2176 Votr'c.
747 2115 939 2173 Holocausta.

300 2211 402 2264 autem
414 2211 468 2264 tna
479 2207 511 2264 in
524 2213 685 2280 conspectu
700 2223 767 2264 mec
780 2211 851 2262 sunt
863 2221 938 2262 sem·

301 2311 354 2368 per
371 2296 519 2368 (Volture.
538 2298 570 2352 ia
587 2300 647 2352 not.
659 2313 719 2352 non
737 2294 881 2367 accipiam
902 2292 939 2350 do

301 2385 388 2444 domo
407 2393 460 2444 tua
479 2385 603 2460 vitulos)
622 2402 719 2459 neque
738 2384 774 2441 dc
793 2381 938 2456 gregibus

302 2476 363 2534 tuis
383 2476 490 2550 hircos,
510 2479 674 2549 etreliqua
690 2491 785 2549 resque
803 2479 857 2532 aut
876 2491 941 2530 san·

301 2569 422 2642 guinem
440 2569 590 2627 hircorum
607 2565 725 2641 potabo.

265 2659 285 2717 l.
319 2660 346 2716 4.
366 2676 421 2716 orn.
440 2659 563 2715 Paulus.

266 2747 286 2803 l.
323 2748 349 2802 7.
368 2751 422 2803 001
440 2747 557 2804 sabbati
577 2744 656 2821 quod
675 2750 731 2802 001.

266 2835 285 2890 1.
305 2835 348 2892 10.
366 2835 416 2892 bia
434 2835 499 2893 sive
517 2834 632 2892 diebus.

266 2923 285 2980 1.
304 2924 348 2980 11.
366 2919 441 2980 nihil
459 2923 541 2982 alind
560 2941 627 2982 esse
645 2940 743 2996 quam.

267 3015 286 3072 l.
305 3017 348 3072 12.
368 3015 543 3073 seditionem
562 3017 658 3088 inepte
681 3017 746 3074 Vct.
771 3016 846 3074 Vau.

266 3105 285 3161 l.
305 3106 349 3162 14.
367 3107 460 3165 Jeaus
479 3104 615 3162 Christus
634 3104 673 3162 in.

267 3195 287 3253 l.
306 3197 349 3252 19.
368 3195 565 3270 scenopeiam.

267 3287 286 3343 l.
304 3286 348 3342 20.
368 3304 428 3342 non
446 3286 613 3344 ascendum.

267 3376 286 3432 l.
305 3376 349 3432 21.
369 3376 461 3449 hujus
479 3374 657 3433 festivitatis
678 3361 876 3452 observantia¹
889 3374 941 3453 ho-

303 3465 384 3522 noris
402 3465 461 3522 mei
479 3465 577 3537 gloria
595 3482 653 3522 non
672 3463 815 3520 ascendit.

266 3555 286 3612 l.
305 3556 349 3612 90.
369 3556 534 3626 anniculus,
554 3554 773 3612 immaculatus.

267 3647 286 3704 l.
305 3647 348 3702 91.
367 3647 445 3702 XIII
458 3652 490 3703 et
501 3643 738 3704 XIVaDomino
748 3642 938 3718 praecipitur.

195 3737 229 3793 P.
249 3737 291 3792 11.
311 3735 365 3792 col.
386 3737 433 3792 ll.
447 3737 473 3790 2.
487 3753 577 3808 quum
591 3735 631 3792 ad
642 3752 802 3808 vesperum
820 3735 941 3810 puecha.

267 3824 286 3880 l.
323 3825 348 3880 6.
368 3831 399 3881 01
417 3823 495 3881 XIII
513 3825 604 3882 nullo.

267 3915 287 3970 1.
323 3915 350 3972 7.
369 3921 503 3988 tempora
520 3913 664 3988 permisit.

267 4005 287 4062 l.
323 4007 349 4062 9.
368 4011 471 4062 narret
489 4004 688 4078 evangelium,
708 4003 785 4078 quia.

268 4095 286 4149 l.
307 4095 351 4152 10.
369 4093 527 4151 undecimo
545 4094 602 4152 die.

267 4182 286 4239 1.
306 4183 349 4239 13.
369 4189 400 4239 01
419 4182 582 4256 discipulis.

267 4273 286 4328 l.
306 4275 349 4330 14.
369 4291 465 4346 agnus
475 4273 569 4346 igitur
578 4273 609 4329 in
620 4278 690 4348 typo
699 4273 810 4333 Christi
820 4273 942 4348 pascha.

267 4363 287 4420 l.
306 4364 350 4421 17.
369 4371 400 4421 01
417 4363 580 4422 interanea.

267 4453 286 4510 l.
305 4454 349 4509 21.
368 4453 573 4510 manducaret.

267 4543 286 4600 l.
305 4543 350 4600 27.
369 4549 404 4600 01
422 4561 539 4616 corpus.

267 4631 286 4687 l.
305 4631 349 4687 29.
366 4649 424 4689 om.
444 4649 485 4688 se.

267 4721 349 4779 133.
368 4722 406 4779 ad
425 4739 593 4796 vesperum.

1064 1937 1083 1992 l.
1103 1937 1128 1992 6.
1146 1942 1182 1993 ut
1199 1936 1285 1994 nohis
1304 1938 1505 1996 mulcentibus
1531 1939 1568 1996 ob
1594 1938 1739 1997 bonorum

1100 2044 1219 2100 operam
1237 2025 1364 2084 fructus.

1064 2116 1083 2171 l.
1103 2115 1128 2171 9.
1148 2115 1356 2174 consistentes.

1064 2204 1084 2263 1.
1105 2207 1148 2262 11.
1166 2224 1225 2264 non
1245 2206 1417 2264 tenebratis.

1065 2299 1083 2353 l.
1105 2299 1147 2354 14.
1167 2297 1203 2354 de
1223 2297 1348 2355 sabbato
1372 2296 1465 2354 0171
1491 2297 1597 2357 diebus
1622 2299 1739 2373 operari

1099 2387 1281 2462 praecipitur
1295 2404 1444 2459 perverse.

1064 2479 1083 2534 l.
1103 2478 1146 2533 18.
1165 2477 1311 2534 Dominus
1330 2477 1453 2534 coelum.

1064 2569 1084 2625 l.
1103 2569 1147 2624 24.
1165 2585 1226 2624 non
1244 2567 1433 2626 obdurantes.

1065 2658 1084 2714 l.
1103 2659 1147 2714 25.
1166 2657 1300 2732 requiem
1318 2674 1403 2731 quae.

1064 2751 1084 2807 1.
1103 2751 1147 2806 29.
1167 2750 1211 2805 De
1230 2749 1479 2822 quinquagesima
1496 2750 1534 2807 ab
1553 2748 1721 2808 011010ᾶί0.

1065 2843 1083 2896 1.
1103 2840 1147 2898 39.
1167 2839 1358 2897 adulteram.

993 2929 1055 2987 Col.
1074 2931 1129 2988 21.
1148 2931 1174 2986 2.
1193 2930 1386 3003 perfectionis
1404 2931 1501 3003 plene.

1065 3018 1084 3074 1.
1103 3019 1158 3076 37.
1177 3021 1249 3092 quin
1263 3019 1360 3077 decies
1373 3025 1404 3076 01
1416 3021 1446 3076 X
1458 3018 1616 3091 quinquies
1628 3017 1680 3091 qui
1697 3035 1740 3074 re·

1100 3108 1272 3167 missionem
1290 3107 1321 3164 in
1340 3126 1373 3166 00
1392 3107 1527 3165 continet
1543 3125 1597 3182 per
1616 3107 1740 3166 chorita·

1102 3205 1172 3270 tem,
1191 3201 1314 3258 caeteris
1332 3214 1389 3254 om.

1065 3289 1084 3344 l.
1120 3289 1147 3345 9.
1167 3287 1350 3361 septiformis
1368 3285 1497 3360 Spiritus
1516 3285 1641 3358 gratiae

1065 3381 1084 3436 l.
1122 3381 1148 3436 9.
1167 3383 1199 3436 et
1216 3378 1348 3451 quinque
1367 3377 1463 3434 nostri
1481 3377 1621 3451 00100110.

1065 3469 1085 3525 l.
1106 3469 1149 3524 11.
1168 3467 1260 3526 verba
1279 3466 1463 3538 decalogum.

1066 3561 1085 3616 l.
1106 3561 1148 3615 12.
1167 3559 1199 3614 in
1218 3575 1251 3616 se
1270 3557 1432 3614 continent.

1066 3650 1085 3705 l.
1107 3649 1148 3705 19.
1168 3665 1245 3722 quae
1265 3646 1396 3704 charitas
1416 3646 1519 3719 operit.

1065 3739 1086 3795 l.
1106 3737 1148 3794 15.
1167 3735 1263 3794 nostri
1282 3735 1455 3792 sacerdotia.

1066 3827 1086 3882 1.
1106 3827 1149 3882 16.
1166 3825 1278 3883 nostris
1288 3825 1419 3883 victimis
1429 3824 1570 3882 cedentes
1579 3822 1740 3882 offerimus.

1067 3917 1086 3972 l.
1104 3916 1149 3972 21.
1168 3914 1296 3973 comedit
1314 3914 1372 3972 sihi
1390 3913 1532 3988 pontifex.

1066 4007 1086 4064 l.
1104 4007 1148 4062 22.
1168 4005 1271 4079 possit.

1066 4097 1149 4154 129.
1169 4103 1288 4154 etcum
1309 4096 1389 4170 apud
1414 4095 1536 4153 Patrem
1562 4096 1742 4154 advocatam

1102 4186 1257 4243 habemus.

1066 4275 1087 4331 1.
1105 4276 1149 4331 26.
1169 4275 1283 4333 cedent

1067 4365 1087 4422 l.
1106 4365 1150 4421 27.
1169 4381 1246 4438 qnae
1265 4364 1386 4422 odorem
1403 4362 1563 4424 suavitatis
1576 4363 1640 4421 Deo
1658 4380 1742 4437 prae-

1103 4456 1184 4514 bent.

1067 4546 1086 4602 l.
1106 4546 1149 4602 90.
1169 4546 1214 4602 Do
1234 4543 1433 4618 scenophegia
1451 4549 1482 4602 et
1499 4543 1531 4601 in
1548 4543 1616 4602 fine.

1067 4637 1087 4692 l.
1106 4636 1150 4692 91.
1168 4635 1247 4693 idem
1265 4635 1325 4692 VII
1342 4651 1452 4693 mense.

1067 4726 1087 4782 l.
1106 4725 1149 4781 99.
1169 4723 1314 4782 celebrari
1333 4724 1485 4782 solemnia.

194 4812 257 4870 001.
269 4814 287 4869 2
298 4813 319 4870 l.
330 4814 354 4870 6.
365 4813 449 4888 prins
457 4813 571 4887 figurat
580 4815 652 4888 agni
662 4833 767 4873 cernes
779 4816 942 4874 comedere.

265 4902 285 4958 l.
322 4903 348 4958 8.
368 4907 487 4960 nostroe
507 4903 660 4977 apostolos
677 4903 783 4960 reficit.

266 4994 286 5051 l.
322 4995 348 5051 9.
368 4995 502 5069 typicum
520 4995 634 5069 peacha
653 4993 835 5053 immolatus.

1067 4815 1149 4872 134.
1168 4817 1264 4888 prima
1282 4815 1330 4873 die
1349 4816 1498 4900 tubarum,
1516 4812 1547 4870 X
1571 4812 1619 4870 die
1644 4815 1743 4887 exple⁴

1105 4906 1222 4965 sionum
1241 4906 1395 4963 celebrari.

996 4995 1030 5052 P.
1043 4995 1079 5052 13
1087 4995 1142 5052 col.
1153 4995 1199 5053 ll.
1210 4996 1235 5053 1.
1244 4995 1293 5054 his
1305 5001 1407 5053 autem
1418 4995 1548 5054 10110000
1562 4993 1743 5069 significare.

234 5226 256 5300 ¹)
275 5225 323 5282 Ad
342 5224 416 5282 haec
435 5226 582 5284 Vallorsi:
600 5227 710 5295 «Quae
729 5227 798 5285 hinc
817 5246 944 5302 sequnn·
997 5229 1120 5288 reficere
1138 5247 1176 5287 ex
1188 5229 1309 5304 ingenio
1321 5230 1460 5302 velimus,
1474 5229 1562 5290 nimis
1575 5229 1672 5288 multa
1682 5247 1744 5287 mn·

195 5323 248 5374 tor
265 5317 355 5375 laeda
372 5323 511 5391 corrupta
530 5323 600 5375 sunt
618 5336 653 5376 ac
672 5319 801 5390 turbata,
822 5336 898 5394 quae
918 5320 944 5378 si
998 5319 1090 5378 tanda
1109 5319 1177 5378 sint.

338 5442 435 5500 Aean.
454 5457 482 5516 v,
501 5441 630 5500 fcl.1x*.
