3978 6070
761 513 869 586 Varia
889 513 1042 585 Heroum
1062 513 1344 604 ιιιοῖοικονμίιοοίε.

542 701 586 764 ÷
610 685 798 776 ἀνθρωπίνου
822 684 928 775 γένους
953 675 1004 749 διά
1027 682 1069 748 τά
1091 683 1175 757 πάθη
1202 688 1295 750 ἀετοῦ
1320 676 1487 764 διαλλάξαι
1510 698 1555 761 -ζ-

543 811 587 872 -ζ-
612 797 687 880 βίον·
713 799 743 860 ἐν
768 795 872 882 μέσοις
897 783 930 858 δὲ
952 797 1112 881 λαχοῦσαν
1130 793 1189 864 τήν
1212 791 1412 868 Ἀταλάντης
1436 791 1491 880 ψυ-
1513 806 1558 868 ÷

543 917 588 979 -ζ-
610 902 683 992 χήν,
707 893 896 968 κατιδοῦσαν
922 901 1062 991 μεγάλας
1086 902 1181 990 τιμάς
1206 901 1344 975 ἀθλητοῦ
1370 893 1487 990 ἀνδρός,
1512 915 1557 976 -ζ-

545 1026 589 1086 -ζ-
612 1017 646 1076 οὑ
671 1003 820 1076 δύνασθαι
835 1007 1011 1099 παρελθεῖν,
1030 1009 1112 1074 ἀλλά
1128 1003 1247 1075 λαθεῖν·
1266 1010 1346 1100 μετά
1363 1001 1397 1076 δὲ
1415 1010 1490 1074 ταὺ-
1512 1025 1557 1087 -ζ-

545 1133 590 1196 -ζ-
612 1145 672 1194 την
698 1111 770 1184 ἰδεῖν
787 1117 847 1191 τήν
866 1123 990 1184 Ἐπειοῦ
1005 1126 1061 1182 τοῦ
1085 1119 1251 1195 Πανοπέως
1277 1124 1318 1195 εἰς
1342 1118 1490 1209 τεχνικός
1513 1132 1558 1195 -·,-

544 1243 589 1306 -ζ-
610 1229 755 1319 γυναικός
781 1232 884 1291 ἰοῦσαν
909 1225 1007 1317 φὺσιν·
1024 1227 1127 1318 πόρρω
1145 1218 1171 1292 δ’
1190 1232 1221 1293 ἐν
1246 1228 1391 1305 ὑστάτοις
1418 1218 1491 1294 ἰδεῖν
1514 1243 1560 1305 ÷

544 1349 590 1411 -ζ-
612 1336 671 1409 τήν
696 1345 751 1400 τοῦ
779 1340 990 1426 γελωτοποιοῦ
1015 1338 1165 1428 Θερσίτου
1189 1336 1321 1409 πίθηκον
1346 1329 1493 1426 ἐνδυομέ-
1515 1351 1560 1413 -ζ-

544 1457 589 1519 -ζ-
612 1464 677 1516 νην·
695 1440 780 1508 κατά
801 1443 903 1532 τὺχην
921 1433 955 1508 δὲ
970 1443 1029 1515 τήν
1048 1434 1230 1527 Ὀδυσσέως,
1247 1448 1407 1534 λαχοῦσαν
1430 1470 1491 1510 πα·
1513 1461 1558 1523 -ζ-

543 1565 588 1627 -ζ-
612 1561 672 1616 σῶν
703 1551 857 1634 ὑστάτην,
885 1552 1093 1642 αἱρησομένην
1121 1554 1212 1618 ἰέναι·
1240 1554 1347 1642 μνήμῃ
1374 1546 1407 1620 δὲ
1430 1563 1493 1618 τῶν
1517 1569 1562 1630 ζ-

543 1675 589 1739 -ζ-
610 1661 767 1752 προτέρων
791 1662 909 1746 πόνων,
934 1663 1113 1750 φιλοτιμίας
1136 1665 1357 1751 λελωφηκυῖαν
1381 1656 1490 1740 ζητεῖν
1513 1676 1559 1739 ÷

544 1783 589 1846 -ζ-
611 1781 787 1861 περιῖοῦσαν
801 1771 911 1861 χρόνον
925 1770 1034 1853 πολὺν,
1050 1772 1115 1856 βίον
1129 1762 1238 1859 ἀνδρὸς
1255 1761 1380 1836 ἰδιώτου
1395 1771 1494 1862 ἀπρά-
1517 1785 1562 1847 ÷

545 1894 589 1956 ÷
611 1904 736 1972 γμονος,
761 1879 814 1944 καὶ
837 1880 927 1972 μόγις
951 1883 1047 1970 εὑρεῖν
1071 1880 1214 1969 κείμενόν
1237 1905 1298 1945 που
1315 1881 1368 1944 καί
1391 1904 1493 1971 παρη·
1514 1893 1559 1956 -ζ-

544 2002 589 2063 -ζ-
613 1987 786 2079 μελημένον
811 1989 870 2054 ὑπό
893 1999 956 2053 τῶν
974 1987 1088 2054 ἄλλων·
1108 1989 1162 2053 καὶ
1179 1993 1273 2055 εἰπεῖν
1293 1981 1426 2074 ἰδοῦσαν,
1449 1988 1494 2056 ότι
1515 2002 1560 2064 -ζ-

546 2111 590 2174 -ζ-
613 2097 654 2162 τά
670 2096 752 2162 αὑτά
769 2095 806 2164 ἀν
822 2091 935 2189 ἔπραξε
952 2098 1005 2162 καί
1021 2097 1129 2189 πρώτη
1148 2102 1301 2188 λαχοῦσα,
1319 2099 1373 2163 καὶ
1398 2099 1494 2188 ἀσμέ-
1516 2111 1560 2174 ÷

545 2219 590 2282 -ξ-
613 2229 670 2278 νην
686 2204 819 2270 ἑλέσθαι·
837 2206 892 2270 καὶ
908 2209 943 2270 ἐκ
959 2214 1021 2270 τῶν
1039 2205 1144 2270 ἄλλων
1162 2196 1196 2272 δέ
1211 2204 1324 2294 θηρίων
1344 2206 1491 2282 ῶσαὺτως
1514 2219 1559 2281 -ζ-

546 2328 591 2391 -ζ-
614 2319 655 2390 εἰς
681 2312 860 2402 ἀνθρώπους
885 2312 961 2377 ἰέναι
976 2312 1029 2376 καὶ
1046 2317 1087 2390 εἰς
1105 2311 1241 2386 ἄλληλα·
1257 2311 1300 2378 τά
1319 2313 1374 2401 μὲν
1400 2305 1493 2378 ἄδικα
1515 2327 1560 2388 ζ-

546 2435 591 2498 -ζ-
613 2429 654 2498 είς
678 2421 720 2487 τά
744 2421 848 2512 άγρια,
872 2420 914 2486 τά
945 2413 979 2486 δέ
1002 2411 1108 2487 δίκαιοι
1132 2425 1173 2498 είς
1196 2420 1238 2486 τά
1269 2422 1372 2512 ἥμερα
1397 2447 1492 2512 μετα·
1514 2436 1559 2498 -ζ-

547 2543 591 2606 -ζ-
614 2523 799 2616 θάλλοντα]
825 2529 879 2594 καὶ
901 2528 1003 2606 πάσας
1029 2523 1126 2619 μίξεις
1139 2527 1162 2614 ¹)
1188 2527 1363 2623 μίγνυσθαι.
1387 2543 1432 2606 ÷

320 2745 394 2812 Ὅτι
419 2743 473 2835 μὲν
497 2749 660 2820 παντελῶς
683 2755 786 2810 ταῦτα
807 2745 939 2818 ἀτοπίας
957 2744 1059 2834 μεστά
1073 2743 1098 2829 ²)
1114 2758 1179 2822 τοῖς
1197 2746 1430 2837 ἀπερισκέπτως
1448 2745 1529 2811 αὑτά
1549 2757 1705 2834 μετιοῦσιν
1729 2750 1825 2828 ἐστιν,

138 2843 141 2848 ’
227 2884 253 2922 ιο
281 2845 344 2919 οὐδ’
362 2854 455 2929 αὑτός
472 2851 575 2928 άλλως
593 2850 629 2918 ἀν
647 2856 764 2944 είποιμι
777 2851 814 2938 ⁸).
831 2855 875 2918 Τό
891 2852 952 2945 γάρ
968 2853 1025 2930 τάς
1041 2865 1104 2918 τῶν
1122 2853 1210 2920 θείων
1228 2847 1345 2946 ἀνδρῶν
1362 2853 1462 2946 ψυχάς
1478 2851 1648 2934 είσοικίζειν
1666 2862 1707 2933 εἰς
1724 2856 1827 2946 ἄλογα

280 2956 345 3040 ζῶα
362 2962 416 3025 καί
431 2961 488 3038 τάς
505 2960 649 3052 ήρωῖκάς,
667 2955 843 3051 ὑπερὺολήν
860 2965 895 3028 οὑ
912 2963 1162 3052 καταλιμπάνειν
1185 2975 1243 3040 τῆς
1259 2966 1328 3055 περὶ
1345 2967 1461 3043 ἐκείνας
1477 2967 1707 3056 πλημμελείας,
1723 2967 1827 3030 καίτοι

280 3094 318 3162 γε
342 3070 636 3161 μαρτυρουμένων)
660 3071 762 3136 ἀκοὺω
786 3072 994 3161 παμπόλλων,
1012 3077 1051 3146 ὡς
1067 3071 1201 3136 Πλάτων
1225 3083 1330 3162 φρονεῖ
1350 3073 1420 3162 περὶ
1443 3073 1577 3154 ἐκείνων,
1601 3073 1671 3162 οὐχὶ
1694 3082 1825 3138 τοιαῦτα

281 3175 331 3244 οἷα
356 3177 449 3266 μῦθος
466 3173 554 3254 οὑτος
578 3189 761 3269 κατηγορεῖ.
786 3182 887 3251 Δηλοῖ
901 3170 935 3244 δέ
949 3175 992 3242 τά
1008 3183 1038 3243 ἐν
1055 3177 1230 3270 Ἀπολογίᾳ
1249 3179 1382 3272 ῥηθέντα
1399 3181 1483 3272 παρά
1499 3191 1555 3246 τοῦ
1573 3181 1768 3272 Σωκράτους,
1785 3188 1825 3258 ῶς

281 3286 341 3377 ἄρα
364 3290 485 3351 πολλοῦ
509 3284 544 3350 ἀν
573 3286 785 3374 τιμῆσαι,τὺ
809 3289 840 3350 ἐν
865 3277 940 3370 ᾅδου
965 3285 1169 3377 συγγενέσθαι
1192 3298 1257 3366 τοῖς
1280 3288 1452 3380 Ὀρφεῦσιν,
1476 3301 1541 3366 τοῖς
1565 3293 1749 3379 Πουσαίοις,υ
1761 3301 1825 3366 τοῖς

228 3421 255 3458 ιε
286 3397 401 3459 Αἴασιν·
425 3393 535 3496 ἤκουεν
560 3393 620 3483 γάρ
643 3417 703 3458 που
728 3391 781 3456 καί
800 3403 863 3458 τῶν
881 3399 911 3458 ἐν
928 3393 1083 3459 Ἐλευσῖνι
1099 3397 1278 3486 μυστηρίων
1294 3390 1506 3484 ἐξυμνοὺντων
1531 3398 1586 3462 τόν
1601 3397 1629 3486 ⁵)
1652 3397 1709 3474 τάς
1733 3403 1825 3489 άγιω-

282 3503 383 3578 τάτας
407 3504 587 3594 ἐκφήναντα
610 3501 752 3578 τελετάς.
778 3508 846 3579 Πῶς
870 3496 921 3567 οὑν
945 3504 1024 3579 εἰκός
1048 3503 1195 3580 τοιαὺτας
1219 3507 1334 3593 ἔχοντα
1361 3506 1431 3596 περὶ
1455 3509 1579 3571 ἐκείνων
1603 3509 1728 3591 ἐννοίας,
1753 3531 1825 3571 τοσ-

283 3611 383 3684 αὑτην
408 3614 511 3677 αὑτῶν
535 3603 824 3677 κατασαεδαννὺναι
856 3603 1052 3702 τραγῳδίαν,
1076 3612 1094 3684 ἢ
1127 3623 1172 3696 τῷ
1198 3617 1264 3704 ’Πρί
1292 3614 1484 3682 πιστεύοντα
1514 3625 1647 3680 τοιαῦτα
1676 3615 1825 3704 περὶτῆς

282 3713 401 3798 λήξεως
427 3725 529 3785 αὑτῶν
546 3720 630 3812 παρά
647 3720 707 3793 τήν
725 3720 879 3792 τελευτήν
897 3731 1034 3811 φρονεῖνς
1050 3731 1114 3797 πῶς
1132 3713 1160 3787 δ’
1181 3722 1217 3786 ἄν
1241 3748 1288 3799 τις
1313 3714 1495 3801 διανήξαιτο
1518 3733 1668 3790 τοσοῦτον
1691 3725 1825 3814 πέλαγος

281 3828 492 3917 πλασμάτων,
516 3834 550 3895 οὑ
574 3821 678 3921 ῥᾴδιον
702 3832 824 3921 ἔμοιγε
840 3831 1078 3918 καταφαίνεται·
1096 3831 1202 3896 κὺκνοι
1218 3831 1271 3895 καὶ
1289 3823 1418 3908 ὰήδονες
1436 3833 1497 3897 ἀπὸ
1514 3841 1576 3898 τῶν
1600 3843 1669 3909 ταῖς
1693 3832 1825 3908 Μοὺσαις

229 3973 256 4010 ³0
283 3937 449 4029 γεγόνασιν
473 3938 631 4027 κατόχων·
657 3939 744 4004 ἀετοί
763 3938 817 4003 καὶ
832 3939 957 4016 λέοντες
974 3940 1035 4004 ἀπὸ
1052 3949 1115 4006 τῶν
1132 3945 1284 4030 ἡρωϊκῶν,
1301 3941 1355 4006 καί
1371 3951 1474 4006 ταῦτα
1497 3943 1528 4005 ἐν
1553 3943 1632 4028 αὑτῇ
1658 3940 1759 4030 ταὺτῃ
1784 3950 1824 4026 τῇ

283 4047 501 4135 πραίγματεία
514 4046 539 4133 ⁶)
562 4056 664 4111 κεῖται

284 4265 308 4330 f.
335 4265 396 4330 171
422 4287 471 4330 v.:
497 4255 755 4340 καταὺοήσαντος
780 4267 875 4329 αὑτοῦ
892 4274 956 4329 τῶν
972 4273 1112 4337 ποιητῶν
1130 4273 1159 4329 οἱ
1173 4266 1322 4338 ἐποίησαν
1339 4263 1411 4340 τοὺς
1435 4265 1536 4354 ήρωας
1553 4262 1720 4354 ἀνθρώπων
1744 4253 1828 4329 οὑδέν

284 4368 512 4461 κρείττονας’),
537 4369 620 4436 ἀλλά
636 4382 700 4448 τοῖς
718 4373 844 4459 ὁμοίοις]
871 4373 996 4463 ἐνόχους
1012 4371 1152 4438 πάθεσιν·
1171 4367 1227 4438 εἷθ’
1244 4377 1258 4436 ό
1278 4372 1318 4437 τά
1334 4371 1418 4445 πάθη
1438 4382 1500 4438 τῶν
1517 4377 1658 4461 ήρωῦιῶν
1676 4367 1780 4461 ψυχῶν
1798 4375 1828 4436 ἐν

286 4479 409 4569 σώμασι
433 4480 648 4570 στρεφομένων
673 4473 784 4558 ἐξελὼν
803 4479 886 4568 μετά
901 4481 938 4546 τό
957 4491 1048 4571 σῶμα
1065 4473 1116 4546 διά
1133 4481 1217 4554 πάθη
1237 4492 1300 4557 τοῖς
1319 4482 1444 4573 ἀλόγοις
1461 4479 1556 4556 αὑτάς
1572 4473 1713 4559 εἰκονίζει
1730 4473 1830 4556 ζώοις.

232 4611 258 4650 ιε
288 4589 416 4662 Μήποτε
432 4583 484 4654 οὑν
501 4613 572 4652 τινα
582 4585 608 4671 ⁸)
624 4589 678 4652 καὶ
694 4598 739 4670 τῷ
761 4587 846 4678 μὺθῳ
863 4590 1075 4680 χαρισώμεθα,
1100 4590 1153 4656 καί
1170 4591 1431 4682 συγχωρήσαιμεν
1451 4588 1471 4653 ά
1496 4587 1644 4674 βοὺλεται
1666 4587 1830 4670 πλάττειν,

285 4698 339 4762 καί
362 4699 417 4764 τόν
442 4697 598 4763 Πλάτωνα
622 4708 680 4774 τῆς
704 4705 745 4775 εἰς
768 4697 841 4776 τοὺς
857 4701 960 4790 ἥρωας
976 4693 1155 4792 δυσφημίας
1171 4693 1334 4790 ἐξέλωμεν,
1352 4701 1449 4764 ἐκεῖνο
1467 4697 1576 4788 ῥητέον
1586 4694 1623 4781 ⁹),
1639 4701 1679 4772 ὡς
1696 4695 1756 4786 ἄρα
1779 4686 1831 4760 διά

324 4911 347 4986 ¹)
367 4913 455 4984 μείξεις
465 4912 566 4986 legere
573 4911 834 4986 jubetHerwerd.‚
845 4913 881 4971 cf.
892 4932 920 4988 p.
934 4913 994 4984 126,
1006 4915 1031 4970 ὑ.
1121 4916 1144 4988 ⁵)
1162 4915 1198 4971 A.
1218 4915 1266 4967 τόν.

323 5005 346 5077 ²)
365 5003 403 5060 M.
424 5007 497 5076 μετά.
1120 5005 1143 5077 ὕ)
1161 5004 1201 5059 Μ.
1215 5007 1246 5060 οῖ
1260 5002 1296 5058 Α.
1310 5001 1510 5058 colluctantur
1530 5018 1597 5056 cum
1615 4997 1750 5056 ονοοίόίε
1769 4997 1831 5072 api·

322 5095 345 5169 ³)
364 5094 514 5152 Soholium
539 5095 699 5168 marginis:
724 5099 799 5150 Πόθεν
826 5097 1032 5171 διαγιγνώσκομεν
1086 5095 1179 5150 cibus.

287 5189 341 5246 τοὺς
363 5185 427 5248 βίους
441 5188 480 5247 οὓς
493 5187 627 5260 ι’τὺγχοινον
641 5191 668 5240 αί
681 5189 759 5257 ψυχαί
777 5189 894 5260 πρότερον
913 5189 1032 5256 ἐζηκυίοι,
1121 5185 1144 5256 ⁷)
1162 5182 1202 5237 Μ.
1222 5183 1356 5251 πιρῖῖτῦὺς·

287 5276 388 5348 λέγεται
406 5273 430 5328 ίν
448 5279 481 5346 τῇ
500 5275 613 5349 ἐξηγήσει
635 5282 677 5339 τής
697 5279 751 5340 ἑξῆς
773 5280 872 5349 ῥήσιος.
1121 5274 1144 5345 δ)
1163 5271 1202 5326 M.
1222 5274 1278 5342 ἄρα.

324 5364 347 5436 ⁴)
366 5363 435 5420 (ἀοὺ.
455 5363 504 5420 alii
525 5365 723 5437 μαρτυρομένων.
742 5367 812 5424 Mox
831 5366 869 5422 M.
890 5370 991 5437 φρονεῖν.
1120 5363 1143 5435 9)
1163 5365 1198 5416 A.
1219 5363 1242 5412 ὃν
1263 5362 1353 5431 ῥητέον.
