3944 6074
410 499 465 571 De
484 496 628 588 Αιιιείίο,
649 501 690 572 de
709 499 895 590 Herophilo
913 501 1050 592 medico,
1072 504 1114 576 de
1132 503 1347 594 Ρίιίίοοίνσίο,
1368 505 1457 580 aliis.
1658 515 1711 574 163

162 671 242 754 αὐτῇ
260 679 301 754 τῇ
321 668 457 760 ῥύσει...
477 675 517 745 ὡς
535 661 568 736 δέ
585 668 666 735 θέσιν
683 663 906 760 λαμύάνουσαν
923 670 983 744 τήν
1001 671 1134 737 κάθετον
1153 698 1297 742 ...πτειν
1315 665 1349 741 δὲ
1365 681 1407 752 εἰς
1421 675 1480 747 τήν
1498 680 1636 752 ἀπλανῆ·
1656 680 1711 744 καί

160 777 279 852 ταύτης
293 784 332 853 ὡς
350 779 442 866 μέσον
461 780 515 843 τόν
539 773 704 868 ζωοφόρον,
720 780 800 869 ἀρχή
823 779 882 872 γάρ
900 781 1056 871 γενέσεως·
1075 779 1205 857 κάθετος
1224 774 1256 847 δὲ
1273 775 1437 872 τριαδικιῒις
1454 786 1629 856 ποιήσασαν
1648 777 1711 850 διο-

161 877 311 950 δεύειν
282 911 319 951 το
344 911 408 950 π..
423 912 496 964 ,τος
521 883 693 972 ἐνῷπέπτ
696 884 1009 980 ωκενοῖονπλαγίως
1027 887 1206 961 κινηθεισῶν
1232 891 1285 954 καί
1308 903 1404 956 ποιεῖν
1429 892 1488 960 τήν
1513 893 1626 964 λοιπην
1644 904 1706 958 των

160 994 230 1083 περί
253 994 370 1085 τήνόρ
374 995 429 1066 θήν
456 1000 578 1087 [τείτρα
581 989 681 1071 δικῶς·
699 995 854 1060 ποθουσαν
872 989 950 1062 δε
922 1021 959 1061 το
977 1021 1029 1062 εν
1031 1021 1062 1073 ο,
1080 1003 1177 1074 αυτῖ
1165 1025 1233 1074 ω,
1252 1024 1286 1062 αν
1312 1024 1367 1064 ουκ
1384 1009 1565 1065 αποστασαν
1583 1006 1708 1078 ἑαυτῆ,

118 1022 448 1191 οέπιστρέφουσραν
427 1103 522 1168 πάλιν
546 1110 587 1183 εἰς
611 1106 670 1180 τήν
695 1106 794 1198 ἀρχήν
819 1117 877 1184 τῆς
902 1106 1046 1188 καθέτου,
1071 1117 1167 1172 ποιεῖν
1193 1106 1252 1179 τήν
1277 1111 1509 1178 ὑποτείνουσαν.

904 1421 964 1494 ιη’

206 1639 284 1704 ’Ότι
308 1644 323 1704 θ
325 1643 541 1730 Ἀμέλιος“
516 1643 571 1706 ούτ
574 1667 613 1718 ως
637 1645 817 1721 ὑποστήσας
840 1667 921 1708 τοτ
901 1645 1069 1774 τρίγωνον,
1094 1639 1176 1722 ἀξιοῖ
1198 1644 1314 1736 σποράς
1338 1646 1392 1734 μέν
1418 1646 1518 1737 ἀρχήν
1543 1646 1707 1726 ποιεῖσθαι,

159 1748 215 1812 τὸν
240 1749 403 1839 αἰγόκερω,
421 1760 483 1813 τῶν
501 1751 660 1840 ἀρχόντων
685 1752 879 1840 ἐφεστώτων
897 1751 939 1818 τά
963 1777 1017 1841 ιιεν
1034 1777 1094 1845 γα
1080 1753 1252 1842 ρᾶλλα-,ζ-
1268 1747 1333 1832 ζῶα
1352 1755 1450 1826 καί-·
1443 1753 1517 1826 -τά
1541 1754 1623 1843 φυτά
1647 1754 1707 1828 τήν

161 1857 249 1944 φύσιν
274 1869 367 1922 κινεῖν
392 1864 433 1933 εἰς
450 1883 487 1922 το
504 1869 623 1950 γεννᾶν
642 1859 712 1935 τοὺς
730 1852 762 1924 δέ
780 1859 957 1950 ἀνθρώπους
973 1885 1028 1925 τον
1045 1863 1196 1952 λογονχ
1199 1871 1271 1933 ῆναι
1287 1885 1342 1924 τον
1367 1865 1487 1951 ὁρῶντα
1512 1863 1567 1926 τὸν
1591 1865 1706 1952 καιρόν,

161 1966 246 2055 ἄγειν
271 1967 322 2032 ἐπί
345 1967 404 2036 τήν
429 1959 557 2032 δέουσαν
583 1967 716 2058 σποράν·
741 1973 756 2030 ό
782 1961 815 2034 δὲ
839 1971 1007 2060 αἰγόκερως
1032 1975 1071 2046 ὡς
1097 1971 1228 2034 καὶτοῦ
1252 1973 1385 2042 ήλιακοῦ
1417 1971 1518 2058 φωτός
1542 1969 1623 2059 ἀρχή
1648 1981 1706 2047 τῆς

107 2094 132 2130 ιν
159 2066 330 2156 ἐπανόδου,
355 2075 502 2163 σπόριμος
527 2077 580 2138 καί
603 2082 622 2148 ή
649 2077 711 2140 ἀπὸ
735 2077 848 2141 τούτου
873 2089 913 2163 τῇ
939 2076 1062 2160 καθέτῳ
1086 2079 1135 2150 ἴση
1163 2067 1322 2166 τριζῳδία,
1347 2075 1522 2166 αἰγόκερως,
1547 2068 1707 2167 ύδρόχους,

162 2181 278 2271 ἰχθύες·
303 2183 442 2259 κυήσεως
469 2185 504 2256 (f.
529 2187 571 2249 45
596 2188 639 2266 ν.)
664 2187 942 2274 ἑπταμήναιος...
967 2179 1140 2275 λαμθάνειν
1165 2187 1225 2276 γάρ
1250 2209 1282 2249 τι
1305 2183 1358 2246 καί
1381 2193 1435 2248 τοῦ
1459 2178 1530 2262 ἑξῆς
1554 2187 1607 2248 καί
1629 2181 1706 2250 εἶναι

159 2341 166 2353 .
182 2341 188 2353 .
204 2340 210 2352 .
225 2295 396 2380 όκτομηνεῖ
410 2289 572 2379 παρθένον,
589 2293 642 2355 καὶ
658 2287 703 2356 εἷ.
718 2342 744 2356 ..
769 2293 829 2364 τήν
845 2292 1007 2384 παρθένον,
1025 2293 1066 2358 τά
1084 2286 1117 2360 δὲ
1133 2293 1306 2380 ἐννεάμηνα
1323 2297 1364 2367 είς
1381 2284 1475 2383 ζυγόν
1499 2293 1553 2356 καί
1576 2293 1703 2383 γόνιμα.

160 2405 269 2463 Ταῦτα
294 2391 327 2464 δέ
351 2405 421 2489 ὁρᾷς
445 2401 526 2475 ὅπως
550 2401 731 2490 πλάσμασιν
755 2405 870 2467 ἔοικεν·
896 2409 922 2468 εί
947 2404 1001 2491 μέν
1026 2402 1086 2493 γάρ
1112 2394 1163 2466 διᾶ
1187 2401 1246 2472 τήν
1270 2399 1435 2490 παρθένον,
1459 2401 1557 2491 ἄγονα
1581 2405 1703 2493 γίνεται

158 2504 200 2570 τά
223 2506 339 2595 ἔχοντα
362 2506 421 2579 τήν
447 2509 601 2598 σπορίμην
624 2510 716 2598 ὥραν,
734 2511 918 2601 αἰγοκέρωτι
941 2510 1029 2584 ὄντος
1053 2511 1155 2593 ήλίου,
1178 2507 1284 2572 πάντα
1300 2497 1361 2572 ἔδει
1377 2505 1419 2570 τά
1444 2511 1474 2572 ἐν
1498 2519 1539 2593 τῇ
1561 2507 1703 2598 παρθένῳ

105 2629 131 2666 ¹⁵
159 2615 246 2689 ὄντος
270 2618 365 2680 αὐτοῦ
390 2615 448 2686 τήν
474 2615 628 2706 ἐκτροπήν
646 2618 700 2680 τὀν
718 2617 863 2707 μένοντα,
888 2612 965 2684 εἶναι
989 2617 1097 2707 ἄγονα·
1123 2608 1199 2682 εἰδὲ
1224 2607 1305 2680 διότι
1320 2617 1527 2706 ὀκταμήνῳή
1555 2617 1705 2707 ἐκτροπή,

159 2725 215 2788 κάν
241 2722 296 2811 μή,
320 2729 339 2797 ή
365 2723 524 2812 παρθένος,
550 2724 632 2788 ἀλλά
657 2725 726 2789 ἀλλ’
752 2727 801 2790 ὅτι
825 2717 935 2803 ζώδιον
961 2722 980 2811 ᾖ
1003 2729 1034 2790 ἐν
1059 2720 1122 2808 ᾦή
1149 2722 1284 2813 ἐκτροπή
1311 2724 1481 2812 όκταμήνῳ
1506 2717 1705 2812 συμθήσεται

158 2833 285 2896 σαυτόν·
309 2832 363 2896 καί
385 2834 497 2922 ὁμοίιος
521 2831 551 2896 ἐν
576 2833 684 2898 τελέου
707 2857 740 2898 τι
763 2835 816 2897 καί
839 2826 923 2924 ζυγῷ
948 2834 1046 2924 ἄγονα
1063 2836 1161 2898 ἔσται·
1179 2833 1280 2922 ὥσπερ
1304 2832 1392 2904 καίή
1421 2835 1540 2921 ίστορία
1564 2825 1705 2897 διδάσκει

159 2940 211 3004 καί
234 2943 264 3005 ἐν
289 2939 411 3016 τούτοις
437 2940 536 3030 ἄγονα
559 2940 710 3031 γίνεσθαι,
735 2942 787 3006 καί
811 2947 842 3006 ἑν
867 2953 906 3026 τῇ
933 2942 1073 3033 παρθένῳ
1097 2943 1223 3032 γόνιμα.
1248 2944 1303 3005 ούκ
1328 2941 1387 3030 ἄρα
1411 2931 1460 3005 δεῖ
1480 2941 1601 3014 ταύτην
1626 2947 1705 3032 ὑφη-

157 3049 280 3141 γεῖσθαι
303 3060 369 3126 τοῖς
393 3042 522 3138 φύλαξιν
547 3049 606 3122 τήν
632 3041 760 3139 μέθοδον
786 3060 843 3126 τῆς
867 3061 981 3141 σπορᾶς
1005 3060 1067 3115 τῶν
1092 3049 1244 3138 ἐσομένων
1268 3050 1404 3140 γονίμων
1429 3050 1484 3112 ἀπ’
1507 3051 1615 3126 αὐτῆς.

895 3369 964 3435 Λίἰ’.

100 3609 129 3646 ²⁰
203 3591 339 3656 “31022
343 3591 503 3680 ρόφιλοςό
528 3589 656 3679 Ἰατρὸς,
673 3587 888 3676 Φιλόστρατος
905 3611 958 3651 και
982 3585 1073 3651 ἄλλοι
1096 3586 1209 3650 πολλοὶ
1232 3594 1294 3650 τῶν
1313 3585 1530 3677 έλλογίμων“
1514 3609 1567 3650 ενα
1591 3583 1701 3675 χρόνον

157 3723 248 3788 φασιν
265 3725 341 3764 ειναι
358 3723 506 3788 γενέσεως
524 3721 576 3762 και
593 3709 657 3772 το
674 3695 781 3770 αλλοις
795 3691 894 3774 ζωοι
910 3687 1008 3760 τένδ
1010 3694 1227 3782 έέπτᾶμηνον
1251 3693 1464 3781 ητατηιιένων
1482 3691 1703 3781 υποληφθῆναι

156 3818 218 3873 τῶν
236 3817 402 3898 γυναικῶν,
416 3798 467 3871 διά
479 3807 517 3870 τό
530 3805 584 3869 καὶ
601 3803 681 3894 μετά
698 3801 862 3890 σύλληψιν,
876 3803 929 3867 καί
945 3808 995 3868 ἐπι
987 3794 1061 3866 δύο
1076 3812 1175 3890 μῆνας
1191 3798 1392 3890 καθαίρεσθαί
1408 3823 1504 3880 τινας,
1518 3799 1571 3862 καί
1586 3798 1703 3863 οἴεσθαι

157 3906 208 3980 διά
232 3914 290 3984 τήν
314 3913 463 4003 κάθαρσιν
489 3911 530 4000 μή
550 3911 711 4042 γεγρνέναι
727 3907 890 3998 σύλληψιν.
909 3915 949 3974 Οἱ
965 3901 997 3974 δὲ
1015 3907 1201 4000 Πυθαγόριοι
1218 3911 1409 3999 προσίενται,
1429 3913 1468 3984 ὡς
1486 3907 1539 3972 καί
1563 3907 1701 3998 Ὀρφεύς,

156 4023 210 4086 καί
225 4021 267 4086 τά
283 4021 464 4111 ἑπτάμηνα,
481 4021 534 4084 καὶ
547 4021 638 4110 φασὶν
653 4022 683 4084 ἐν
697 4019 751 4108 μὲν
768 4006 820 4084 Kb*
836 4018 965 4149 ήμέραις
982 4019 1019 4081 τό
1036 4011 1217 4089 καταύληθ
1208 4041 1238 4082 εν
1256 4017 1409 4106 σπέρμα
1394 4015 1492 4080 τύπον
1510 4016 1563 4080 καὶ
1580 4015 1700 4105 μορφήν

101 4141 128 4179 ²⁵
156 4123 352 4219 λαμύανειν
344 4130 394 4194 ετι
412 4131 482 4214 (fol
508 4129 618 4214 46)..
633 4152 714 4218 γαρ
731 4125 832 4190 καθ
818 4126 1001 4199 ἑκάστην..
1017 4131 1081 4192 αἰ
1099 4116 1155 4190 δε
1148 4150 1201 4189 και
1193 4116 1290 4200 δι,
1279 4149 1310 4190 εν
1333 4127 1390 4214 μία
1414 4124 1558 4213 ήμέρᾳ..
1573 4127 1660 4188 λα
1652 4130 1701 4188 επ

157 4236 324 4327 ἀνθρώπων
349 4232 437 4318 εἶναι,
455 4235 542 4302 ἄειι
558 4245 665 4302 των
681 4245 813 4324 ,ρῶμεη
831 4231 894 4299 οἷον
911 4259 965 4298 και
984 4257 1044 4304 την
1068 4233 1284 4323 λεγομένην..
1301 4258 1379 4297 ,νων
1406 4233 1460 4295 καὶ
1482 4233 1520 4295 τὸ
1543 4230 1700 4320 ἐπιθυμεῖν

156 4345 315 4434 όστράκων
329 4397 335 4410 .
351 4398 356 4410 .
371 4397 377 4410 .
393 4340 460 4423 ζους
486 4342 732 4433 ἀποστρέφεσθαι
756 4334 789 4407 δέ
814 4337 892 4407 οἶνον
910 4342 963 4405 καί
981 4342 1168 4431 [πολύ]αιμα
1188 4342 1242 4405 καί
1266 4342 1320 4407 τὀν
1345 4334 1441 4433 ἀνδρα
1466 4339 1618 4416 πολλάκις
1641 4351 1700 4416 τῆς

156 4453 338 4541 φύσεως...
363 4454 404 4519 τά
429 4455 483 4542 μὲν
507 4453 669 4540 πολύαιμα
686 4449 869 4542 φευγούσης,
887 4453 936 4514 ἵνα
961 4449 1003 4541 μή
1020 4501 1027 4517 .
1043 4501 1074 4518 ..
1097 4453 1216 4514 πολλοῦ
1234 4451 1366 4538 αἵματος
1392 4449 1429 4513 τέ
1454 4447 1576 4538 σπέρμα
1600 4470 1701 4532 κατα-

156 4565 215 4624 κλυ
230 4613 237 4628 .
252 4613 281 4630 ..
306 4553 339 4628 δέ
362 4553 469 4651 ἄνδρα,
496 4565 543 4626 ἵνα
569 4561 612 4649 μή
631 4558 787 4649 ἐνοχληθῇ
805 4565 825 4633 ή
845 4559 1018 4648 μήτρα...
1043 4567 1139 4622 τοῦτο
1157 4549 1303 4647 διάφορον
1326 4560 1478 4647 ἴσχουσιν·
1503 4557 1553 4620 ὅτι
1576 4553 1618 4620 τά
1643 4554 1697 4643 μὲν

100 4673 128 4713 ³⁰
156 4667 259 4757 ἄλογα
282 4669 344 4733 ἀπό
368 4665 549 4757 συλλήψεως
574 4671 608 4734 ού
632 4669 794 4756 προσίεται
818 4667 972 4750 συνουσίᾳ·
998 4663 1153 4755 άνθρώποι
1177 4656 1220 4743 δὲ,
1246 4665 1352 4756 μέχρις
1376 4663 1588 4739 ἀποκυήσεως.

892 4987 961 5055 ΛΓ.

99 5235 126 5273 ιε
200 5201 278 5268 Ὅτι
293 5203 347 5266 καί
364 5202 567 5292 Ζωροάστρης
586 5213 738 5293 μαρτυρεῖ
752 5214 792 5288 τῇ
812 5202 931 5293 γενέσει
948 5211 1010 5266 τῶν
1027 5199 1216 5288 ἑπταμήνων
1231 5199 1395 5290 προλέγειν
1414 5198 1493 5264 πότε
1515 5197 1696 5288 ἑπτάμηνον

154 5312 243 5376 ἔσται
267 5301 413 5394 διδάξας,
437 5309 521 5401 λέγει
544 5309 604 5403 γάρ
626 5311 733 5386 ούτως·
760 5316 798 5376 Αἰ
821 5309 904 5375 κατά
929 5301 1055 5376 σύνοδον
1079 5310 1171 5384 ήλίου
1195 5310 1249 5374 καί
1273 5309 1408 5386 σελήνης
1432 5307 1599 5399 γενόμεναι
1624 5309 1698 5372 συλ-
