4022 6072
868 541 1055 618 Meritum.
1675 594 1676 597 ,
1700 557 1736 612 ιι

233 719 405 787 Caeterum
418 719 465 784 nil
478 719 606 800 mirum,
620 719 647 784 si
663 719 864 785 desideretur
879 718 1009 804 saepius
1026 719 1188 805 exquisita
1200 719 1314 785 Basilii
1331 720 1506 806 elegantia,
1521 744 1621 806 quum
1635 723 1734 790 etiam

188 827 305 912 optimi
328 832 517 893 catenarum
541 826 690 912 opifices,
716 827 868 912 angustia
892 829 1100 896 membranae
1124 833 1158 894 et
1181 827 1275 912 eopia
1298 849 1407 894 rerum
1437 829 1601 914 oppressi,
1626 829 1731 896 multa

188 935 286 1002 etiam
311 934 429 1000 eximia
452 933 680 1001 circumcidere
704 939 875 1020 cogantur.
1338 1010 1341 1015 ,

231 1043 322 1120 Quod
345 1044 479 1110 ascetica
503 1047 626 1128 spectat
649 1048 745 1127 atque
769 1042 923 1127 epitimia,
948 1041 1023 1109 dum
1047 1041 1207 1128 quondam
1230 1041 1447 1108 incumberem
1473 1043 1504 1108 in
1526 1044 1608 1128 juris
1631 1043 1733 1112 eccle·

186 1151 305 1218 siastici
329 1150 523 1217 Graecorum
546 1151 715 1215 historiam
732 1155 765 1215 et
781 1154 996 1231 monumenta,
1014 1150 1052 1216 de
1067 1151 1172 1234 prisco
1185 1151 1259 1234 jure
1275 1150 1450 1216 monastico
1467 1151 1544 1216 satis
1568 1152 1733 1235 copiosam

185 1259 303 1327 retinui
327 1259 524 1340 mantissam,
548 1261 636 1323 tomo
659 1277 686 1322 11
708 1263 913 1339 reservatam,
927 1258 994 1342 jam
1018 1257 1118 1324 invito
1133 1279 1184 1322 me
1200 1277 1414 1340 suppressam,
1432 1254 1467 1321 in
1491 1279 1554 1341 qua
1577 1257 1726 1339 Basilius,

187 1387 322 1452 magnus
342 1365 437 1450 judex
461 1368 494 1429 et
517 1365 651 1431 antistes
674 1365 814 1431 sedebat.
831 1364 928 1449 Cujus
943 1387 1018 1432 uero
1035 1366 1207 1432 sententias
1230 1365 1305 1430 dum
1327 1364 1521 1450 colligerem,
1538 1367 1645 1432 notari
1664 1389 1731 1434 me·

188 1475 390 1555 ditabundus,
407 1477 532 1540 exstare
548 1474 580 1538 in
597 1473 726 1559 optimis
742 1477 775 1538 et
791 1475 925 1540 uetustis
941 1474 1145 1554 membranis,
1161 1496 1226 1538 non
1243 1473 1345 1539 solum
1362 1473 1532 1540 uarietates
1549 1473 1732 1542 innumeras

189 1589 222 1650 et
245 1604 359 1669 graves
382 1583 536 1650 hactenus
559 1583 732 1668 neglectas,
757 1581 812 1647 sed
834 1581 974 1666 plurima
989 1581 1141 1661 auctario,
1157 1584 1227 1646 tum
1243 1580 1380 1647 maxime
1402 1580 1435 1645 in
1459 1580 1623 1666 epitimiis,
1648 1603 1729 1666 quae

188 1691 359 1776 diligentes
382 1689 547 1756 Maurinos
569 1689 697 1774 penitus
720 1688 913 1774 effugerunt.
938 1687 1022 1764 Quin
1047 1685 1132 1752 ultro
1154 1685 1194 1752 ed
1217 1687 1300 1754 hanc
1325 1688 1507 1772 opinionem
1531 1688 1729 1770 accedebam,

189 1797 347 1882 duplicem
363 1797 576 1864 recensionem
593 1795 770 1880 antiquitus
783 1795 948 1881 uulgatum
961 1794 1076 1882 fuisse3
1092 1794 1187 1879 idque
1199 1797 1236 1860 ut
1247 1795 1390 1879 probem,
1402 1795 1487 1861 haud
1501 1796 1596 1882 longe
1613 1797 1731 1878 abiero,

189 1927 287 1990 quum
311 1905 418 1984 tacite,
441 1903 536 1988 idque
559 1903 668 1983 miror,
692 1902 753 1986 ipsi
777 1901 915 1968 Maurini
939 1901 972 1966 in
995 1901 1098 1968 indice
1122 1901 1319 1986 Regularum
1342 1901 1536 1985 breviorum,
1559 1904 1729 1972 retulerint

188 2012 394 2096 epigraphem
419 2016 533 2076 notatu
557 2010 776 2096 dignissimam
796 2007 839 2089 'lr

226 2116 305 2193 Ἕως
329 2117 443 2182 τούτου
467 2117 560 2203 μόνον
585 2112 650 2206 εἶχε
674 2117 710 2182 τὸ
735 2117 796 2181 ἀπὸ
820 2125 875 2180 τοῦ
901 2115 1019 2180 Πόντου
1037 2113 1182 2205 κομισθὲν
1205 2117 1405 2207 ἀντίγραφον·
1430 2117 1471 2182 ταὶ
1495 2107 1534 2184 δὲλ
1551 2112 1659 2210 ἑφεξῆς
1684 2113 1728 2198 κζ’

186 2223 343 2313 κεφάλαια
366 2224 420 2288 καὶ
445 2222 486 2288 τὰ
511 2226 653 2311 ἐπιτίμια
676 2227 711 2288 ἐκ
735 2233 792 2298 τῆς
811 2215 920 2306 [libica
937 2233 995 2298 τῆς
1013 2224 1073 2288 ἀπὸ
1090 2233 1148 2299 τῆς
1166 2227 1350 2313 Καισαρείιις
1366 2225 1553 2315 προσετέθη.
1577 2265 1620 2278 -
1644 2231 1733 2297 Haec

190 2335 358 2401 decurtabat
381 2335 641 2417 complectebatur
656 2335 791 2400 allatum
808 2355 847 2398 ec
864 2334 966 2399 Ponto
981 2332 1154 2418 exemplar.
1171 2333 1309 2416 Reliqua
1329 2340 1434 2400 cutem
1452 2335 1524 2400 XX
1534 2335 1602 2401 VII
1623 2338 1731 2422 cupita

188 2449 217 2509 et
240 2438 422 2524 epitiuu'c')
446 2444 560 2509 addita
583 2449 659 2508 secret
683 2464 722 2508 ee
744 2442 847 2508 coelice
872 2441 1086 2508 Caesariensi.

234 2549 341 2636 Igitur
363 2573 399 2616 er
423 2550 492 2634 ipsa
515 2549 627 2616 Basilii
644 2548 839 2614 bibliotheca
855 2547 1060 2628 Caesariensi,
1078 2568 1159 2631 quac
1176 2568 1238 2612 uon
1255 2547 1354 2613 semel
1377 2548 1409 2612 in
1433 2549 1546 2633 priscis
1570 2549 1731 2618 codicibus

187 2654 417 2740 celebratur³),
441 2663 602 2744 receptum
627 2657 691 2723 fuit
713 2656 875 2741 exemplar
898 2656 1022 2722 auctius
1039 2676 1135 2739 quarn
1151 2654 1289 2720 alterum
1312 2655 1344 2720 in
1367 2653 1473 2722 Ponto
1496 2656 1731 2740 circumlatum,

188 2791 225 2836 ac
247 2768 435 2854 praesertim
458 2767 492 2832 in
515 2765 666 2851 epitimiis
689 2764 893 2849 locupletius.
916 2763 974 2829 Nil
998 2763 1114 2828 mirum
1142 2762 1244 2848 igitur
1267 2763 1307 2828 ad
1330 2785 1459 2830 manum
1484 2785 1585 2832 meam
1610 2765 1733 2832 uenisse

187 2875 341 2960 quaedam
364 2875 500 2942 ascetica
522 2894 605 2940 nova
627 2878 659 2938 ct
683 2871 859 2960 permultas
882 2891 1057 2954 poenarum
1080 2870 1245 2951 formulas,
1264 2894 1302 2937 ex
1325 2872 1441 2957 quibus
1464 2877 1592 2939 tentum
1614 2874 1733 2940 selecta
1846 2875 1849 2880 ’

187 3005 258 3049 mox
281 2984 314 3048 in
337 2983 477 3049 medium
500 2982 613 3047 afferre
637 2981 761 3047 animus
785 2983 843 3044 est.
869 2976 951 3044 Sane
966 2977 1000 3042 in
1016 2977 1191 3062 appendice
1207 2979 1353 3062 superius
1373 2983 1548 3048 memorata
1570 2979 1731 3066 triplicem

188 3095 362 3158 statueram
386 3090 519 3156 classem
542 3087 777 3173 epitimiorum:
794 3109 891 3152 unam
905 3085 1136 3166 Mauriuorum,
1151 3085 1185 3150 in
1209 3087 1338 3171 optimis
1355 3091 1387 3153 et
1411 3089 1544 3154 vetustis
1567 3087 1728 3155 codicibus

185 3199 304 3284 passim
327 3199 565 3274 confirmatam
590 3195 724 3262 alteram
750 3195 890 3260 nondum
908 3192 1037 3274 editam,
1053 3191 1227 3277 iisdemque
1242 3191 1310 3259 fere
1326 3193 1561 3279 exemplaribus
1584 3215 1730 3279 compro-

187 3307 311 3386 batam;
337 3305 465 3370 tertiam
489 3327 564 3370 uero
593 3301 863 3388 copiosissimam,
887 3301 941 3368 sed
964 3298 1192 3384 interpolatam
1215 3299 1248 3364 in
1272 3300 1501 3368 recentioribus
1533 3301 1728 3368 Graecorum

186 3413 287 3493 libris,
311 3413 365 3496 qui
382 3413 536 3497 poenales
558 3412 610 3478 rel
639 3411 883 3496 poenitentiales
913 3409 975 3476 dici
1003 3411 1145 3493 possunt.
1171 3405 1319 3473 Huncin
1350 3407 1604 3492 praesentiarum
1628 3430 1728 3492 prope

187 3515 313 3600 ablego,
337 3537 431 3599 quam
457 3521 562 3582 tamen
588 3537 626 3581 eo
651 3515 754 3580 minus
777 3536 844 3580 esso
861 3515 1089 3600 negligendam
1106 3523 1186 3600 puto
1203 3516 1235 3580 in
1249 3515 1331 3600 juris
1354 3516 1499 3597 historia,
1523 3517 1607 3601 quod
1630 3539 1731 3602 usque

187 3623 227 3690 ad
243 3624 301 3690 hos
317 3624 383 3689 dies
398 3628 591 3708 perpetuum
603 3624 665 3689 tuit
678 3622 835 3703 manuale,
848 3623 933 3706 quod
944 3623 1090 3703 dixerim,
1105 3628 1233 3708 patrum
1250 3624 1334 3708 apud
1350 3622 1488 3690 Graecos
1504 3624 1733 3708 spiritualium,
1850 3677 1855 3686 .

187 3732 302 3816 quibus
314 3730 455 3797 fidelium
468 3730 679 3796 conscientiae
693 3734 938 3814 componuntur.
956 3729 1031 3797 Sola
1045 3752 1121 3797 vero
1136 3731 1246 3797 elassis
1261 3730 1397 3797 secunda
1413 3731 1554 3815 pertinet
1569 3732 1609 3797 ad
1624 3732 1729 3816 prisca

186 3841 347 3921 anecdota,
371 3861 407 3905 ac
430 3838 497 3904 fera
520 3843 591 3904 tota
614 3861 652 3904 ex
675 3838 833 3904 Vaticano
856 3839 961 3906 codice
984 3839 1103 3905 saeculi
1126 3839 1253 3905 circiter
1274 3857 1337 3904 ιιιιι
1359 3843 1415 3905 aut
1438 3857 1485 3904 vn
1509 3838 1675 3924 excipitur.

231 3947 351 4014 Similis
367 3945 435 4012 fere
453 3947 531 4011 mihi
547 3946 686 4030 primum
702 3945 787 4011 visus
802 3950 850 4012 est
867 3947 965 4012 codex
981 3945 1189 4031 Musquensis,
1207 3968 1246 4011 ex
1265 3969 1329 4031 quo
1346 3969 1448 4031 pauca
1470 3944 1539 4034 capt
1562 3944 1727 4035 πκρθενίπς

186 4055 349 4138 descripsi.
373 4053 491 4120 Statim
511 4053 594 4119 enim
612 4053 805 4138 deprehendi
821 4059 890 4120 tum
907 4053 1051 4119 libellum
1070 4076 1138 4121 esse
1154 4054 1308 4138 spurium,
1327 4059 1397 4121 tum
1413 4055 1516 4138 ipsam
1538 4055 1730 4140 scripturam

186 4183 253 4228 esse
277 4162 477 4240 mendacem
498 4161 605 4245 jocose
628 4167 685 4228 aut
700 4163 782 4226 serio
799 4163 972 4229 monachus
988 4163 1115 4246 quidam
1132 4165 1291 4228 uetustam
1316 4160 1472 4229 unciolam
1496 4161 1573 4226 satis
1596 4161 1725 4227 dextere

185 4269 358 4350 simularit,
382 4269 507 4335 saeculo
530 4268 667 4336 fortasse
690 4289 748 4350 x11,
765 4275 803 4335 ut
826 4269 929 4354 prima
952 4268 1057 4335 fronte
1081 4271 1227 4336 incautus
1250 4269 1351 4336 lector
1375 4268 1576 4353 deciperetur
1586 4261 1626 4350 ⁴).
1650 4267 1733 4334 Cae·
1842 4319 1845 4326 .

185 4381 290 4444 terum
313 4377 396 4442 idem
421 4399 501 4461 opus
524 4377 637 4442 vidisse
662 4399 712 4442 me
740 4377 850 4441 videor
872 4377 905 4441 in
929 4377 1065 4462 quodam
1097 4377 1202 4444 codice
1233 4375 1544 4462 Cryptolerratensi,
1569 4397 1605 4442 ac
1628 4375 1729 4440 doctis

185 4485 338 4572 permitto
361 4485 531 4551 Basilianis
554 4484 593 4549 de
617 4483 718 4550 libelli
741 4483 847 4550 indole
870 4488 903 4550 et
925 4484 1039 4549 merito
1064 4485 1282 4569 pronunciare.

222 4785 244 4860 ι)
263 4783 344 4842 Tam.
363 4800 408 4856 ιιι,
428 4803 456 4859 p.
475 4785 537 4842 412.
557 4787 669 4844 Puteal.
689 4800 762 4842 xxxr
783 4783 837 4841 col.
852 4783 932 4844 1076.
985 4783 1156 4844 antistitum
1175 4781 1337 4841 continent.

221 4877 244 4949 ¹)
263 4875 392 4932 Maurini
411 4875 524 4932 hebent
536 4875 615 4948 quod
627 4894 686 4932 non
699 4876 809 4949 liquet:
825 4874 931 4946 Capita
1019 4879 1043 4944 ⁴)
1063 4877 1130 4934 Chr.
1144 4877 1229 4932 Fred.
1242 4874 1388 4932 Matthaei
1402 4875 1431 4930 in
1451 4875 1602 4932 Accurala
1628 4877 1733 4931 notitia

185 4979 253 5021 cum
273 4966 589 5021 animaduersionibus.
985 4967 1069 5024 codd.
1093 4965 1319 5038 Mosquensium
1343 4965 1422 5020 idem
1447 4971 1607 5021 notaverat
1631 4982 1659 5037 p.
1679 4963 1732 5019 38:

220 5053 243 5126 ³)
262 5051 335 5108 Mihi
355 5051 475 5126 saepius
495 5053 627 5110 occurrit
651 5052 731 5110 inter
756 5054 839 5112 codd.
858 5073 929 5112 mss.
985 5055 1119 5111 «Forma
1134 5055 1300 5111 litterarum
1313 5059 1361 5110 est
1374 5052 1487 5110 saeculi
1500 5051 1671 5122 noni-forts
1688 5057 1733 5109 ta·

183 5142 235 5215 qui
255 5159 345 5214 opera
362 5143 473 5198 Aeetae
492 5149 523 5200 et
535 5145 672 5200 Andreae
691 5144 929 5202 Caesariensium
983 5163 1051 5202 meu
1072 5142 1201 5216 scriptus
1220 5149 1267 5200 est
1286 5143 1408 5199 saeculo
1426 5157 1471 5198 ιιι
1490 5147 1544 5198 eut
1561 5155 1653 5197 χιιι».
