4006 6074
564 555 657 628 Pars
675 579 724 644 111,
744 556 786 627 de
804 554 891 628 Ἐλιήν
905 555 1038 646 sabula,
1057 553 1094 647 ψ.
1114 569 1138 635 1,
1157 569 1185 635 ε,
1204 569 1231 636 3,
1252 569 1280 620 4.
1683 571 1700 626 5

150 732 280 819 λογικῆς
305 726 344 792 τό
367 730 397 794 ἐν
423 729 504 812 αὐτῇ
530 727 644 790 κακόν·
669 725 723 789 καί
747 727 828 791 οὕτω
851 736 912 791 πᾶν
930 727 1027 791 κακόν
1049 727 1216 818 φθαρτικόν
1241 723 1275 794 ού
1299 731 1367 794 ἐστι
1390 729 1505 814 κακόν,
1529 731 1583 797 καί
1606 732 1700 824 μέχρι

150 833 303 900 τοσούτου
328 833 507 926 φθαρτικόν,
526 837 631 924 μέχρις
647 834 719 899 ὅσου
737 835 844 898 κακόν·
862 833 901 899 τό
919 834 972 924 μὲν
989 828 1041 898 σύν
1057 835 1207 925 πρότερον
1225 837 1395 927 κεφάλαιον
1420 840 1534 904 ούτωσι
1556 831 1699 914 διέθηκεν

151 947 167 1006 6
191 940 297 1032 παρὼν
321 941 425 1032 λόγος.
450 979 493 990 -
517 929 573 1004 Ἐκ
597 931 631 1004 δὲ
654 939 769 1005 τούτου
794 941 970 1032 συνήγαγεν
995 939 1056 1007 οἷον

152 1159 175 1224 f.
194 1161 256 1224 115
280 1157 429 1247 [πόρισμα
447 1167 588 1221 τοιοῦτον
605 1154 661 1230 τάς
678 1153 779 1246 ψυχάς
796 1157 879 1246 μήτε
896 1159 1019 1234 πλείους
1035 1157 1179 1250 γενέσθαι
1193 1157 1230 1247 ¹),
1248 1161 1332 1248 μήτε
1352 1160 1513 1238 ἐλάσσους·
1531 1163 1561 1226 εί
1580 1185 1617 1226 τε
1641 1162 1701 1253 γάρ

113 1293 126 1332 ο
151 1265 301 1342 ἐλάσσους
325 1269 470 1356 γίνοιντο,
496 1263 690 1355 φθαρήσεταί
713 1289 769 1340 τις,
795 1257 952 1330 δέδεικται
976 1258 1010 1331 δέ
1034 1260 1299 1356 άφθαρτοςούσα·
1318 1269 1382 1332 εἴτε
1404 1270 1529 1344 πλείους
1553 1269 1700 1359 γίνοιντο,

152 1376 187 1438 ἐκ
200 1381 262 1438 τῶν
280 1372 436 1464 φθαρτῶν]
464 1375 596 1437 ἔσονται·
615 1383 709 1437 τοῦτο
727 1364 941 1458 δὲάδύνατον,
962 1376 1023 1459 [ἵνα
1040 1373 1083 1462 μή
1103 1372 1236 1465 φθαρτά]
1253 1373 1387 1466 γε’νηται
1411 1374 1565 1440 ἀθάνατα·
1582 1385 1643 1441 πᾶν
1668 1366 1702 1441 δὲ

157 1481 207 1567 [τό
230 1481 424 1572 γιγνόμενον]
451 1483 486 1546 ἐκ
502 1505 584 1556 τινος
608 1482 740 1573 γίνεται·
766 1486 792 1546 εί
816 1475 867 1546 οὖν
892 1487 926 1547 ἐκ
943 1493 997 1547 τοῦ
1018 1480 1144 1566 [θνητοῦ
1169 1486 1226 1568 τις]
1250 1483 1391 1575 γίγνοιτο
1415 1479 1526 1572 ψυχῆς,
1550 1483 1700 1576 γενομένη

154 1582 187 1653 δέ
212 1587 376 1673 ἀθάνατος,
402 1589 456 1652 καί
478 1592 517 1655 τό
542 1588 655 1661 θνητόν
680 1589 835 1654 ἀθάνατον
861 1591 945 1656 ἐστίν
969 1589 988 1664 ή
1016 1587 1100 1679 ψυχή
1127 1589 1264 1682 γεγόνος·
1293 1590 1340 1658 ἀεί
1363 1587 1423 1682 γάρ
1447 1590 1615 1682 γινομένων
1639 1601 1703 1656 τῶν

155 1693 274 1786 ψυχῶν,
299 1689 558 1772 δαπανηθήσεται
582 1707 643 1761 πᾶν
667 1697 706 1763 τό
732 1696 845 1770 θνητόν
875 1703 916 1774 εἰς
944 1698 1004 1770 τήν
1029 1698 1150 1763 τούτων
1181 1697 1346 1763 ἀθανάτων
1375 1701 1472 1764 οὐσῶν
1496 1699 1633 1788 γένεσιν,
1659 1696 1702 1788 μή

100 1824 126 1859 ¹⁰
155 1797 448 1895 ἀνταποδιδομένων
472 1811 513 1882 είς
537 1805 596 1878 τήν
621 1809 745 1871 ἐκείνων
769 1807 899 1896 γένεσιν.
925 1800 1037 1883 Λάθοις
1055 1799 1082 1870 δ’
1101 1805 1137 1871 ἀν
1161 1811 1196 1872 ἐκ
1220 1806 1340 1871 τούτων
1364 1808 1418 1872 καί
1442 1809 1492 1872 ὅτι
1512 1813 1584 1872 κατ’
1609 1807 1703 1871 αὐτόν

153 1914 349 2004 πεπέρασται
374 1923 435 1978 τῶν
452 1909 559 2003 ψυχῶν
576 1918 591 1977 6
610 1912 747 2004 ἀριθμός,
764 1915 848 2002 εἴπερ
865 1916 938 1979 ούτε
955 1918 1080 1992 πλείους
1097 1915 1269 2007 γινόμεναι,
1287 1919 1358 1981 οὔτε
1382 1916 1542 1993 ἐλάσσους,
1568 1907 1620 1981 διά
1642 1915 1702 1987 τήν

155 2021 326 2086 ἀθανασίαν
350 2023 456 2111 έχουσι
479 2023 534 2085 τόν
560 2022 647 2111 ὅρον,
672 2026 745 2086 ἀλλ’
770 2026 804 2087 ού
830 2013 881 2086 διά
906 2022 965 2097 τήν
990 2026 1140 2114 ἀπειρίαν.
1166 2062 1209 2074 -
1233 2024 1278 2090 Τό
1302 2015 1337 2089 δέ
1360 2015 1505 2114 δεύτερον
1534 2027 1704 2114 ἀναγκαῖον

155 2122 309 2194 ύπέλαθεν
336 2123 386 2193 διά
410 2128 469 2199 τήν
494 2129 608 2222 ἄλογον
633 2127 752 2219 ψυχήν·
777 2121 883 2202 ἐπειδὴ
909 2128 970 2221 γάρ
994 2128 1096 2222 ψυχήν
1121 2137 1277 2222 καλοῦμεν
1302 2131 1361 2203 τὴν
1389 2142 1508 2215 πᾶσαν,
1533 2136 1704 2224 ἀναγκαῖον

155 2233 193 2311 ἦν
218 2229 350 2327 διορίσαι
372 2239 464 2302 ποίαν
482 2232 558 2302 εἶναι
574 2238 666 2327 φησίν
683 2237 742 2309 τήν
761 2229 869 2302 ἀΐδιον·
886 2249 980 2304 τοῦτο
997 2233 1049 2304 οὖν
1065 2249 1172 2318 ποιῶν,
1189 2240 1249 2311 τήν
1265 2239 1396 2331 λογικήν
1414 2241 1512 2330 μόνην
1535 2231 1705 2331 διορίζεται

102 2359 128 2401 15
156 2345 308 2419 τοιαύτην
333 2340 419 2410 εἶναι·
445 2337 538 2418 δηλοῖ
561 2337 595 2410 δέ
617 2346 718 2435 λέγων
743 2345 792 2410 ὅτι
815 2345 875 2417 τήν
901 2345 1072 2412 ἀθανασίαν
1095 2338 1169 2425 ίδοις
1194 2347 1241 2425 ἀν,
1266 2353 1307 2424 εἰς
1324 2347 1383 2421 τήν
1401 2351 1583 2438 φιλοσοφίαν
1607 2351 1705 2424 αὐτῆς

158 2455 293 2539 βλέπων,
317 2453 371 2517 καί
394 2456 464 2517 οίων
488 2453 675 2543 ἐφάπτεται,
700 2453 753 2516 καί
777 2449 819 2529 οἷς
844 2456 928 2519 ἐστιν
952 2455 1117 2547 συγγενής,
1141 2455 1211 2521 ἀλλ’
1237 2456 1308 2546 ούχί
1323 2456 1383 2528 τὴν
1406 2465 1510 2521 πᾶσαν
1536 2455 1617 2544 μετά
1640 2465 1704 2538 τῶν

158 2561 276 2627 παθῶν·
302 2572 405 2626 ταῦτα
429 2560 489 2652 γάρ
514 2570 616 2650 σαφῶς
636 2559 693 2631 τήν
712 2559 795 2625 θείαν
812 2557 914 2652 ψυχήν
933 2563 1054 2652 ἀφελὼν
1072 2564 1135 2629 ἀπό
1151 2574 1208 2640 τῆς
1226 2563 1415 2645 παθητικῆς,
1433 2568 1463 2629 ἑν
1487 2573 1533 2648 τῷ
1558 2563 1705 2647 ἀθανάτῳ

155 2669 288 2742 τίθησιν·
313 2669 378 2758 ἅμα
402 2669 455 2733 καί
478 2667 532 2733 τόν
550 2669 611 2733 ἀπό
629 2679 686 2744 τῆς
704 2668 892 2757 ὁμοιότητος
910 2679 966 2744 τῆς
983 2669 1057 2758 πρός
1075 2669 1113 2734 τό
1130 2667 1210 2734 θεῖον
1232 2668 1327 2760 λόγον
1352 2660 1481 2758 δυνάμει
1504 2660 1705 2758 παραδιδούς.

157 2777 267 2861 Τούτῳ
281 2767 314 2841 δέ
325 2776 420 2842 πάλιν
434 2785 479 2859 τῷ
495 2777 654 2863 κεφαλαίῳ
667 2773 802 2864 συνῆψεν
815 2776 883 2841 ὄντι
900 2779 1071 2869 ἀναγκαίῳ,
1085 2777 1139 2842 τὸν
1156 2777 1226 2868 περὶ
1242 2787 1304 2842 τῶν
1323 2776 1485 2866 μισθωτῶν
1502 2776 1706 2868 ὑπαρχόντων

102 2894 130 2931 ²⁰
157 2881 233 2964 ζῶσι
255 2896 320 2960 τοῖς
344 2877 473 2960 δικαίοις
496 2885 590 2976 λόγον
615 2885 836 2975 ἀντιστρόφως,

158 3104 182 3167 f.
203 3103 265 3168 115
281 3125 312 3168 v.
339 3098 393 3186 [οἷς
417 3105 447 3164 οί
468 3099 537 3189 περὶ
553 3099 725 3163 Γλαύκωνα
744 3099 929 3165 κατέτειναν
953 3099 1028 3190 ὑπὲρ
1052 3111 1107 3165 τοῦ
1132 3092 1241 3166 ἀδίκου
1256 3099 1372 3193 λόγοις,
1389 3101 1473 3165 ὥστε
1496 3099 1611 3190 τρόπον
1635 3123 1706 3164 τινα

161 3209 215 3273 καί
237 3219 332 3274 τοῦτο
348 3208 387 3274 τό
405 3209 497 3297 μέσον
522 3207 689 3296 κεφάλαιον
706 3203 784 3273 εἶναι
799 3207 1009 3296 τετραμερές·]
1029 3207 1166 3298 ἐκατέρῳ
1182 3207 1241 3298 γάρ
1259 3219 1324 3273 τοῖν
1343 3199 1425 3272 δυοῖν
1450 3208 1644 3298 συνήρτηταί
1664 3209 1707 3291 [τι

159 3317 430 3409 συνεισαγψόμενον
444 3326 489 3398 τῷ
505 3315 740 3407 προηγουμένῳ.
759 3353 800 3364 -
817 3317 942 3406 Τρί[τον
959 3308 993 3380 δέ
1009 3313 1059 3402 ἦν]
1079 3327 1134 3381 τοῦ
1153 3310 1274 3400 βιόλίου
1293 3316 1382 3405 μέρος
1400 3321 1415 3380 ό
1433 3315 1535 3406 μῦθος.
1553 3315 1708 3403 Διήρηται

160 3419 194 3492 δὲ
218 3426 271 3490 καί
295 3420 383 3500 οὗτος
408 3429 449 3501 είς
474 3425 613 3514 τέτταρα
631 3423 797 3514 κεφάλαια·
816 3425 869 3488 καί
885 3423 925 3490 τό
942 3425 997 3514 μὲν
1014 3434 1137 3515 πρῶτον
1155 3425 1223 3490 ἐστὶ
1238 3425 1308 3515 περὶ
1325 3434 1388 3488 τῶν
1414 3417 1566 3514 διαφόρων
1584 3426 1615 3488 ἐν
1631 3414 1707 3507 ᾅδου

103 3555 131 3589 ²⁵
158 3527 279 3612 λήξεων
293 3543 355 3598 τῶν
372 3526 587 3622 χωριζομένων
605 3530 722 3622 ψυχῶν,
736 3533 767 3596 ἐν
785 3525 809 3616 ᾧ
826 3529 880 3595 καί
894 3532 964 3622 περί
980 3543 1035 3596 τοῦ
1053 3523 1234 3596 δικαστικοῦ
1248 3532 1365 3622 τρόπου
1375 3529 1401 3618 ¹)
1419 3531 1559 3622 λέγεται,
1572 3528 1709 3619 καὶπερὶ

160 3647 262 3708 αὐτῶν
286 3653 348 3706 τῶν
373 3633 542 3724 δικαστῶν,
566 3641 620 3705 καί
642 3641 713 3730 περὶ
736 3651 794 3716 τῆς
817 3639 878 3704 ύπθ
901 3650 960 3730 γῆς
976 3640 1112 3729 πορείας.
1132 3678 1172 3688 -
1190 3639 1235 3705 Τό
1253 3629 1285 3704 δὲ
1309 3630 1465 3728 δεύτερον,
1481 3636 1552 3727 περὶ
1571 3646 1628 3712 τῆς
1651 3645 1708 3702 τοῦ

159 3751 277 3842 κόσμου
302 3743 428 3833 τάξεως,
445 3752 475 3814 ἐν
494 3745 518 3834 ᾧ
535 3750 665 3841 λέγεται
681 3751 729 3826 τίς
746 3773 782 3814 τε
798 3755 817 3823 ή
835 3759 890 3814 τοῦ
908 3751 1035 3838 ούρανοῦ
1052 3745 1245 3830 κατασκευή,
1262 3747 1316 3810 καί
1332 3748 1412 3821 τίνες
1430 3750 1462 3810 αἱ
1480 3743 1707 3835 προιστάμεναι

158 3869 216 3935 τῆς
239 3852 356 3937 τάξεως
376 3873 421 3934 ÷
444 3861 529 3942 αύτῷ
544 3859 570 3946 ⁵)
586 3858 666 3924 θεῖαι
683 3849 825 3948 μονάδες,
841 3857 895 3922 καί
911 3863 992 3932 τίνες
1010 3861 1041 3920 αί
1057 3866 1216 3946 προσεχῶς
1233 3855 1326 3920 αὺτὸν
1344 3865 1492 3920 κινοῦσαι·
1510 3852 1564 3918 καὶ
1586 3855 1668 3928 τίνες
1680 3851 1708 3936 ⁴)

160 3975 192 4034 αἱ
215 3971 337 4034 ἐκείνων
361 3959 475 4034 ὀπαδοί
497 3967 551 4033 καί
568 3959 765 4058 διαπόρθμιοι
781 3957 937 4055 δυνάμεις.
959 4003 998 4012 -
1016 3963 1061 4030 Τό
1078 3955 1111 4028 δέ
1127 3965 1232 4053 τρίτον
1252 3962 1322 4053 περὶ
1344 3963 1468 4052 κλήρων
1485 3960 1538 4025 καὶ
1556 3962 1629 4045 βίων
1654 3959 1709 4024 καί

104 4093 132 4131 ³⁰
160 4076 305 4166 αἱρέσεων
329 4072 469 4166 ψυχικῶν
485 4075 625 4167 λέγεται,
642 4085 706 4152 πῶς
723 4079 893 4165 αἱροῦνται,
913 4075 959 4149 τίς
976 4077 992 4137 6
1010 4065 1141 4163 δαίμων,
1158 4073 1204 4148 τίς
1220 4077 1240 4146 ή
1259 4070 1356 4160 ψυχὴ,
1373 4071 1419 4146 τίς
1443 4076 1462 4142 ἡ
1488 4061 1575 4146 τάξις
1598 4074 1617 4142 ή
1644 4078 1706 4132 τῶν

160 4184 354 4275 συγκλήρων,
379 4185 459 4258 τίνες
482 4189 514 4248 αἱ
538 4176 735 4272 μετατάξεις,
761 4187 793 4246 αἱ
817 4183 879 4248 ἀπό
905 4183 1028 4272 ἀλόγων
1052 4186 1093 4257 είς
1115 4178 1230 4272 λογικά
1253 4173 1336 4264 ζῶα,
1361 4183 1392 4242 αἱ
1416 4176 1477 4244 ἀπό
1499 4182 1634 4266 λογικῶν
1666 4180 1709 4250 είς

159 4292 271 4385 άλογα,
297 4298 329 4356 αί
352 4291 413 4358 ἀπό
436 4296 571 4382 λογικῶν
595 4296 635 4368 εἰς
659 4288 782 4381 λογικά,
808 4295 839 4354 αί
864 4288 927 4354 ἀπό
951 4288 1074 4380 ἀλόγων
1099 4292 1141 4362 είς
1165 4285 1277 4378 ἀλογα.
1295 4323 1338 4334 -
1359 4285 1403 4349 Τό
1422 4275 1455 4348 δέ
1477 4282 1629 4371 τέταρτον
1654 4281 1709 4345 καί

160 4406 351 4478 τελευταῖον,
368 4411 432 4477 πῶς
450 4406 482 4465 αἱ
497 4399 597 4488 ψυχαί
612 4399 756 4464 κατίασιν
773 4403 814 4474 είς
831 4395 873 4461 τά
891 4394 1035 4486 σώματα
1054 4395 1106 4461 καί
1129 4394 1259 4486 λέγεται
1282 4393 1336 4458 καὶ
1360 4397 1390 4458 ἐν
1415 4391 1518 4474 τούτῳ
1539 4391 1586 4465 τίς
1610 4393 1626 4453 6
1649 4399 1708 4465 τῆς

158 4508 260 4586 λήθης
284 4509 437 4599 ποταμὸς,
460 4509 493 4572 τί
508 4507 547 4573 τό
563 4499 667 4573 πεδίον
685 4517 743 4581 τῆς
758 4505 871 4582 λήθης,
896 4507 976 4582 τίνες
1001 4509 1032 4568 αί
1056 4503 1148 4595 φοραί
1170 4513 1233 4568 τῶν
1250 4499 1366 4591 ψυχῶν,
1384 4506 1416 4565 αί
1438 4509 1503 4574 τοῖς
1528 4490 1708 4564 διάττουσιν

104 4628 132 4664 ³⁵
161 4619 275 4706 ὅμοιαι·
293 4627 358 4691 πῶς
376 4606 551 4680 είσδύονται
569 4619 611 4690 είς
626 4612 668 4678 τά
685 4613 828 4703 σώματα·
847 4614 894 4689 τίς
918 4619 938 4685 ή
965 4610 1094 4702 βροντή,
1117 4613 1164 4688 τίς
1187 4615 1203 4674 6
1221 4609 1356 4698 σεισμός,
1373 4607 1393 4672 ἀ
1410 4598 1447 4679 δὴ
1470 4603 1709 4696 παρακολουθεῖ,

160 4724 253 4813 φησίν
270 4724 307 4810 ⁶),
331 4734 401 4800 ταῖς
425 4723 580 4787 πτώσεσιν
604 4731 667 4787 τῶν
692 4718 809 4810 ψυχῶν·
826 4731 930 4786 ταῦτα
945 4711 983 4791 δή
1003 4723 1161 4809 ἀναγκαῖα
1179 4717 1284 4782 πάντα
1299 4715 1373 4804 πρὸς
1397 4714 1436 4778 τό
1461 4706 1559 4792 δεῖξαι
1583 4709 1642 4782 τήν
1667 4702 1710 4775 δι-

160 4832 327 4905 καιοσύνην
353 4831 481 4923 μεγάλα
504 4823 711 4920 προξενοῦσαν
736 4827 853 4919 ἀγαθά,

197 5120 218 5192 Ι)
237 5119 257 5175 f.
276 5119 311 5174 47
330 5117 368 5173 H.
959 5110 1023 5168 ulla
1036 5125 1144 5167 sensus
1157 5103 1382 5177 interruptione.
1393 5101 1446 5159 Sat
1455 5101 1512 5159 erit
1524 5116 1561 5157 οε
1572 5099 1637 5156 λοσε
1648 5114 1708 5154 uno

195 5209 219 5282 ²)
230 5208 313 5281 Lege
326 5211 412 5274 τόπου,
426 5205 535 5263 collato
545 5205 566 5260 f.
577 5205 630 5260 116
640 5204 677 5261 εί)
687 5202 772 5260 initio
783 5210 813 5260 et
826 5221 907 5278 seqq.
959 5200 1008 5258 vel
1027 5199 1122 5256 altero
1142 5196 1206 5254 sive
1225 5193 1370 5251 asterisco
1390 5191 1455 5250 sive
1472 5191 1558 5249 obolo
1575 5193 1689 5246 notare.

196 5301 221 5372 8)
239 5300 314 5351 αὐτοῦ
327 5299 365 5354 Η.
384 5295 485 5365 Οοιίίσί
500 5313 589 5368 saepe
607 5294 781 5352 inseruntur
799 5301 908 5365 σημεῖα,
994 5291 1019 5362 ⁴)
1036 5289 1087 5345 fol.
1105 5289 1142 5344 48
1160 5288 1198 5343 Η.

160 5386 268 5460 quibus
287 5383 438 5444 interdum
455 5383 575 5457 integra
586 5381 666 5440 linea
682 5382 823 5456 impletur
841 5382 907 5440 eine
995 5381 1018 5454 5)
1038 5382 1230 5451 παρακολουθεῖν
1251 5381 1324 5447 φησιν
1343 5373 1381 5430 Η.
