3978 6070
643 503 793 578 Flavius
810 503 993 595 oblivionis,
1012 504 1102 579 vitae
1118 507 1245 598 fluxus.
1599 583 1601 588 ,
1667 523 1719 580 ιιι

173 681 325 754 λετησίαν
342 679 395 743 καί
412 679 532 769 ἀργίαν·
551 669 600 744 δεῖ
614 677 674 770 γάρ
690 689 752 755 τῆς.
763 679 900 769 μελέτης
913 679 1121 759 ἀνανευοόσης
1134 686 1210 770 ήμῒν
1228 681 1277 746 ἀεί
1292 681 1352 755 τὴν
1369 683 1497 772 μνήμην
1514 679 1556 749 ὧν
1573 685 1724 777 ἔγνωμεν.

176 790 211 850 Εἰ
234 779 268 852 δέ
292 778 330 857 δὴ
356 785 410 851 καί
433 787 471 850 τό
495 788 708 875 πνευματικόν
725 788 835 876 ὄχημα
852 796 914 852 τῶν
932 783 1038 876 ψυχῶν
1056 789 1222 880 ὑγρότερον
1238 790 1423 880 γιγνόμενον
1439 783 1491 858 διά
1515 794 1570 858 τόν
1595 797 1720 884 ένικμον

175 896 250 988 ἀέρα
272 894 376 969 λήθην
400 896 483 960 ποίοι
501 897 523 980 ¹)
546 905 609 960 τῶν
633 894 757 972 τόπων,
782 886 869 960 οὐδὲν
894 893 1094 986 θαυμαστόν·
1119 896 1173 961 καί
1204 909 1299 964 τοῦτο
1327 899 1520 966 αἰνίσσεσθαι
1549 901 1610 974 τήν
1632 904 1724 969 πόσιν

175 1005 370 1095 ἀναγκαίαν,
395 1003 454 1076 τήν
480 1006 521 1080 εἰς
544 1002 582 1068 τό
605 1013 728 1092 πνεῦμα
751 993 936 1093 παραδοχὴν
969 997 1002 1082 ἐξ
1033 1003 1172 1096 ἀνάγκης
1196 1008 1401 1097 γιγνομένην,
1427 1009 1480 1073 καί
1506 1005 1568 1075 οἷον
1601 1010 1724 1077 ὄλισθον

136 1139 148 1176 ι
175 1123 322 1179 ποιοῦσαν
347 1121 409 1176 τῶν
433 1113 465 1177 ἐν
490 1114 574 1194 αὐτῷ
588 1107 613 1196 ²)
637 1109 761 1176 τὺπων·
785 1110 823 1184 ἥν
848 1113 1008 1177 ἐπιτείνειν
1033 1112 1160 1190 εἰκότως
1184 1113 1256 1190 τοὺς
1280 1115 1426 1205 φρόνησιν
1452 1114 1495 1202 μὴ
1522 1110 1724 1206 σωζομένους,

177 1213 229 1288 διά
252 1221 312 1293 τίον
334 1225 454 1286 ἑαυτῶν
472 1220 664 1308 συμπάθειαν
680 1221 752 1311 περί
767 1220 809 1286 τά
826 1223 921 1286 ἔνυλα
939 1221 1106 1312 βαρύτερον
1123 1223 1160 1288 τό
1181 1235 1303 1313 πνεῦμα
1326 1234 1491 1300 ποιοῦντας
1515 1225 1569 1289 καί
1592 1229 1727 1292 ἐπισπω-

176 1333 294 1422 μένους.
320 1330 381 1395 Καί
404 1329 488 1394 ἀλλα
511 1329 617 1394 πολλὰ
640 1341 698 1406 τῆς
721 1327 822 1405 λήθης
847 1333 944 1414 αἴτια,
968 1331 1144 1422 καταγωγά
1168 1341 1231 1397 τῶν
1248 1331 1365 1422 ψυχῶν.
1382 1371 1425 1383 —-
1443 1332 1580 1424 Λέγεται
1603 1333 1658 1422 μέν
1682 1325 1720 1408 δὴ

176 1439 356 1505 καὶταῦτα
379 1447 530 1528 φυσικῶς·
553 1437 641 1528 λέγει
666 1428 776 1503 δὲκαὶ
800 1443 815 1502 ό
841 1429 997 1527 δαιμόνιος
1022 1439 1243 1530 Ἀριστοτέλης
1276 1443 1379 1506 αἰτίαν
1404 1431 1443 1505 δι’
1468 1439 1506 1512 ἣν
1531 1439 1644 1506 ἐκεῖθεν
1669 1441 1725 1531 μέν

176 1553 263 1614 ἰοῦσα
285 1554 305 1623 ή
331 1544 415 1637 ψυχὴ
441 1539 528 1638 δεῦρο
552 1545 794 1612 ἐπιλανθάνεται
817 1555 879 1610 τῶν
897 1549 961 1612 ἐκεῖ
983 1544 1161 1636 θεαμάτων·
1185 1544 1323 1612 ἐντεῦθεν
1349 1537 1382 1612 δέ
1405 1539 1538 1630 ἐξιοῦσα,
1564 1547 1726 1637 μέμνηται

122 1677 149 1715 ιο
177 1659 242 1722 ἐκεῖ
264 1665 327 1720 τῶν
351 1653 485 1721 ἐνταῦθα
508 1652 720 1744 παθημάτων.
738 1652 798 1717 Καί
815 1643 1005 1719 ἀποδεκτέον
1022 1654 1201 1744 τοῦλόγου·
1226 1653 1303 1744 φησί
1325 1652 1386 1744 γάρ
1410 1649 1462 1720 οὑν
1486 1655 1540 1720 καί
1563 1657 1666 1738 αὑτός,
1692 1659 1727 1722 ἐκ

177 1766 233 1856 μέν
257 1767 360 1857 ὑγείας
385 1769 427 1840 εἰς
451 1763 539 1828 νόσον
564 1755 714 1828 όδείιοντα
736 1760 839 1835 λήθην
863 1762 961 1852 Ιίσχειν
985 1761 1071 1838 τινάς
1095 1762 1149 1827 καί
1167 1764 1270 1826 αὑτῶν
1286 1771 1349 1826 τῶν
1373 1761 1570 1854 γραμμάτων
1592 1757 1634 1829 ὧν
1657 1766 1728 1851 ἐμε-

177 1873 383 1964 μαθήκεισαν·
399 1875 434 1938 ἐκ
450 1871 540 1937 νόσου
560 1863 594 1936 δέ
609 1876 650 1946 εἰς
666 1871 772 1963 ὑγείαν
790 1869 887 1953 ἰόντα,
904 1859 1025 1960 μηδένα
1041 1868 1170 1936 πώποτε
1185 1882 1280 1937 τοῦτο
1295 1871 1440 1964 πάσχειν·
1458 1872 1589 1939 ἐοικέναι
1613 1864 1648 1939 δέ
1670 1871 1730 1944 τήν

179 1981 234 2073 μέν
259 1982 331 2047 ἄνευ
355 1978 502 2070 σώματος
525 1972 608 2057 ζωὴν
632 1989 702 2055 ταῖς
726 1974 840 2067 ψυχαῖς
865 1977 950 2044 κατά
973 1977 1063 2069 φὺσιν
1088 1972 1218 2068 οὑσανθ)

177 2198 201 2264 f.
227 2197 308 2264 191:
337 2195 465 2287 [ὑγείαν
491 2191 550 2266 τήν
575 2185 608 2258 δέ
632 2199 663 2260 ἰν
687 2193 839 2284 σώμασιν,
858 2199 898 2271 ὡς
921 2192 1007 2277 παρά
1030 2192 1129 2285 φὺσιν,
1146 2195 1257 2281 νόσον]
1286 2201 1348 2269 Ζῆν
1372 2193 1433 2286 γάρ
1457 2199 1523 2262 ἐκεῖ
1546 2196 1601 2285 μίν
1629 2196 1725 2281 [κατὰ

124 2320 151 2361 1⁸
178 2303 267 2395 φὺσιν
292 2303 403 2378 αὑτήν·
427 2300 574 2390 ἐνταῦψθα
598 2293 632 2368 δέ
653 2301 739 2393 παρά
756 2302 854 2392 φόσιν,
872 2304 948 2368 ὥστ’
973 2304 1100 2380 εἰκότως
1125 2297 1304 2395 συμθαίνειν
1329 2303 1386 2381 τάς
1407 2304 1463 2393 μέν
1487 2302 1600 2370 ἐκεῖθεν
1627 2304 1729 2382 ίοὺσας

178 2409 436 2480 ἐπιλανθάνεσθαι
459 2420 522 2476 τῶν
546 2414 619 2478 ἐκεῖ·
644 2410 701 2488 τάς
726 2403 759 2476 δέ
782 2410 921 2477 ἐντεῦθεν
937 2414 1044 2495 ἐκεῖσε,
1060 2421 1124 2476 τῶν
1140 2411 1274 2478 ἐνταῦθα
1292 2403 1560 2502 διαμνημονεύειν.
1580 2420 1672 2480 Δοκεῖ
1694 2406 1728 2479 δέ

179 2548 233 2614 μοι
256 2521 309 2587 καί
332 2533 438 2603 τοῦτο,
463 2519 547 2586 κατοί
570 2519 630 2595 τήν
654 2531 717 2585 τῶν
736 2519 811 2587 θεῶν
829 2523 1019 2610 συμπίπτειν
1036 2522 1192 2613 πρόνοιαν.
1210 2524 1264 2599 Τίς
1281 2521 1342 2614 γάρ
1366 2532 1430 2588 τῶν
1453 2525 1517 2589 ἐκεῖ
1540 2513 1724 2614 μεμνημένη

178 2630 276 2723 ψυχὴ,
301 2629 446 2722 σώματος
463 2628 679 2719 ἐπιμελεῖσθαι
695 2631 749 2696 καί
764 2630 912 2721 γενέσεως
928 2628 1092 2722 ἠθέλησεν,
1109 2631 1281 2722 πειρωμένη
1300 2629 1451 2708 τοιαὺτης
1467 2639 1525 2708 τῆς
1546 2633 1577 2696 έν
1602 2629 1729 2720 σώματι

179 2733 272 2822 ζωῆς,
288 2739 390 2805 πόνων
408 2738 568 2812 ἀνηνύτων
593 2741 685 2817 οὑσης
710 2749 845 2830 μεστῆ;;
870 2739 936 2804 ἀλλ’
961 2745 981 2814 ή
999 2737 1081 2812 λήθη
1101 2749 1156 2804 τοῦ
1173 2744 1238 2805 ἐκεῖ
1253 2741 1321 2826 βίου
1338 2740 1464 2817 καὶτῆς
1481 2742 1547 2805 ἐκεῖ
1570 2737 1729 2832 ῥᾳστώνης

124 2859 152 2898 ‘⁰
179 2843 378 2927 ἐξανίστησιν
402 2854 486 2939 ήμᾶς
503 2853 544 2925 εἰς
561 2847 620 2919 τήν
638 2847 815 2936 ἐπιμέλειαν
832 2855 894 2911 τῶν
911 2846 961 2910 ὑπ’
980 2845 1151 2936 ὀφθαλμοῖς
1169 2848 1328 2939 κειμένων·
1353 2847 1436 2914 ἔνθεν
1453 2848 1507 2913 καί
1522 2847 1633 2938 τέχναι
1654 2847 1729 2938 π’ρδς

178 2958 233 3022 τόν
260 2959 325 3041 βίον
351 2954 499 3047 ὤφθησαν
525 2959 712 3048 ἀναγκαῖαι,
737 2955 791 3021 καί
815 2958 990 3046 ἐπιστῆμαι
1012 2955 1119 3022 πάντα
1142 2957 1197 3022 τόν
1226 2949 1306 3043 τῇδε
1337 2957 1434 3023 τόπον
1458 2967 1510 3022 νοῦ
1534 2957 1589 3022 καί
1612 2955 1689 3022 θεῶν
1703 2954 1730 3040 ⁴)

178 3066 376 3156 ἐπλήρωσαν,
393 3070 434 3141 ὡς
451 3063 504 3128 καί
522 3064 580 3136 τήν
597 3064 717 3156 γένεσιν
735 3063 850 3154 άλογον
867 3067 1018 3156 λογῶσαι,
1030 3065 1084 3131 καί
1100 3066 1154 3130 τόν
1172 3075 1235 3130 τῶν
1251 3076 1356 3131 κακῶν
1372 3067 1468 3132 τόπον
1487 3075 1730 3155 κατακοσμῆσαι

178 3187 219 3262 τῆ
233 3175 375 3258 ποικιλίᾳ
391 3183 454 3237 τῶν
472 3171 608 3264 ἀγαθῶν.
627 3171 772 3263 -Τάχα
790 3163 816 3237 δ’
835 3172 871 3237 ἀν
884 3173 938 3237 καί
949 3171 1115 3262 Ἀμέλητα
1132 3173 1294 3249 κεκληκὼς
1310 3176 1356 3247 εἰη
1375 3184 1486 3240 τοῦτον
1503 3174 1559 3239 τόν
1575 3173 1730 3262 ποταμόν,

179 3291 219 3360 ὡς
237 3275 271 3349 δι’
293 3283 441 3372 ἀμέλειαν
458 3291 528 3357 ταῖς
545 3278 658 3370 ψυχαῖς
675 3283 865 3369 ἐμποιοῦντα
881 3279 941 3353 τὴν
958 3281 1080 3352 πολλήν
1099 3282 1221 3356 ταύτην
1237 3281 1350 3361 λήθην,
1363 3281 1402 3356 ἢν
1418 3281 1584 3372 ἠμέλησαν
1600 3285 1731 3364 ἑαυτῶν,

125 3415 152 3454 ιε
179 3391 233 3457 καί
256 3383 402 3457 ἐνέδυσαν
426 3391 464 3454 τό
487 3399 546 3466 τῆς
569 3387 718 3480 γενέσεως
742 3388 864 3470 σκότος,
881 3394 921 3464 ῶς
938 3391 975 3452 αί
986 3413 1024 3480 γε
1042 3388 1300 3482 θεοπρεπέστεραι
1316 3400 1379 3455 τῶν
1400 3389 1643 3480 ἀφικνουμένων,
1667 3394 1732 3455 ἐπι-

178 3501 311 3568 πόλαιον
335 3499 463 3589 ἔχουσαι
487 3496 546 3568 τὴν
570 3495 673 3571 λήθην
698 3487 751 3561 διά
773 3495 833 3568 τὴν
858 3497 977 3588 ἐποχὴν
994 3507 1057 3562 τῶν
1074 3501 1246 3589 ἐνεργειῶν,
1263 3499 1557 3589 ἀναμιμνήσκονται
1579 3508 1643 3564 τῶν
1668 3501 1733 3564 ἐκεῖ

182 3599 301 3701 ῥᾳδίως·
313 3606 419 3696 ἐπέχει
432 3597 466 3672 δέ
481 3602 538 3681 τάς
555 3604 706 3695 ἐνεργείας
721 3603 780 3676 ἥτε
797 3604 909 3692 φυσικὴ
930 3595 981 3670 διά
996 3602 1090 3694 τῆςθ)
1104 3617 1219 3696 τροφῆς
1236 3609 1364 3688 κίνησις,
1382 3608 1436 3673 καί
1451 3613 1470 3682 ή
1485 3617 1544 3684 τῆς
1560 3605 1731 3683 αἰσθήσεως

181 3714 314 3786 ἀλήθεια
338 3724 401 3779 τῶν
424 3715 696 3804 προσπιπτόντων,
721 3717 761 3788 ὡς
785 3715 816 3777 ἐν
841 3715 963 3804 Τιμαίῳ
986 3715 1125 3806 λέγεται·
1142 3716 1195 3780 καί
1211 3715 1249 3780 τό
1265 3739 1303 3807 γε
1320 3714 1513 3804 θαυμαστόν,
1537 3716 1588 3780 ότι
1610 3718 1731 3804 μᾶλλον

181 3825 354 3915 ἀνάμνησίς
378 3827 446 3889 ἐστι
470 3833 532 3888 τῶν
558 3820 628 3887 καθ’
653 3823 727 3886 όλου
752 3820 771 3892 ἢ
797 3831 859 3886 τῶν
878 3833 1022 3914 μερικῶν,
1034 3817 1101 3888 ὀίον
1119 3823 1169 3887 ότι
1184 3822 1242 3915 πρό
1267 3833 1325 3901 τῆς
1348 3822 1496 3914 γενέσεως
1519 3813 1641 3888 τοιόνδε
1666 3824 1732 3908 βίον

125 3954 153 3994 ιο
181 3927 299 4024 ἐξωμεν
324 3937 355 4000 ἐν
378 3922 485 3998 τοῖσδε
508 3942 573 4007 τοῖς
597 3929 715 4006 τόποις·
740 3932 839 3994 αἴτιον
864 3921 899 3996 δέ

93 4176 97 4185 ·
181 4154 205 4220 f.
223 4153 284 4219 191
303 4174 353 4218 v.:
370 4151 457 4223 ότιή
477 4147 533 4238 μὲν
548 4157 611 4212 τῶν
620 4144 647 4234 ⁶)
662 4145 731 4212 καθ’
750 4147 824 4211 όλοο
841 4144 1014 4236 ἀνάμνησις
1030 4157 1089 4224 τῆς
1105 4151 1235 4239 λογικῆς
1253 4147 1351 4237 μόνης
1368 4137 1469 4213 δεῖται
1485 4143 1598 4236 ψυχῆς,
1614 4148 1730 4236 εὑφυῶς

183 4257 315 4350 ἐχοὺσης
339 4250 499 4349 προθολὴν
524 4251 566 4320 ὧν
590 4257 655 4344 ἔχει
677 4253 792 4347 λόγων,
816 4261 835 4330 ή
862 4245 897 4319 δέ
919 4264 982 4319 τῶν
1007 4263 1140 4344 μερικῶν
1163 4265 1222 4330 τῆς
1239 4263 1464 4344 φανταστικῆς·
1488 4257 1519 4319 ἐν
1543 4263 1645 4334 ταῦτῃ
1670 4251 1730 4343 γάρ

182 4371 211 4433 οί
234 4365 327 4431 τόποι
349 4375 412 4431 τῶν
437 4362 606 4437 αἰσθητῶν·
623 4361 703 4433 αὐτ-λ
723 4355 756 4428 δέ
772 4361 792 4426 ά
808 4385 844 4426 τε
861 4370 906 4445 τῷ
924 4359 1049 4452 σώματι
1063 4359 1221 4452 προσεχής
1238 4362 1297 4426 ὑπό
1313 4369 1372 4438 τῆς
1392 4363 1423 4426 ἐν
1447 4364 1533 4444 αὑτῷ
1557 4358 1731 4451 ὑγρότητος

183 4468 458 4563 κατακλυζομίνη,
482 4473 557 4562 πρὸς
580 4468 683 4545 λήθην
707 4471 831 4560 εὔφορος
854 4471 985 4560 γίνεται·

448 4701 493 4762 -ζ-
516 4678 643 4758 Ἐπειδὴ
671 4676 704 4752 δέ
720 4687 744 4773 ²)
767 4684 959 4776 κοιμηθῆναι
983 4685 1044 4780 καί
1055 4685 1151 4774 μέσας
1175 4684 1289 4761 νὺκτας
1312 4683 1398 4775 γενέ·
1421 4696 1466 4760 -ζ-

449 4811 493 4872 ÷
517 4794 606 4880 σθαι,
632 4796 779 4886 [βροντήν
803 4819 840 4860 τε
863 4794 917 4861 καί
947 4795 1073 4885 σεισμόν
1097 4792 1250 4886 γενέσθαι,
1274 4793 1328 4858 καί
1352 4797 1397 4858 ἐν·
1419 4804 1464 4867 —2-

223 5084 245 5158 ¹)
258 5080 392 5138 Primum
404 5084 472 5154 ποίῃ,
485 5097 577 5154 supra
589 5080 639 5136 lin.
653 5083 725 5135 ποίει.
735 5080 775 5136 Η.
784 5079 823 5135 Μ.
839 5079 930 5134 ποιοίη.
1021 5080 1045 5148 ⁴)
1064 5078 1102 5133 H.
1121 5075 1142 5132 f.
1163 5075 1224 5130 129.

221 5176 244 5245 ²)
263 5173 300 5228 Η.
321 5171 343 5228 f.
362 5169 422 5228 128.
1020 5168 1043 5235 ἰ)
1061 5167 1100 5222 Η.
1119 5183 1177 5222 om.
1197 5169 1249 5227 τίς.

220 5266 244 5340 ³)
263 5265 303 5320 Μ.
322 5262 440 5338 punctis
460 5259 557 5318 tribus
573 5245 766 5335 ἰοὺοτροείιὶε,
780 5260 874 5317 currit
893 5260 931 5316 ad
1019 5257 1043 5328 8)
1061 5255 1100 5312 Η.
1120 5259 1170 5309 τοῦ.

184 5353 326 5428 συμόαίνιιν
345 5359 390 5415 τὰς
410 5355 462 5424 μίν,
481 5349 609 5422 legendo
628 5351 743 5421 σημαίνει
761 5357 805 5412 τὰς
825 5352 879 5421 μίν.
1018 5347 1041 5420 ⁷)
1060 5345 1198 5420 Reipubl.
1216 5363 1245 5418 x,
1264 5361 1292 5418 p.
1311 5343 1373 5402 818.
