4008 6068
778 577 963 653 Macarius
990 577 1149 672 Moyses.
1703 583 1739 642 eo

189 750 226 815 τί
245 739 358 839 Χωρὴῧ
374 747 397 833 ¹)
415 747 469 814 ιιαί
489 749 527 814 τὸ
545 755 669 814 Σιναῖον
692 751 759 837 ὄρος
777 747 874 834 (κατὰ
897 751 935 814 τὸ
992 758 1132 820 montem
1149 755 1201 836 (ut
1215 755 1371 838 seriptum
1385 759 1447 820 est:
1468 759 1481 790 ‘⁴
1502 753 1630 821 Montes
1646 755 1738 822 exul-

188 857 406 947 γεγραμμένον
419 852 456 942 2)·
485 854 533 920 Τά
560 855 615 945 ὅρη
645 856 836 945 ἐσκίρτηοαν
861 855 936 920 ὡσεί
991 861 1463 943 taveruntutorietes,soilioet
1474 863 1624 929 commoti
1637 865 1737 946 sunt),

190 965 279 1054 κριοί,
303 964 468 1030 τουτέστιν
493 963 701 1048 ἐσείσθησαν),
718 963 793 1029 τότε
818 956 852 1030 δὲ
875 963 935 1038 τὴν
992 969 1085 1036 modo
1108 974 1217 1035 antem
1239 968 1400 1036 desertum
1430 968 1541 1036 multis
1572 969 1739 1038 terricula·

190 1073 305 1163 ἔρημον
329 1083 395 1149 τοῖς
419 1065 524 1162 ράίίοις
548 1083 613 1149 τοῖς
629 1077 757 1148 πολλοῖς
781 1074 936 1164 τεσσαρά-
992 1076 1108 1142 mentis
1123 1097 1181 1160 per
1196 1076 1532 1161 quodragintasnnos,
1545 1077 1638 1142 modo
1651 1074 1738 1142 eha-

191 1205 290 1256 ιιοντα
314 1183 382 1254 ἔτη·
406 1183 481 1246 τότε
504 1179 564 1252 τὴν
588 1191 651 1246 τῶν
676 1183 859 1247 Χαναναίων
883 1182 937 1246 καί
991 1206 1185 1250 naneeorum
1208 1188 1242 1249 et
1266 1181 1518 1250 Palaestinorum
1545 1185 1625 1251 fines
1648 1183 1738 1252 dixit.

192 1289 252 1363 τὴν
276 1299 340 1356 τῶν
364 1293 582 1356 Παλαιστίνων
606 1289 711 1383 χώραν
736 1287 828 1358 εἶπεν.
999 1291 1004 1298 ’

237 1397 326 1464 Πετά
350 1391 384 1464 δὲ
406 1400 462 1464 τίον
492 1402 676 1490 συσσεισμὸν
700 1403 786 1492 λέγει
815 1411 875 1491 πῦρ
898 1402 937 1468 τὸ
1036 1398 1114 1464 Post
1136 1399 1383 1465 commotionem
1406 1399 1483 1466 dicit
1506 1399 1614 1486 ignem
1642 1399 1738 1466 fervi·

193 1501 260 1586 ζέον
286 1507 340 1570 καί
363 1507 507 1598 λαμπρὸν
524 1517 582 1583 τῆς
599 1511 752 1584 ὀπτασίας
776 1518 839 1575 τῶν
863 1534 938 1599 προ·
992 1508 1078 1588 dum,
1101 1511 1198 1592 atque
1221 1507 1382 1593 fulgidum
1406 1507 1542 1579 visionis!
1562 1508 1738 1594 propheto·

192 1623 312 1701 ιρητῶν,
330 1615 370 1689 ὥς
394 1637 487 1704 φησιν
512 1615 669 1705 Ἱερεμίας·
686 1617 753 1706 Οὐχ
771 1622 811 1693 ὡς
827 1626 886 1706 πῦρ
910 1621 938 1681 ot
993 1635 1075 1694 rum,
1098 1616 1136 1678 ut
1158 1613 1205 1680 sit
1226 1613 1400 1681 Jeremies:
1427 1614 1572 1682 “Nonne
1592 1619 1630 1682 ot
1653 1616 1738 1704 ignis

192 1721 283 1810 λόγοι
307 1744 384 1810 μους
401 1721 487 1812 λέγει
509 1721 618 1813 Κύριος
633 1719 669 1806 ³).
992 1741 1098 1787 sermo
1121 1723 1231 1788 meus?
1254 1721 1332 1788 dicit
1354 1721 1510 1790 Dominus
1528 1774 1554 1804 ,.

234 1825 323 1893 λίετά
347 1819 381 1894 δὲ
404 1829 442 1893 τὸ
465 1839 525 1918 πῦρ
542 1832 621 1920 αὔρα
645 1841 747 1920 ρωνῆς
770 1829 937 1915 λεπτῆς*)·
1037 1829 1115 1896 Post
1146 1811 1254 1915 ignem
1277 1852 1353 1897 vero
1375 1853 1486 1897 euram
1509 1830 1594 1897 voois
1622 1830 1738 1898 tenuis.

189 1933 293 2025 ρωνὴν
307 1935 427 2008 λεπτὴν
445 1927 506 2002 ὧδε
536 1948 648 2028 τρανῶς
666 1939 861 2006 ὑπεσάλπισε
882 1951 937 2006 τοῦ
993 1937 1054 2002 Per
1076 1958 1185 2004 vocem
1201 1942 1330 2004 tenuem
1345 1939 1398 2005 hio
1412 1938 1492 2006 tuba
1514 1933 1630 2006 osiore
1646 1961 1739 2024 pree·

191 2043 328 2134 άγγίλου
345 2036 485 2134 Γαῧριὴλ
501 2046 538 2110 τὸ
557 2049 653 2136 ῥῆμα,
671 2045 687 2112 ὃ
705 2047 937 2137 εὐαγγελίσατο
993 2045 1110 2113 dicavit
1140 2045 1259 2131 Angeli
1293 2043 1451 2112 Gabrielis
1485 2046 1629 2128 verbum,
1653 2047 1739 2132 quod

192 2151 252 2224 τὴν
269 2149 423 2243 Παρθένον
442 2151 579 2243 Μαριάμ·
595 2151 615 2226 ἣ
633 2153 721 2243 τάχα
736 2154 857 2225 λεπτὴν
882 2155 937 2244 μὲν
992 2138 1156 2219 nunciavit
1186 2151 1316 2240 Virgini
1350 2153 1487 2221 Morino:
1520 2153 1571 2220 vel
1600 2153 1739 2220 fortasse

193 2262 287 2350 αὔραν
318 2261 356 2325 τὸ
381 2261 532 2350 σωτήριον
563 2269 664 2350 σῶμα,
688 2261 792 2351 ρωνὴν
825 2253 859 2328 δὲ
881 2264 937 2328 τὸν
992 2284 1050 2346 ρετ
1072 2266 1201 2328 tenuem
1233 2261 1361 2347 quidem
1391 2285 1502 2330 aurem
1525 2284 1642 2348 eorpus
1670 2261 1742 2329 Sel·

193 2371 271 2436 Θεὸν
300 2370 399 2462 Λόγον
415 2371 438 2455 ⁶)
463 2373 494 2435 ἐν
519 2373 599 2456 αὐτῇ
628 2361 828 2436 διδάσκοντα.
853 2371 937 2436 Πάνυ
991 2371 1123 2452 vetoris,
1139 2391 1197 2454 per
1219 2391 1330 2437 vocem
1353 2370 1456 2436 Deum
1471 2368 1616 2436 Verbum
1631 2369 1665 2435 in
1683 2369 1741 2436 illo

193 2478 253 2570 γάρ
277 2471 431 2570 ἁρμοδίως
445 2479 481 2567 ⁶),
498 2483 553 2545 οὐκ
569 2485 600 2546 ἐν
616 2489 662 2564 τῷ
685 2479 852 2568 πνεύματι,
869 2473 940 2545 οὐδὲ
993 2478 1170 2545 docentem.
1183 2478 1287 2545 Valde
1298 2480 1383 2546 enim
1399 2479 1589 2546 conveniens
1604 2482 1662 2561 est,
1676 2500 1741 2544 non

193 2591 224 2654 ὲν
248 2598 294 2672 τῷ
318 2595 505 2680 ουσοεισμῷ,
528 2592 599 2654 ἀλλ’
617 2580 687 2655 οὐδὲ
700 2587 727 2674 ⁷)
751 2593 781 2654 ἐν
806 2598 851 2672 τῷ
866 2591 940 2680 πυρί
993 2589 1026 2653 in
1042 2588 1169 2674 spiritu,
1185 2610 1287 2673 neque
1302 2589 1336 2653 in
1350 2588 1564 2656 eommotione
1579 2588 1635 2654 sed
1650 2609 1690 2652 ne
1706 2587 1741 2653 in

96 2689 100 2698 “
192 2695 297 2787 λέγειν
321 2695 491 2789 τυγχάνειν
507 2701 563 2764 τὸν
581 2697 701 2787 Κύριον,
719 2700 790 2760 ἀλλ’
808 2701 839 2762 ἑν
862 2699 940 2786 αὔρᾳ
992 2697 1061 2783 igni
1085 2697 1212 2782 quidem
1243 2696 1348 2764 disere
1377 2717 1443 2762 esse
1471 2694 1655 2762 Dominum.
1679 2691 1742 2759 Sed

192 2809 316 2888 λεπτῇ,
340 2807 505 2872 τουτέστιν
535 2811 566 2872 ἑν
599 2805 725 2897 καθαρῷ
749 2807 802 2871 καί
830 2811 939 2891 λεπτῷ
993 2806 1026 2870 in
1050 2827 1128 2871 sura
1150 2805 1251 2886 tenui,
1275 2804 1337 2871 hoo
1359 2809 1408 2870 est
1435 2804 1572 2889 inpuro
1595 2805 1628 2868 et
1651 2799 1741 2867 tenui

194 2909 329 3002 σώματι.
349 2913 491 3003 Εὑλόγως
505 2910 530 2997 ⁸)
548 2907 600 2978 οὖν
614 2917 645 2979 ἐν
658 2913 796 3004 τετάρτῃ
811 2913 865 2977 καί
877 2904 939 2978 ets
993 2935 1136 2997 corpore.
1150 2910 1282 2998 Optime
1296 2913 1399 2998 igitur
1410 2913 1449 2978 de
1464 2933 1560 2979 conso
1574 2910 1608 2976 in
1625 2913 1742 2994 quarte

193 3019 248 3084 τὸν
265 3018 374 3110 Κύριον
392 3023 529 3086 ὸπτασία
544 3020 714 3111 τυγχάνειν
731 3021 856 3112 ὀλίγος
873 3045 942 3085 συν·
994 3020 1114 3088 visione
1145 3018 1329 3102 Dominum¹
1354 3023 1386 3086 et
1409 3019 1471 3086 hoo
1493 3018 1621 3103 quidem
1647 3016 1741 3083 modo

191 3125 326 3199 ιὀτηοιν
350 3133 390 3204 ὡς
406 3130 438 3193 ὲν
454 3129 595 3220 τετάρτῃ
614 3132 740 3218 φυλακῇ
759 3139 824 3205 τοῖς
842 3133 941 3195 άποσ-
993 3128 1131 3195 adfuisse
1154 3149 1259 3194 sermo
1282 3127 1407 3208 statuit,
1426 3125 1694 3213 quemadmodum
1706 3123 1741 3189 in

193 3235 297 3311 τόλοις
322 3234 424 3326 ὀφθείς
448 3237 520 3314 τοὺς
542 3237 698 3313 πλέοντας
720 3239 843 3302 ἔσωσεν.
993 3240 1110 3322 quarte
1124 3235 1236 3323 vigilis
1251 3236 1292 3302 sb
1305 3225 1469 3322 Apostolis
1485 3233 1571 3300 visus
1587 3231 1742 3319 novigen-

994 3350 1042 3412 tes
1065 3343 1170 3410 salvos
1184 3343 1273 3410 feeit.

947 3669 990 3737 II.

804 3887 919 3952 ’Άλλο
947 3924 987 3934 -
1012 3885 1125 3953 Aliud.

543 4109 609 4172 Οὐκ
633 4101 755 4194 ἑψήσεις
779 4103 856 4194 ἄρνα
884 4105 915 4168 ἐν
944 4101 1085 4193 γάλακτι
1109 4099 1227 4189 μητρὸς
1250 4099 1345 4161 αὑτοῦ
1359 4093 1393 4180 ⁹).

578 4215 680 4282 “Non
695 4234 806 4298 coques
820 4213 955 4280 haedum
970 4213 1007 4278 in
1024 4211 1103 4278 laete
1118 4208 1235 4276 ιιιαίαίε
1250 4227 1327 4274 suae
1337 4255 1363 4284 ,.

240 4437 341 4498 Τοῦτο
365 4425 398 4498 δὲ
420 4432 508 4523 λέγει
535 4431 590 4495 τό·
614 4431 648 4495 οὺ
679 4426 942 4518 ρονευθήσεταιὸ
1042 4425 1114 4491 Hoo
1137 4427 1245 4489 eutem
1268 4421 1360 4488 dicit:
1384 4442 1448 4486 non
1469 4417 1630 4484 oooidetnr
1653 4414 1744 4482 Chri·

195 4541 326 4632 Χριστος
357 4540 417 4605 ὑπὸ
443 4529 578 4628 Ἡρώδου
608 4541 639 4602 ἑν
667 4547 733 4614 τοῖς
762 4535 853 4601 παισί
875 4545 941 4609 τοῖς
997 4537 1066 4599 stus
1079 4531 1119 4598 ab
1131 4530 1262 4597 Herode
1277 4529 1363 4595 inter
1374 4548 1489 4612 pueros
1504 4521 1655 4608 infantes,
1667 4517 1744 4607 quio

194 4651 333 4726 νηπίοις,
359 4650 409 4713 ὅτι
441 4649 542 4714 ἕνειιεν
575 4648 670 4711 αὐτοῦ
694 4649 726 4710 ίν
753 4641 886 4730 Βεθλεὲμ
903 4639 941 4725 ¹⁰)
998 4643 1066 4728 ejus
1081 4639 1222 4707 oausein
1239 4637 1406 4704 Bethleem
1422 4633 1566 4700 Herodes
1581 4629 1744 4698 interfecit

232 4883 254 4956 ¹)
274 4881 345 4941 Ood,
366 4885 401 4952 τῷ
417 4878 511 4953 χωρήά.
997 4893 1040 4926 τιν.
1059 4871 1104 4927 De
1122 4871 1179 4926 hoo
1193 4865 1335 4924 adverbio
1349 4882 1402 4938 pro
1415 4859 1577 4919 indicativo
1590 4858 1649 4916 vict
1669 4857 1745 4914 Met-

201 4969 203 4974 ’
231 4977 256 5050 ²)
269 4975 312 5031 ld.
324 4971 572 5046 καταγεγραμμένον.
583 4969 624 5026 Ps
643 4983 726 5036 cxln,
739 4967 764 5022 5.
775 4963 943 5035 Cominio·
996 4962 1086 5032 thino,
1107 4961 1159 5018 Gr.
1181 4961 1232 5017 Gr.
1250 4955 1277 5034 ξ.
1293 4957 1355 5025 809,
1376 4960 1407 5011 et
1424 4954 1598 5024 Buttmann,
1620 4950 1671 5008 Gr.
1692 4949 1745 5006 Gr.

195 5087 281 5125 τνσαν.
997 5069 1025 5124 p.
1045 5050 1099 5105 368
1117 5067 1143 5104 o.
1162 5047 1215 5102 7».
1234 5077 1270 5088 -
1288 5046 1403 5101 Niokes.

231 5157 256 5231 ⁸)
274 5157 386 5215 Jsrsm.
405 5169 492 5224 nm,
511 5151 556 5207 29.
1032 5141 1056 5214 ⁷)
1074 5139 1182 5196 Μοοτιτ.
1202 5153 1257 5192 om.
1278 5134 1334 5187 ἀλλ’
1355 5137 1426 5190 ente
1445 5131 1507 5184 υίοί.

231 5252 254 5322 ⁴)
271 5249 382 5304 Macar.
404 5245 486 5318 φωνάν
505 5245 581 5315 αὔρας
599 5243 702 5300 nme.
722 5237 791 5296 Ood.
811 5239 895 5306 αὔραν.
1034 5233 1057 5306 t)
1076 5229 1146 5288 God.
1168 5229 1289 5300 Εὐλίγον.
1309 5223 1417 5282 naeth.
1436 5237 1498 5292 ιον,
1517 5219 1562 5275 25.
1613 5251 1616 5258 ·

231 5342 255 5416 ⁸)
273 5339 383 5396 Macar.
403 5353 460 5394 om.
479 5339 539 5389 θεὸν
558 5337 628 5390 onte
647 5333 728 5403 λόγον.
1033 5318 1277 5394 ί)Ειο(1.ιΧΙῙΙ,
1296 5315 1339 5370 19.

231 5433 256 5507 ⁰)
269 5433 401 5503 ἁρμοδίως.
414 5421 675 5501 «Elegantissime
688 5435 741 5493 pro
755 5416 891 5488 ίρριμίδιίν
906 5415 945 5466 ίο-
1024 5409 1059 5484 ¹⁰)
1077 5409 1147 5468 cod.
1168 5409 1194 5461 ίιι
1213 5405 1329 5475 Βιολιίμ.

341 5557 438 5614 seso
455 5570 485 5627 ν,
503 5537 616 5609 fol.'111.
