4008 6068
860 474 1007 550 Sanetus
1027 473 1241 551 Athanasius

908 859 1108 928 PSALMUS
1131 859 1189 928 Χί.

454 1101 485 1146 v.
509 1080 541 1144 2.
561 1075 635 1144 Ὀτι
659 1074 858 1168 ὁλιγώθησαν
883 1080 916 1140 at
939 1073 1084 1148 άλήθειαι
1107 1074 1169 1140 άπδ
1193 1084 1256 1139 τῶν
1281 1079 1353 1138 υίῶν
1377 1083 1440 1140 τῶν
1465 1072 1643 1165 ἀνθρώπων.

553 1187 711 1270 Quoniam
734 1187 923 1252 imminutae
946 1189 1022 1251 sunt
1044 1185 1195 1252 veritates
1218 1207 1238 1251 a
1259 1185 1343 1266 filiis
1364 1185 1537 1252 hominum.

317 1399 409 1467 Κατά
433 1391 467 1466 δὲ
490 1401 545 1466 τδν
570 1401 669 1491 μέγαν
694 1398 892 1482 Ἀθανάσιον,
918 1406 1027 1487 σαφῶς
1124 1398 1304 1467 Secundum
1334 1421 1489 1487 magnum
1518 1397 1750 1484 Athanasium,
1772 1401 1826 1469 hia

274 1513 290 1574 ὁ
316 1508 410 1601 λόγος
440 1507 575 1574 ἐνταῦθα
605 1508 664 1580 τὴν
689 1499 846 1576 Ἰουδαίων
875 1507 1025 1573 ἀπιστίαν
1080 1507 1187 1592 palam
1210 1509 1353 1593 psalmus
1374 1510 1540 1596 redarguit
1555 1509 1754 1577 Judaeorum
1777 1511 1827 1576 in-

277 1619 413 1708 ἒλίγχιι·
437 1608 486 1682 διδ
509 1623 622 1694 Μωσῆς
645 1617 718 1709 πρὸς
741 1616 852 1694 αὐτοὺς
870 1617 1026 1696 ἀπέτεινε,
1079 1613 1279 1697 fidelitatem,
1291 1615 1362 1683 ideo
1376 1617 1462 1703 quod
1478 1616 1606 1702 Moyses
1622 1617 1662 1684 ad
1678 1638 1732 1683 eos
1748 1617 1827 1686 haec

280 1723 415 1815 φάσκων·
433 1723 500 1789 Υίοί
516 1721 696 1816 ἀνθρώπων,
712 1720 756 1801 οἷς
773 1727 829 1791 οὐκ
841 1725 908 1789 ἔστι
920 1725 1026 1800 πίστις
1079 1723 1177 1789 verba
1203 1723 1336 1791 dixerit:
1366 1723 1469 1790 ‘Filii
1494 1723 1680 1806 hominum,
1709 1723 1826 1810 quibus

275 1835 308 1897 ἑν
333 1833 439 1907 αὐτοις
455 1829 490 1918 ι).
1078 1828 1169 1896 nulla
1190 1830 1268 1898 fides
1291 1835 1340 1898 est
1362 1831 1395 1897 in
1418 1830 1463 1898 ais
1479 1878 1507 1910 ς.

528 2174 559 2220 ν.
584 2155 616 2220 3.
641 2149 770 2218 Μάταια
794 2149 947 2226 ἐλάλησεν
972 2151 1103 2228 ἕκαστος
1125 2150 1200 2242 πρδς
1223 2151 1278 2218 τὸν
1302 2151 1437 2224 πλησίον
1461 2153 1567 2217 αὑτοῦ.

596 2261 687 2330 Vana
704 2263 801 2330 tmuu
816 2268 894 2330 suut
908 2263 1128 2346 unnsquisque
1142 2261 1187 2330 aei
1199 2263 1383 2345 proximum
1398 2281 1504 2328 suum.

319 2473 470 2566 Κύριλλος
493 2475 547 2540 καί
563 2473 758 2551 Ἀθανάσιος.
775 2482 876 2542 Τοῦτο
898 2475 951 2540 καί
974 2472 1025 2542 ἐπί
1123 2479 1167 2545 Et
1181 2479 1243 2546 hoe
1258 2477 1297 2544 ds
1319 2476 1449 2544 Judaais
1472 2499 1581 2544 verum
1601 2481 1665 2545 ast:
1685 2483 1698 2513 ⁸
1715 2477 1823 2545 Unus·

275 2572 434 2648 Ὶουδαίων
460 2578 584 2659 ἀληθές·
601 2583 733 2660 ἕκαστος
749 2582 888 2657 ίλάλησι
903 2581 1027 2673 μάταια
1079 2585 1213 2672 quisque
1235 2585 1362 2652 loeutus
1385 2588 1434 2650 est
1450 2606 1532 2651 rana
1547 2584 1587 2652 ad
1600 2585 1781 2670 proximum
1797 2635 1824 2668 „

274 2690 349 2781 πρὸς
372 2689 427 2756 τὸν
450 2691 597 2777 πλησίον,
614 2689 672 2768 τάς
697 2689 782 2757 κατά
805 2701 861 2756 τοῦ
886 2701 1026 2781 σωτῆρος
1079 2693 1156 2760 dum
1178 2692 1313 2778 quisqu'e
1328 2690 1457 2758 insidias
1479 2690 1513 2756 in
1535 2691 1728 2758 salvatorem
1750 2715 1826 2761 son·

275 2803 365 2886 ημῶν
389 2797 531 2891 συνάγων
548 2791 725 2876 ἒπιάουλάς.
744 2799 804 2864 Καί
821 2805 849 2865 ot
864 2801 932 2890 παρ’
949 2797 1028 2864 Ἔλ-
1080 2801 1188 2868 struit.
1215 2801 1259 2867 Et
1281 2800 1366 2885 apud
1386 2798 1524 2867 Graecos
1547 2803 1662 2884 poetae
1678 2805 1712 2867 at
1734 2800 1826 2888 logo·

250 2908 353 2984 ,λησι
377 2897 411 2972 δὲ
433 2907 567 2980 ποιηταί
590 2906 645 2972 καί
667 2905 860 2999 λογογράφοι
882 2905 953 2972 κατ’
974 2908 1028 2972 οὐ·
1081 2907 1213 2995 graphi‚
1243 2907 1333 2975 nullo
1362 2928 1494 2992 prorsus
1520 2911 1615 2992 paeto
1646 2907 1826 2994 (rogitantes

277 3001 350 3078 δίνα
373 3011 488 3103 τρόπον
511 3023 567 3079 τοῦ
591 3013 718 3091 ἀληθεῖς
742 3008 821 3079 εἶναι
843 3015 1028 3105 φροντίσαν-
1081 3037 1149 3082 assa
1178 3037 1314 3098 veraces,
1342 3019 1563 3081 asseverarunt
1593 3017 1715 3081 temera
1744 3037 1826 3101 quae

276 3142 340 3196 τις,
365 3118 596 3188 συντεθτίκασιν
618 3114 835 3200 άίίασανίστως
858 3121 897 3188 τὸ
922 3125 1027 3198 αὐτοῖς
1081 3122 1261 3208 placabant,
1278 3142 1316 3188 so
1339 3124 1468 3187 tantum
1490 3120 1553 3187 fine
1575 3124 1614 3186 ut
1636 3121 1824 3188 ostentatio·

277 3216 402 3307 δοκοῦν,
426 3229 542 3294 σκοπὸν
566 3231 692 3319 ἔχοντες
723 3230 787 3310 ἕνα,
818 3229 856 3296 τὸ
880 3220 1027 3308 ἐπίδειξιν
1081 3254 1153 3298 nem
1177 3231 1308 3318 linguas
1330 3229 1482 3298 facerent.

276 3334 469 3410 manusuetus
493 3335 652 3429 γλώττης.

896 3661 1096 3730 PSALMUS
1119 3661 1209 3728 ΧΠΙ.

840 3899 870 3943 ν.
904 3879 932 3944 1.
964 3880 1030 3952 ate
1061 3874 1106 3940 τδ
1136 3873 1266 3953 τέλος.

968 3985 1139 4069 Infinem.

322 4195 414 4264 uest
430 4197 539 4288 μέντοι
552 4196 732 4290 ἀναγωγὴν,
750 4188 921 4289 διαρρήδην
935 4200 965 4262 ἑν
982 4207 1028 4282 τῷ
1128 4199 1230 4268 Sensu
1245 4199 1418 4287 superiora,
1430 4198 1668 4266 demonstratur
1684 4197 1718 4264 in
1734 4220 1828 4283 praa·

277 4306 411 4399 παρόντι
434 4303 550 4397 ψαλμῷ
578 4300 740 4396 σαφηνίζει
763 4315 826 4372 τῶν
858 4304 1027 4396 ἀνθρώπων
1083 4307 1165 4375 santi
1188 4307 1312 4392 psalmo
1334 4307 1500 4374 hominum
1521 4304 1669 4390 impietas
1699 4310 1733 4371 et
1754 4326 1828 4390 par·

277 4413 338 4488 τὴν
362 4419 404 4492 τίς
427 4415 465 4482 τὸ
487 4415 641 4491 παντελὲς
671 4425 735 4482 τῶν
762 4406 1028 4505 ἐπιτηδευμάτων
1083 4415 1202 4483 vieaeia
1223 4417 1258 4480 in
1280 4414 1441 4500 plerisque
1464 4435 1576 4480 eorum
1591 4411 1740 4496 masiliis,
1765 4435 1824 4479 un·

279 4515 424 4590 άσίάιιαν
440 4523 495 4588 καί
510 4525 718 4614 παρανομίαν,
736 4526 786 4589 ίνα
801 4523 840 4589 τὸ
857 4527 1028 4615 άναγιιαῐον
1082 4523 1122 4588 de
1145 4522 1346 4608 praedicetur
1360 4542 1526 4608 quousque
1540 4520 1718 4587 necessaria
1741 4524 1826 4586 esset

279 4639 339 4707 τῆς
362 4630 541 4719 ἐπιφανείας
559 4622 732 4721 ἀνακερίιξη
750 4636 894 4722 Χριστοῦ,
912 4630 966 4695 καί
983 4629 1030 4696 οὕ·
1082 4628 1201 4697 Christi
1224 4628 1451 4711 manifestatio,
1475 4631 1509 4694 st
1531 4627 1579 4694 ita
1600 4631 1711 4695 censen
1732 4626 1823 4694 divus

280 4761 328 4804 τω
354 4737 410 4828 μὲν
433 4741 450 4802 ὁ
474 4736 555 4815 θεῖος
577 4735 771 4816 Ἀθανάσιος.
961 4724 964 4730 ’
1082 4737 1289 4805 Athanasius.

319 5075 343 5151 Ι)
360 5075 482 5135 Duatar.
501 5089 596 5150 xxm,
614 5075 659 5133 20.
