3944 6074
587 591 718 664 Ιίειιιιιι
738 591 875 682 Musae,
897 591 1046 684 Sirenes,
1066 593 1282 688 Ργίίιοῃοιεί.
1655 609 1710 666 179

164 767 239 830 6777
264 755 297 830 66
322 763 403 854 μετά
421 775 478 840 τῆς
499 767 635 854 χείρονος
653 769 762 855 ἐνεργῇ
782 761 873 845 ζωῆς,
891 777 983 856 γεννᾷ
1000 769 1054 832 τόν
1071 769 1220 855 προμήκη
1248 768 1301 832 καί
1325 771 1543 860 γενεσιουργόν
1569 771 1710 862 ἀριθμόν,

163 867 240 949 εἶδος
265 880 421 963 ὑφιστᾶσα
445 868 525 952 ζωῆς
549 875 688 964 λογικόν,
713 879 788 962 ὁμοῦ
813 875 867 938 καί
891 874 1017 966 άλογον,
1042 881 1081 950 ῶς
1106 881 1146 951 είς
1170 879 1289 966 γένεσιν
1315 878 1415 966 ῥέπον.
1438 880 1499 942 Καὶ
1523 879 1583 970 γάρ
1608 883 1710 970 ὥσπερ

163 988 179 1046 6
195 985 320 1047 ’ἑκατὸν
347 981 436 1046 εἰκών
462 1007 529 1046 εστι
545 993 603 1057 τῆ
593 986 673 1070 ·γλο
672 992 750 1058 ικῆς
767 989 856 1070 ήμῶν
874 979 985 1072 ψυχῆς,
1004 975 1041 1046 δι’
1060 984 1097 1055 ῆν
1122 987 1246 1072 εἴπομεν
1272 989 1386 1068 αἰτίαν,
1404 987 1485 1050 οὕτω
1510 989 1563 1051 καί
1587 992 1711 1054 ὁπέντε

164 1115 217 1154 και
210 1081 510 1177 εθδομηιοντα
495 1090 679 1179 ῆςάλόγοι,
704 1089 755 1152 καί
781 1099 883 1178 σαφῶς
901 1082 1105 1162 7667667'7
1073 1116 1131 1156 ιην
1150 1096 1263 1178 εικονα
1283 1083 1391 1158 διελὼν
1417 1095 1511 1160 76767
1536 1101 1551 1158 6
1577 1097 1711 1161 Πλάτων

125 1205 204 1274 ⁵763
229 1198 338 1262 76767
341 1221 455 1262 ακαι
472 1200 567 1261 ειιοσι
584 1223 637 1260 και
655 1222 708 1260 τον
727 1221 778 1260 οι
766 1196 880 1261 ὼκαί
896 1199 1145 1286 τεσσαράκοντα,
1163 1223 1217 1263 τον
1236 1191 1295 1265 δε
1284 1225 1397 1266 εκατον
1416 1195 1501 1268 αδιαι
1505 1227 1590 1292 ετον
1615 1207 1710 1294 ἀφείς·

166 1296 407 1392 [ἐδινεκνιίμενος
437 1307 512 1389 (fol.
541 1306 892 1394 097)67307777
882 1329 1010 1369 εστιν
990 1331 1104 1395 τρο,
1088 1318 1143 1370 ου
1168 1313 1232 1384 ενο
1264 1309 1317 1372 καί
1348 1319 1404 1384 τῆς
1438 1231 1554 1400 νοερᾶς]
1590 1313 1711 1376 ταυτό-

164 1437 270 1487 τητος·
295 1417 310 1475 6
336 1403 369 1478 66
394 1413 483 1501 [πρὸς
500 1423 557 1488 τῆς
580 1403 692 1488 δυάδος
709 1413 762 1476 καί
778 1411 852 1501 τῆς]
871 1424 1054 1501 σωματικῆς
1072 1405 1255 1504 διαιρέσεως·
1283 1416 1443 1507 [ἑκάτερος
1462 1417 1516 1506 μέν
1534 1413 1585 1484 οὖν
1610 1418 1711 1508 ἐστιν]

164 1523 310 1609 ἁρμονίας
341 1520 434 1584 καὶὸ
459 1519 613 1608 ίσογιήκης
639 1520 773 1608 [ἑαυτῷ]
799 1522 853 1585 καὶ
880 1526 895 1584 6
920 1523 1101 1610 προμήκης·
1128 1523 1198 1586 ἄλλ’
1223 1530 1242 1598 ῆ
1277 1527 1408 1614 ἁρμονία
1438 1525 1565 1590 νοείσθω
1596 1526 1710 1615 τρόπον

164 1630 267 1717 ἕτερον
285 1629 331 1693 ἐπ’
351 1632 475 1716 ἀμφοῖν·
493 1634 511 1702 ή
532 1627 587 1714 μὲν
604 1628 664 1718 γάρ
688 1631 772 1692 ἐστιν
798 1631 929 1718 ἁρμονία
953 1629 1132 1719 θεοπρεπὴς,
1151 1633 1205 1694 καί
1220 1631 1277 1705 τάς
1294 1629 1393 1721 ψυχάς
1411 1625 1553 1710 σώζουσα
1575 1633 1629 1698 καὶ
1652 1637 1712 1698 ἐνι-

112 1753 137 1790 10
164 1729 296 1826 δρόουσα
314 1747 378 1810 τοῖς
396 1735 485 1811 θεοῖς·
502 1743 521 1810 ή
542 1728 574 1800 δὲ
590 1737 802 1827 γενεοιουργδς
819 1737 872 1800 καί
889 1736 1090 1801 συνάπτουσα
1108 1738 1189 1802 αὐτά
1205 1750 1270 1814 τοῖς
1287 1738 1413 1814 ένίλοις·
1432 1740 1485 1804 καί
1501 1747 1520 1813 ῆ
1537 1739 1590 1829 μέν
1616 1741 1711 1816 ὄντως

162 1847 252 1935 ἔργον
276 1855 339 1909 τῶν
364 1851 503 1928 Μουσῶν,
527 1855 589 1907 τῶν
614 1835 827 1908 παιδευουσῶν
852 1843 910 1920 τάς
934 1844 1040 1933 νοεράς
1064 1851 1153 1936 ήμῶν
1179 1838 1334 1936 δυνάμεις,
1359 1849 1413 1912 καὶ
1436 1853 1631 1926 τελειουσῶν,
1657 1849 1711 1914 καί

164 1956 237 2044 προς
262 1955 320 2025 τήν
346 1956 488 2044 οὐρανίαν
521 1946 610 2030 τάξιν
636 1957 867 2080 άφομοιουσῶν·
892 1959 911 2026 ή
940 1944 973 2016 δέ
997 1955 1149 2042 Σειρήνων
1181 1949 1259 2019 οὖσα
1286 1966 1390 2038 τινῶν,
1415 1967 1483 2032 ταῖς
1508 1956 1568 2028 τήν
1593 1957 1712 2047 γένεσιν

165 2054 366 2138 763676723'
352 2064 510 2150 αρμονίαις
533 2071 749 2149 προσεοικῖια
774 2061 855 2124 7767
857 2084 894 2136 ης
919 2061 947 2151 γ’
973 2055 1024 2124 οὖν
1049 2072 1219 2150 προεστῖισι
1243 2065 1297 2127 καί
1321 2070 1352 2127 αἱ
1377 2069 1531 2154 Σειρῆνες,
1557 2064 1591 2139 άς
1615 2069 1631 2128 ὁ
1655 2064 1711 2153 μέν

165 2170 356 2260 ἀναγόμενος
382 2170 433 2233 καί
457 2164 555 2248 σώζ·

522 2194 562 2233 ων
594 2173 670 2232 ἑαυτ
673 2170 723 2244 67,
749 2194 858 2258 αραι
849 2170 1007 2235 λεισεται
1038 2171 1097 2244 τήν
1123 2175 1238 2260 ἀμείνω
1263 2164 1421 2236 διώκων’
1407 2175 1571 2263 αρμονίαν,
1595 2197 1649 2236 και
1672 2199 1711 2248 ω,

112 2291 137 2326 ¹⁵
165 2276 288 2352 άληθῶς
313 2277 475 2365 μουσικήν·
500 2267 574 2341 666
597 2276 724 2352 πολυ,
712 2301 852 2342 ασ·ασε
856 2303 887 2342 αι
905 2303 963 2341 οτο
980 2283 1215 2368 τωι..ειρ·ινων
1235 2272 1409 2367 δεσυευθι
1434 2281 1644 2371 ἑγκαταμένει
1668 2293 1708 2366 τῆ

165 2387 252 2475 φύσει
277 2387 330 2449 καί
353 2397 422 2461 ταῖς
447 2386 636 2472 τῆςφίσεως
653 2385 1131 2514 γλυκυθυμίαις,γοῃτευόμενος
1153 2391 1204 2450 67'
1223 2391 1336 2452 αὐτῶν·
1361 2390 1441 2477 ἔχεις
1467 2382 1519 2452 οὖν
1543 2391 1597 2453 καὶ
1620 2393 1713 2454 ὁποῖα

163 2496 205 2560 τά
228 2487 293 2567 εἴδη
321 2505 383 2558 τῶν
408 2500 572 2584 ἀργιονιιιν,
596 2494 650 2557 καί
673 2496 752 2556 τίσιν
778 2497 901 2558 ἀνεῖται
924 2519 1041 2584 γενεσιν
1060 2519 1090 2559 εν
1107 2505 1153 2578 τῷ
1176 2495 1283 2572 παντί,
1306 2496 1343 2560 76
1368 2495 1422 2584 μὲν
1448 2495 1591 2572 Μούσαις,
1616 2497 1653 2560 76
1679 2487 1712 2561 66

165 2609 317 2691 Σειρῆσιν.
336 2641 378 2652 --
396 2608 431 2666 Εἰ
448 2556 481 2666 66
499 2593 612 2666 δεῖκαὶ
630 2613 691 2666 τῶν
709 2595 741 2680 ἐξ
759 2607 857 2692 ἀρχῆς
876 2602 1011 2693 ἀριθμῶν
1038 2603 1159 2694 θεωρεῖν
1177 2603 1236 2674 τήν
1253 2595 1409 2682 ἰδιότητα,
1430 2605 1604 2676 σκοπητέον
1630 2605 1711 2680 ὅπως

148 2757 149 2760 ¹
164 2715 179 2774 6
204 2712 259 2800 μέν
283 2711 395 2774 ἑκατὸν
413 2715 447 2775 ἐκ
465 2702 545 2775 δυεῖν
562 2713 687 2802 γέγονεν
705 2713 873 2800 ὁμοιότητι
890 2711 1143 2801 κεκρατημένων·
1162 2707 1203 2776 ὧν
1221 2717 1236 2775 6
1254 2711 1308 2800 μέν
1326 2713 1466 2802 τέτταρα
1483 2711 1536 2776 καί
1557 2706 1712 2789 ἑξήκοντα

110 2844 137 2880 ιο
164 2843 200 2883 τε
214 2819 352 2910 γέγονεν,
365 2823 399 2883 ἐκ
414 2818 467 2906 μὲν
486 2819 686 2908 τετραγώνου
703 2813 794 2895 76663
812 2831 869 2894 τῆς
883 2811 1044 2910 τετράδος,
1058 2824 1093 2884 ἐκ
1107 2811 1140 2884 δέ
1152 2813 1247 2885 κόθου
1262 2821 1456 2912 τετράγωνος
1475 2832 1532 2895 τῆς
1550 2811 1711 2910 ὀγδοάδος,

165 2929 213 2989 ίνα
237 2925 290 2988 καί
312 2923 447 3014 προέλθῃ
475 2917 513 2989 δι’
531 2925 719 3013 ὁμοιότητος
737 2927 810 3016 ἄχρι
828 2938 882 2992 τοῦ
902 2927 1025 3011 βάθους,
1043 2927 1185 2992 κάκεῖθεν
1204 2932 1244 3003 εἰς
1262 2929 1320 2999 τήν
1339 2929 1438 3019 ἀρχήν
1460 2925 1628 3016 ἐπιστρέψῃ
1654 2936 1712 3001 τῆς

164 3024 309 3122 προόδου,
335 3034 387 3096 καί
412 3035 472 3098 ἀπὸ
497 3034 696 3126 τετραγώνου
714 3029 805 3111 κόόος
822 3037 996 3125 γενόμενος,
1014 3037 1067 3100 καὶ
1085 3038 1146 3100 776
1164 3029 1258 3100 κάθου
1277 3037 1481 3162 τετράγωνος·
1507 3039 1523 3098 6
1548 3025 1581 3098 66
1605 3027 1637 3111 έξ
1660 3033 1713 3097 καὶ

165 3135 523 3230 ’ρῑᾶκῡντῖ,κθν[θὲξ
540 3144 779 3230 ἁνῦμοίᾘινίίυί
807 3143 948 3224 103)τί
899 3169 963 3233 τρις
981 3145 1234 3234 τγιίαγενόμενος
1253 3143 1423 3232 τετράκις
1414 3143 1488 3231 πρὸς
1509 3140 1567 3212 τήν
1592 3140 1711 3230 γένεσιν

165 3259 264 3313 τῶνα
245 3248 404 3314 6766
395 3273 618 3339 ειιιτριτου
589 3248 729 3336 ..υθγιένος
752 3247 966 3333 λασθεντων,
986 3255 1067 3314 αλ
1050 3250 1263 3342 ]γεγονε
1230 3275 1284 3337 μεν
1308 3242 1378 3314 δι’1
1365 3251 1560 3324 ανισότητος,
1585 3237 1710 3336 ἔχειδέ

110 3379 137 3414 7⁵
166 3348 243 3421 εἶδο
213 3359 452 3448 ο,γενογιήνη.
438 3361 504 3441 τῆ’
500 3357 942 3446 ισότητιγιεγιορφωγιένονάτ
924 3349 1307 3446 οτηυυγικηςεεαδο
1296 3355 1626 3444 ·κίκλονψυχικονι.
1606 3353 1710 3419 76706·

165 3486 230 3539 σ·ς·η
250 3465 334 3528 καί
319 3468 450 3529 εοιιεν
469 3463 556 3552 μὲν.
542 3463 618 3528 τέττ
622 3489 679 3554 ρα
696 3457 816 3541 ιαιέ
800 3489 945 3536 ηκοντα.
936 3463 1126 3553 ροελθων
1113 3490 1173 3529 ατο
1197 3489 1295 3555 τετρα
1276 3456 1348 3540 άςδο
1366 3488 1407 3539 773
1426 3463 1529 3547 ,ιαθο
1546 3487 1600 3526 και
1591 3456 1712 3538 λκςα,

165 3579 206 3649 εἰς
225 3575 345 3656 ἑαυτὸν,
364 3583 462 3638 ποιεῖν
480 3572 539 3642 τήν
558 3569 660 3660 ψυχήν
678 3582 735 3647 τῆς
752 3583 905 3660 κοσμικῆς
923 3575 1051 3661 σφαίρας
1068 3562 1281 3663 παράδειγμα·
1300 3581 1339 3656 τῇ
1357 3563 1483 3658 τετράδι
1501 3569 1555 3659 μὲν
1573 3575 1612 3644 ὡς
1630 3571 1710 3657 ἀρχῇ

163 3683 339 3772 χρωμένην·
364 3681 401 3754 ῆν
427 3680 479 3744 καί
503 3685 519 3742 6
545 3678 753 3770 Πυθαγόρειος
777 3679 880 3770 λόγος·
910 3677 1050 3768 “Ιίαγάν
1068 3679 1180 3742 ἀενάου
1198 3679 1347 3767 φάσεως,
1372 3678 1536 3749 κέκληκεν.
1561 3684 1586 3740 Τ
1590 3676 1712 3765 ετράκις

164 3779 197 3852 66
222 3799 261 3872 τῇ
287 3779 426 3876 τετράδι,
451 3779 532 3851 διότι
557 3797 717 3876 τετραχῶς
741 3791 825 3852 έστιν
850 3789 881 3851 ἐν
898 3797 942 3869 τῷ
959 3786 1065 3861 παντὶ,
1084 3787 1241 3875 οὐρανίως,
1257 3783 1405 3874 αίθερίως,
1430 3787 1547 3874 ἀερίως,
1572 3783 1711 3870 χθονίως,

110 3927 137 3962 ιο
164 3895 205 3960 τά
230 3907 373 3985 στοιχεῖα
397 3906 452 3960 τοῦ
477 3895 607 3984 κόσμου·
634 3895 809 3980 βαθίινασαν
835 3887 868 3959 66
893 3895 951 3963 τήν
969 3886 1112 3984 πρόοδον,
1130 3885 1237 3964 ἐπειδή
1264 3884 1448 3982 στερεοειδὲς
1473 3884 1536 3956 ἔδει
1560 3901 1712 3964 συστῆναι

164 4005 201 4069 76
218 4013 290 4090 767,
308 4007 374 4071 ἀλλ’
397 4007 451 4068 οὐκ
469 3995 623 4068 ἐπίπεδον·
643 4000 879 4094 ἀναστρέψασιν
905 3995 938 4067 66
962 4009 1002 4078 763
1023 4001 1150 4078 ἑαυτήν,
1169 4003 1218 4064 ἵνα
1234 4001 1287 4064 καί
1304 3994 1395 4076 κόόος
1412 3997 1431 4086 ᾗ
1450 4000 1503 4063 καί
1520 4001 1642 4090 σφαίρα,
1660 3996 1713 4061 καί

165 4123 209 4193 τῲ
235 4113 289 4198 μὲν
313 4112 372 4182 τήν
397 4123 457 4203 γῆν
481 4103 646 4201 περιλάόῃ,
672 4121 717 4194 τῷ
743 4104 775 4176 66
799 4113 853 4176 767
875 4113 1011 4202 οὐρανόν,
1030 4110 1070 4174 τά
1090 4111 1169 4197 άκρα
1186 4119 1241 4174 τοῦ
1258 4109 1385 4184 παντός·
1402 4113 1417 4171 6
1435 4099 1468 4172 66
1493 4101 1525 4185 έξ
1548 4108 1602 4170 καί
1626 4105 1713 4196 τριά·

165 4244 261 4284 κοντα
285 4219 344 4289 τήν
361 4218 464 4308 ψυχήν
481 4220 584 4283 767677
601 4230 656 4296 τοῦ
674 4231 723 4284 νοῦ
741 4232 848 4285 ποιεῖν·
867 4227 906 4294 ῶς
923 4219 982 4310 γάρ
1000 4224 1113 4295 ἐκεῖνος
1130 4219 1225 4307 ἄρρην
1242 4215 1295 4292 ὢν,
1311 4209 1362 4282 διά
1385 4206 1547 4302 πεμπάδος
1573 4208 1712 4292 κυκλίζει

165 4328 274 4392 ἑαυτὸν
285 4325 310 4412 ¹)
322 4329 430 4417 μένων,
441 4327 563 4416 προῖὼν,
576 4329 776 4418 ἐπιστρέφων,
788 4331 841 4393 καί
854 4320 991 4417 οὐδαμοῦ
1005 4340 1062 4404 τῆς
1076 4321 1238 4416 πεμπάδος
1249 4321 1458 4413 ἐξιστάμενος·
1471 4326 1567 4398 οὕτως
1581 4329 1599 4396 ή
1615 4320 1711 4412 ψυχὴ,

110 4457 137 4494 ³⁵
165 4433 248 4500 κατά
274 4436 331 4507 τήν
348 4427 444 4514 ἑξάδα
462 4435 557 4512 θῆλυς
575 4431 650 4500 6667
669 4437 763 4527 μένει,
780 4438 927 4527 πρόεισιν,
944 4437 1120 4526 ἐπιστρέφει
1137 4435 1187 4524 ἀφ’
1204 4440 1318 4509 ἑαυτῆς
1335 4432 1388 4498 καί
1405 4424 1444 4497 δι’
1463 4437 1577 4507 ἑαυτῆς
1602 4431 1655 4495 καί
1671 4435 1712 4499 εἰς

166 4543 275 4615 αίιτήν·
294 4549 309 4606 6
327 4533 413 4608 6676
432 4542 524 4607 πέντε
542 4543 594 4605 καὶ
610 4533 841 4630 έθδομήκοντα,
859 4535 909 4608 διά
928 4543 981 4632 μὲν
999 4545 1053 4607 767
1072 4543 1132 4606 ἀπὸ
1150 4533 1274 4630 τριάδος
1291 4531 1397 4621 κόθον,
1414 4531 1478 4604 οὐδ’
1497 4539 1590 4615 αὐτὸς
1606 4538 1709 4624 πάντῃ

164 4653 202 4716 76
226 4651 343 4716 777767
367 4650 421 4713 καὶ
445 4651 550 4738 ὅμοιον
568 4643 741 4738 ἀποδράναι
758 4641 934 4723 δεδύνηται·
953 4651 1084 4726 καὶπῶς
1102 4649 1160 4740 γάρ
1178 4645 1216 4723 ήν
1234 4640 1366 4713 δυνατόν
1390 4647 1449 4721 τὴν
1470 4643 1573 4737 ψυχήν
1599 4645 1712 4719 τελέως

166 4763 207 4831 εἰς
231 4757 285 4820 767
310 4767 368 4832 τῆς
382 4755 407 4841 ²)
431 4757 657 4844 ἀνομοιότητος
680 4758 795 4823 πόντον
820 4763 972 4842 ἐκπεσεῖν,
990 4757 1059 4822 κατ’
1078 4761 1183 4822 οιίσίαν
1208 4759 1342 4845 ἔχουσαν
1359 4757 1396 4820 76
1417 4757 1536 4844 νοερόνς
1561 4757 1711 4826 κυκλικῆς

166 4857 210 4955 [δ’
236 4865 423 4952 ὁμοιότητος
450 4867 519 4948 (fol.
546 4869 608 4933 103
632 4869 676 4946 v.)
701 4869 756 4930 067.
787 4867 920 4956 ἑνορωγιέ
923 4891 976 4942 νης
1008 4863 1069 4952 τῷ]
1104 4864 1224 4954 ἀριθμῷ
1250 4864 1342 4952 [76
1328 4865 1551 4952 ανεπίστροφον
1584 4857 1710 4947 ἱκανῶς]

109 4993 137 5030 ⁴0
165 4966 318 5044 δηλοῦται
344 4973 417 5062 [τῆς
441 4976 471 5036 67
496 4972 600 5055 τούτῳ
616 4963 759 5063 προόδου·
778 4965 829 5038 διά
847 4965 895 5060 δε]
921 4997 975 5037 ον
993 4997 1027 5036 ει.
1044 4997 1106 5036 των
1132 4972 1283 5059 ἀνομοίων
1309 4969 1478 5060 ἀιρθμῶν’
1469 4993 1642 5034 ειπεσοντα
1659 4991 1713 5031 και

165 5093 223 5156 τῆς
249 5084 346 5171 ῥητῆς
370 5081 505 5155 καὶτῆς
530 5081 666 5169 ἀρρήτου
691 5084 825 5172 πλευράς
845 5092 945 5157 τῆςι·
919 5072 1009 5169 διαγι.·’
997 5105 1085 5170 ,τρου
1110 5089 1167 5154 τῆς
1186 5103 1293 5166 πεμπα
1275 5069 1357 5161 άδος,
1380 5089 1430 5141 767
1449 5076 1503 5164 μὲν
1529 5076 1711 5141 ἀπόπτωσιν

166 5190 307 5278 ἐμιραίνει
331 5188 464 5252 καὶτοῦ
488 5198 590 5275 νοεροῦ
614 5188 757 5277 πέρατος,
782 5189 856 5278 ὅπερ
881 5195 899 5262 ή
926 5187 1052 5276 πεμπάς
1077 5181 1153 5251 οὖσα
1178 5186 1257 5275 ῥητή
1284 5183 1402 5276 πλευρά
1425 5195 1481 5248 τοῦ
1509 5188 1560 5272 ἀφ’
1585 5188 1710 5260 ἑαυτῆς,

204 5419 226 5492 ¹)
244 5420 279 5476 A.
298 5418 318 5475 f.
338 5418 381 5476 32.
1002 5419 1025 5492 ²)
1043 5419 1079 5476 A.
1099 5435 1154 5474 om.
1175 5423 1225 5478 :7:-
