4008 6068
867 482 1015 558 Sanctus
1034 483 1246 560 Athanasius

281 888 310 931 ν.
335 868 388 933 27.
413 864 563 950 Ἀνάστα,
588 867 692 959 Κύριε,
717 868 875 953 βοήθησον
898 877 984 961 ἡμῖν,
1009 870 1062 937 καί
1084 873 1242 963 λύτρωσαι
1266 879 1349 962 ἡμᾶς
1378 875 1480 940 ἕνεκεν
1507 885 1560 940 τοῦ
1584 873 1737 964 ὀνόματός
1761 899 1825 941 σου.

425 977 587 1061 Easurpe,
612 978 760 1060 Domine,
783 981 903 1063 adjuva
926 1002 995 1062 uos,
1019 987 1048 1048 et
1071 983 1193 1050 redime
1214 1005 1274 1051 uos
1291 991 1425 1070 propter
1446 1005 1561 1052 nornen
1583 992 1684 1051 tuum.

292 1217 295 1227 ·
323 1192 385 1257 Καὶ
408 1191 467 1263 τὴν
486 1196 516 1257 έν
533 1191 670 1282 ὑστέρως
688 1184 722 1259 δὲ
738 1204 854 1285 καιροῖς
877 1197 1028 1284 ἐσομένην
1127 1199 1174 1265 Et
1185 1199 1327 1267 futuram
1339 1202 1372 1267 in
1384 1201 1506 1268 ultimis
1517 1201 1715 1286 temporibus
1726 1200 1827 1268 Israe-

280 1312 336 1367 τοῦ
353 1301 480 1391 Ἰσραὴλ
497 1301 686 1394 ἐπιστροφὴν
702 1304 755 1368 καί
772 1308 884 1378 κλῆσιν
910 1313 938 1372 ot
962 1309 1029 1371 στί·
1084 1308 1124 1374 lis
1138 1309 1378 1376 conversionem
1395 1314 1428 1375 et
1447 1309 1645 1376 vocationem
1667 1309 1702 1376 hi
1716 1331 1827 1376 versus

279 1434 332 1500 χοι
355 1411 577 1498 σημαίνουσιν·
601 1405 770 1477 ἀντιλαῧοῦ
796 1403 833 1484 δὴ
860 1419 950 1503 ἡμῶν
975 1413 1029 1478 καὶ
1084 1417 1276 1500 significant.
1292 1417 1341 1483 Ac
1356 1417 1384 1482 si
1399 1417 1576 1484 diceretur:
1596 1415 1752 1484 Succurre
1769 1438 1826 1482 nc·

281 1509 366 1581 δίδου
392 1519 429 1583 τὸ
452 1518 593 1605 εὐμενές,
622 1519 676 1583 καί
706 1522 812 1610 καιρὸν
843 1525 1031 1612 ἐπιστροφῆς
1084 1524 1133 1591 bis
1157 1531 1190 1592 et
1216 1526 1351 1594 concede
1381 1526 1612 1613 benignitatem
1642 1548 1679 1592 ac
1702 1531 1828 1610 tempus

279 1625 339 1700 τὴν
363 1631 404 1702 εἰς
436 1626 469 1692 σὲ
494 1625 646 1699 ἀληθινὴν
677 1629 782 1692 πίστιν
813 1634 1030 1720 ὁμολογοῦσιν·
1084 1633 1309 1715 conversionis,
1332 1656 1440 1700 veram
1456 1634 1489 1699 in
1505 1638 1538 1699 te
1554 1626 1826 1700 fidem'confiten·

281 1737 462 1828 ἐπάγοντες,
477 1737 521 1802 Tb
534 1737 623 1802 ένεκα
637 1748 690 1803 τοῦ
704 1737 857 1829 ὁνὸματὸς
869 1763 935 1825 σου,
949 1733 1033 1832 διαρ-
1085 1741 1181 1806 tibus.
1199 1738 1364 1806 Addendo:
1385 1744 1397 1773 ‘¹
1411 1744 1545 1826 propter
1560 1762 1676 1806 nomeu
1694 1745 1786 1806 tuum
1799 1790 1826 1821 „

282 1836 380 1935 ρήδην
405 1850 621 1938 ὁμολογοῦσιν,
638 1852 677 1923 ὡς
698 1848 753 1910 οῦκ
778 1841 858 1925 ἄξιοι
882 1848 937 1936 μέν
961 1853 1030 1914 ἑλε-
1084 1846 1202 1931 absque
1226 1847 1361 1932 ambage
1378 1847 1522 1914 fatentur
1537 1869 1590 1913 eos
1613 1846 1828 1913 misericordia

280 1951 380 2018 εῖσθαι
392 1953 466 2019 εἰσίν
480 1959 509 2018 οί
525 1953 609 2019 κατὰ
628 1959 759 2044 Χριστοῦ
776 1954 945 2045 γενόμενοι·
958 1958 1032 2048 πρέ·
1084 1976 1148 2022 non
1171 1976 1238 2020 csse
1253 1953 1367 2038 dignos
1381 1955 1437 2040 qni
1457 1953 1585 2020 Christo
1607 1954 1826 2034 adversantur,

278 2084 330 2125 πει
353 2085 391 2152 γε
416 2061 477 2150 μὴν
502 2063 539 2126 τὸ
564 2065 660 2127 ἐλεετν
680 2061 833 2144 αὐτῷκαὶ
855 2063 1032 2128 κατοικτεί·
1084 2063 1140 2130 sed
1163 2065 1269 2149 ipsum
1291 2062 1396 2129 Deum
1412 2063 1522 2130 decere
1542 2063 1684 2128 misereri
1707 2067 1740 2128 et
1763 2062 1827 2129 cle·

282 2191 341 2259 ρειν
359 2178 423 2244 τοῖς
439 2166 637 2260 ἀνθρωπίνοις
651 2169 840 2256 πταίσματα
854 2160 891 2231 δι’
905 2171 1029 2246 ἑαυτοῦ,
1085 2176 1224 2237 mentem
1237 2193 1305 2236 esse
1316 2171 1463 2236 humanis
1477 2171 1614 2254 peccabis
1625 2171 1666 2236 ab
1678 2169 1748 2255 ipso
1757 2192 1830 2237 oon·

210 2325 215 2336 .
282 2275 359 2366 φησί
382 2274 452 2366 γάρ·
470 2279 504 2340 οῦ
522 2267 562 2340 δι’
580 2280 658 2364 ὑμᾶς
675 2273 737 2366 ἐγὼ
752 2283 841 2349 ποιῶ,
859 2275 944 2365 λέγει
969 2275 1031 2340 Kb·
1084 2277 1247 2344 donandis.
1266 2277 1367 2344 “Non
1383 2281 1515 2363 propter
1530 2299 1586 2344 vos
1599 2297 1659 2362 ego
1671 2276 1763 2358 facio,
1781 2277 1828 2343 ait

284 2407 355 2474 ριος,
380 2387 451 2450 ἀλλ’
476 2382 496 2458 ἥ
522 2374 574 2448 διὰ
597 2383 636 2447 rb
660 2383 759 2472 ὄνομά
784 2405 844 2471 μου
860 2381 894 2466 ¹).
1085 2383 1252 2466 Dominus,
1275 2384 1331 2451 sed
1353 2389 1487 2470 propter
1510 2405 1625 2451 nomen
1648 2405 1754 2450 meum
1768 2433 1794 2464 ,.

886 2705 1084 2792 assumus
1108 2705 1224 2774 xnnv.
1285 2713 1286 2718 ν

325 2945 355 2988 v.
382 2925 411 3004 1,
436 2924 468 2988 2.
493 2913 736 3009 Ἐξηρεὸξατοή
756 2911 869 3010 καρδία
887 2945 946 3011 μου
964 2917 1064 3010 Λόγον
1081 2916 1211 3010 ἀγαθὸν,
1228 2920 1312 3010 λέγω
1328 2917 1390 3009 ἐγὼ
1407 2917 1449 2983 τὰ
1465 2918 1541 3010 ἔργα
1557 2941 1618 3008 μου
1634 2927 1680 3004 τῷ
1698 2921 1830 3004 βασιλεῖ,

281 3035 302 3104 ἢ
327 3029 457 3121 γλῶσσά
482 3052 541 3118 μου
566 3027 708 3116 κάλαμος
731 3028 943 3120 γραμματέως
967 3023 1152 3120 ὁξυγράρου.
1742 3101 1746 3112 Ι

329 3140 500 3207 Ὲανιοὸαοίί
515 3159 685 3206 cormeum
708 3137 843 3205 Verbum
859 3140 984 3222 bonam,
1002 3141 1071 3208 dico
1086 3162 1141 3225 epo
1157 3161 1252 3224 opera
1267 3161 1337 3207 mea
1351 3139 1422 3224 rapi
1429 3165 1440 3222 ;
1462 3139 1575 3224 linquo
1597 3159 1667 3242 acea
1689 3137 1832 3207 οσίσιαιισ

283 3249 405 3314 scribae
427 3247 573 3314 velociter
594 3246 774 3313 scribentis.

329 3457 517 3535 ’Λθανάσιος
539 3448 572 3524 δέ
596 3462 611 3522 ὁ
634 3457 716 3523 πάνυ
741 3458 834 3524 καὶὸ
864 3457 942 3536 θεῖος
967 3458 1035 3524 Κὸ-
1133 3458 1253 3546 Ingens
1283 3459 1339 3526 ille
1364 3455 1561 3526 Athanasius
1587 3457 1741 3543 divusque
1764 3456 1832 3544 Cy-

285 3570 388 3659 ρῑδδθς
411 3571 451 3642 ὡς
475 3568 510 3631 ἐκ
533 3563 701 3656 προσώπου
725 3576 780 3630 τοῦ
805 3572 883 3632 Θεοῦ
914 3565 1036 3653 Πατρὸς
1088 3568 1181 3635 rillus
1203 3567 1391 3652 intelligunt
1414 3589 1451 3633 ea
1473 3566 1678 3650 pronunciari
1701 3566 1735 3632 in
1758 3587 1833 3651 per·

283 3671 431 3766 λέγεσθαι
455 3681 559 3738 ταῦτα
583 3683 686 3738 νοοῦσι
713 3673 785 3763 περὶ
808 3684 863 3737 τοῦ
888 3677 918 3738 έν
951 3676 1033 3762 ἀρχῇ
1088 3700 1167 3744 sona
1190 3676 1250 3742 Dei
1273 3676 1389 3757 Patris,
1406 3675 1445 3741 de
1461 3673 1569 3742 Verbo
1592 3674 1677 3759 quod
1696 3675 1730 3740 in
1744 3673 1833 3760 prin-

285 3782 373 3859 ὄντος
397 3782 471 3871 πρὸς
496 3783 592 3846 αὐτὸν
617 3781 729 3872 Λόγου,
747 3782 780 3847 dv
803 3785 839 3846 ἑκ
862 3791 920 3856 τῆς
945 3779 1037 3845 οἱονεὶ
1089 3785 1173 3870 cipio
1202 3785 1286 3869 apud
1317 3785 1423 3869 ipsum
1452 3787 1540 3864 erat,
1562 3783 1648 3867 quod
1675 3783 1765 3868 quasi
1791 3804 1833 3870 ¹ex

286 3883 416 3981 καρδίας
444 3889 463 3964 ἣ
492 3895 595 3956 αὐτῶν
626 3899 689 3956 τῶν
721 3889 925 3981 σπλάγχνων,
950 3889 1036 3978 φησὶ,
1089 3894 1184 3960 corde
1208 3893 1260 3958 vel
1283 3912 1323 3959 ex
1338 3891 1417 3976 ipsis
1440 3891 1613 3958 visceribus
1632 3890 1679 3956 ait
1701 3913 1735 3957 se
1758 3911 1834 3976 pro-

285 4000 459 4090 προήγαγε,
483 3998 553 4089 mpt
584 3993 618 4064 οὗ
648 3998 702 4063 καὶ
733 3998 819 4090 λέγει
851 3988 902 4061 διὰ
926 3989 1034 4060 Annii·
1090 4001 1210 4080 tulisse,
1234 4000 1272 4066 de
1291 4021 1355 4085 qno
1371 4004 1405 4064 et
1419 4021 1478 4084 per
1493 3998 1596 4064 David
1612 3998 1675 4064 ait:
1703 3997 1833 4065 “Eruc-

288 4099 497 4197 Ἐξηρεΰξατο
521 4113 540 4180 Λ
567 4097 678 4196 καρδία
697 4129 756 4196 μου
781 4105 882 4196 Λόγον
906 4103 1034 4194 ἀγαθόν.
1089 4108 1171 4176 tavit
1193 4129 1249 4174 cor
1271 4129 1377 4173 meum
1400 4105 1544 4171 Verbum
1568 4105 1687 4172 bonum
1701 4155 1727 4186 „.
1751 4104 1835 4172 Gon·

284 4215 459 4306 Γεγένοται
474 4214 534 4305 γὰρ
551 4221 592 4291 ὡς
609 4214 708 4306 Λόγος
725 4215 852 4291 ἐκείνου,
869 4211 986 4302 ἀγαθὸς
1003 4206 1036 4291 ἐξ
1089 4218 1188 4304 tingit
1210 4218 1296 4284 enim
1319 4221 1356 4282 ut
1378 4216 1421 4282 sit
1443 4237 1548 4282 sermo
1572 4216 1651 4301 ejus,
1667 4215 1771 4281 bonna
1794 4236 1834 4282 ex

154 4410 157 4417 ,
284 4320 415 4411 ἀγαθοῦ,
439 4324 517 4400 θεὸς
541 4328 576 4389 ἐκ
601 4329 689 4388 Θεοῦ·
708 4322 822 4413 ’Άθρεν
846 4313 879 4387 δὲ
903 4327 943 4396 ὡς
966 4321 1036 4413 περὶ
1088 4328 1184 4406 bono,
1204 4327 1292 4393 Deus
1307 4347 1346 4391 ex
1363 4322 1442 4390 Deo.
1458 4322 1584 4389 Videsis
1600 4343 1678 4409 ergo
1694 4322 1833 4402 Patrem,

283 4429 579 4522 ένανθρωπήσαντος
596 4443 650 4498 τοῦ
668 4437 736 4498 Υίοῦ
749 4431 886 4523 λέγοντα
898 4431 953 4496 τδν
972 4438 1037 4497 Πα·
1089 4458 1126 4504 ac
1143 4436 1168 4502 si
1181 4435 1250 4521 jam
1265 4435 1362 4500 homo
1377 4431 1483 4499 factus
1498 4436 1580 4498 essct
1596 4431 1707 4513 Filius,
1729 4429 1836 4497 dicen·

282 4541 368 4629 τέρα·
382 4540 471 4630 Λέγω
484 4539 545 4632 ἐγὼ
558 4538 600 4605 τὰ
614 4542 689 4631 ἔργα
703 4564 762 4629 μου
776 4549 821 4622 τῷ
836 4542 966 4623 βασιλεῖ·
981 4564 1036 4628 po·
1089 4549 1172 4610 tem:
1200 4548 1213 4578 ⁸
1230 4540 1311 4609 Dico
1326 4561 1387 4626 ego
1403 4561 1503 4624 opera
1518 4559 1590 4606 mea
1611 4539 1682 4624 regi
1699 4588 1725 4619 ,.
1749 4536 1837 4604 Nam

283 4649 409 4738 νονουχὶ
431 4647 491 4740 γὰρ
513 4649 781 4738 καὸυποσχνεῑται
798 4639 955 4713 διδάσκειν
980 4652 1037 4713 σὺ·
1088 4651 1261 4736 pollicetur
1276 4647 1508 4740 propemodum
1528 4645 1697 4713 docturum
1711 4667 1747 4713 so
1761 4666 1837 4712 eum

283 4757 339 4822 τὸν
363 4758 479 4832 ὁποίοις
502 4781 568 4821 τισι
590 4755 697 4846 λόγοις
717 4755 881 4845 χρήσεται,
906 4746 1038 4845 έμῧιέά-
1089 4758 1206 4844 quibus
1225 4756 1274 4822 uu
1289 4755 1403 4821 debeat
1418 4753 1628 4836 sermonibus,
1645 4775 1703 4819 nos
1718 4753 1836 4838 impel-

284 4857 344 4943 ζων
368 4869 451 4952 ἡμᾶς
469 4869 510 4940 εἰς
527 4864 565 4929 τὸ
582 4855 657 4954 δρᾷν
674 4862 716 4928 τὰ
734 4865 810 4953 ἔργα
828 4866 935 4928 αὑτοῦ·
960 4863 1037 4953 ἔργα
1089 4866 1159 4932 lens
1182 4867 1220 4931 ut
1242 4864 1310 4950 ejus
1333 4884 1430 4947 opera
1446 4861 1612 4928 faciamus.
1633 4859 1739 4946 Opera
1761 4882 1837 4928 vero

284 4962 319 5037 δὲ
342 4967 515 5038 Oeensium
532 4971 634 5062 ριἰμεν
651 4971 710 5046 τὴν
731 4964 841 5044 εῦσεὸῆ
860 4971 1035 5056 πολιτείαν,
1089 4971 1152 5038 Dei
1174 4993 1240 5037 esse
1263 4969 1396 5037 dicimus
1412 4967 1597 5054 religiosam
1619 4967 1730 5047 vitam,
1754 4990 1837 5053 quae

284 5080 353 5156 ἥτις
370 5071 422 5145 διὰ
438 5091 500 5146 τῶν
518 5082 730 5173 εὐαγγελικῶν
748 5079 962 5171 κηρυγμάτων
980 5077 1035 5169 γέ·
1089 5079 1180 5146 nobis
1202 5099 1260 5163 per
1276 5075 1460 5161 evangelica
1476 5075 1646 5161 praeconia
1666 5076 1837 5163 perspicua

322 5313 345 5388 ¹)
363 5313 403 5372 Is
422 5329 529 5386 xnvru,
549 5314 587 5372 9?
