3978 6070
6 677 10 740 ἰ

626 611 627 614 γ
706 511 762 584 De
775 510 995 603 planetarum
1014 511 1192 586 coloribus.
1693 527 1728 581 τι

177 682 231 748 τὸν
255 693 311 748 τοῦ
337 684 487 774 μεγίστου
511 674 563 748 διά
587 681 646 756 τὴν
671 692 734 748 τῶν
759 685 906 748 ἀπλανῶν
931 684 1069 775 ἀστέρων
1094 689 1124 750 ἐν
1148 685 1254 766 ἐκείνῳ
1278 693 1323 767 τῷ
1348 683 1455 767 κύκλῳ
1479 687 1648 751 ποικιλίαν·
1673 691 1729 754 τὀν

178 781 212 854 δέ
227 799 283 854 τοῦ
299 781 434 878 ἐύδόμου
451 779 625 878 σφονδύλου
642 791 881 880 λαμπρότατον,
898 802 1039 867 τοιοῦτος
1055 790 1116 881 γάρ
1135 796 1150 854 6
1167 793 1266 867 ἥλιος·
1284 794 1339 856 τὀν
1357 783 1391 856 δέ
1407 804 1462 857 τοῦ
1480 785 1595 885 ὀγδόου
1604 794 1628 882 ¹)
1644 794 1730 886 παρά

176 909 233 963 τοῦ
256 891 392 987 ἑθδόμου
417 893 624 988 φωτίζεσθαι,
649 899 709 971 τήν
733 899 869 972 σελήνην
895 891 1019 972 δηλαδή
1046 901 1164 990 λέγων·
1189 903 1256 990 ἔχει
1280 899 1338 993 γάρ
1364 903 1443 974 αύτη
1470 904 1508 968 τό
1532 902 1659 992 λάμπον
1685 905 1732 970 ἀεί

178 1007 252 1094 πρὸς
276 1007 376 1088 ἥλιον,
402 1007 454 1070 καί
478 1007 561 1070 ἐστὶν
580 1006 764 1096 ἀμφοτέροις
781 1011 891 1071 οἰκεῖον
908 1009 946 1071 τὸ
967 1008 1124 1096 λαμπρὸν,
1141 1008 1224 1072 ἀλλά
1245 1019 1290 1092 τῷ
1316 1009 1369 1098 μέν
1394 1009 1465 1074 καθ’
1490 1014 1606 1090 ούσίαν,
1630 1023 1670 1097 τῇ
1697 1005 1732 1077 δέ

137 1140 150 1178 ι
178 1113 263 1178 κατά
288 1117 466 1204 μετουσίαν·
492 1116 546 1180 τ’σν
572 1106 606 1182 δέ
628 1125 683 1180 τοῦ
709 1109 855 1204 δευτέρου
872 1116 926 1178 τόν
951 1115 1057 1204 κρόνου
1082 1108 1320 1205 ἐνδεικνύμενος,
1346 1119 1477 1183 καὶτὸν
1502 1131 1557 1184 τοῦ
1581 1121 1727 1212 πέμπτου

178 1215 288 1299 ξανθόν
313 1248 377 1299 πως
401 1224 469 1313 ἔχει
492 1224 530 1288 τό
554 1233 676 1313 χρῶμα·
700 1223 753 1288 καί
777 1215 847 1288 οὐδὲ
873 1227 979 1299 ἁπλῶς
1003 1217 1124 1301 ξανθόν,
1150 1227 1221 1288 ἀλλ’
1247 1228 1371 1291 ἐκείνων
1395 1237 1458 1290 τῶν
1482 1231 1633 1319 λαμπρῶν
1658 1223 1730 1308 ξαν-

179 1329 315 1419 θότερον·
340 1333 390 1396 ότι
413 1333 451 1397 τό
468 1333 613 1422 λαμπρὸν
630 1341 675 1415 τῷ
693 1331 806 1422 ἐρυθρῷ
823 1332 877 1396 καί
892 1335 994 1414 λευκῷ
1010 1331 1191 1421 κιρνάμενον
1208 1331 1336 1424 γέγονεν
1354 1327 1475 1416 ξανθὸν,
1498 1340 1537 1410 ὡς
1562 1340 1577 1399 ὁ
1603 1337 1733 1426 Τίμαιος
1755 1415 1758 1422 ,

180 1429 331 1528 διώρισεν,
349 1441 430 1504 ὥστε
448 1435 530 1531 μίξει
545 1444 657 1504 λευκοῦ
675 1441 729 1506 καί
745 1439 879 1531 ἐρυθροῦ,
892 1441 965 1530 πρὸς
978 1441 1015 1505 τό
1029 1434 1213 1531 ξανθότερον
1231 1446 1352 1508 ἀνεῖται
1368 1441 1410 1508 τά
1427 1443 1549 1508 τούτων
1566 1443 1732 1534 χρώματα·

178 1548 233 1611 τόν
259 1537 292 1612 δὲ
316 1558 372 1612 τοῦ
396 1549 505 1638 τρίτου
530 1548 662 1613 καὶτοῦ
686 1549 778 1613 ἕκτου
809 1550 910 1614 κοινύν
935 1552 1018 1638 ἔχειν
1043 1551 1080 1614 τὸ
1111 1550 1240 1628 λευκόν,
1265 1556 1291 1616 εἰ
1314 1551 1368 1615 καί
1391 1547 1490 1618 ἦττον
1519 1546 1597 1616 εἶναι
1619 1554 1732 1618 λευκόν

126 1679 151 1716 ιο
180 1656 273 1746 φησίν
298 1657 353 1721 τίιν
377 1657 478 1722 έκτον·
502 1655 702 1746 ύπερέρυθρον
721 1647 755 1721 δέ
773 1657 826 1720 τὸν
842 1657 1007 1748 τέταρτον,
1025 1653 1086 1722 οἷον
1105 1649 1143 1728 δή
1162 1659 1216 1722 καί
1232 1663 1350 1749 ὁρῶμεν
1367 1660 1444 1724 ὅντα
1468 1660 1522 1725 τὀν
1546 1671 1602 1725 τοῦ
1627 1661 1731 1751 άριως·

183 1767 291 1828 ούκοῦν
316 1762 401 1828 κατά
426 1755 542 1840 δυάδας
567 1764 621 1853 μὲν
645 1774 709 1828 τῶν
734 1765 839 1828 ἄλλων
863 1770 882 1838 ή
910 1763 1121 1855 ἀπαρίθμησις
1148 1768 1238 1840 ηλίου
1263 1768 1317 1832 καί
1349 1768 1484 1844 σελήνης
1508 1773 1548 1844 ὡς
1571 1773 1735 1859 λαμπρῶν,

181 1873 291 1962 κρόνου
316 1862 349 1937 δέ
372 1873 426 1937 καί
447 1876 540 1962 ἑρμοῦ
566 1863 729 1961 δευτέρων,
754 1879 794 1948 ὡς
819 1865 1021 1963 ξανθοτέρων·
1046 1864 1135 1960 δι[“ος]

181 2091 205 2158 f.
232 2093 295 2157 150
319 2114 361 2171 ν.,
386 2113 498 2156 versus
524 2092 563 2156 ll
589 2091 719 2156 evanidi
743 2097 800 2156 ιιιιέ
823 2092 983 2157 truncati:
1011 2091 1207 2178 ...κρίσεσιν
1232 2089 1285 2155 καί
1301 2101 1341 2176 τῇ
1367 2090 1477 2155 ἑτέ...
1502 2091 1556 2156 καί
1579 2092 1616 2156 τύ
1640 2091 1734 2181 χωρὶς

182 2198 286 2262 ἄλλοιν
303 2251 309 2265 .
324 2248 354 2264 ..
379 2209 436 2273 τῆς
460 2198 556 2287 χρόας
580 2198 634 2261 καί
657 2198 694 2262 τὸ
712 2190 810 2274 εἶδος.
828 2249 855 2262 ..
879 2190 1016 2288 πυρῶδες
1033 2201 1105 2290 ἔχον
1121 2199 1175 2263 καί
1197 2199 1272 2289 πρὸς
1288 2253 1340 2268 .,,
1365 2201 1518 2290 αἱρετικὸν
1543 2191 1731 2274 ἐπιτήδειον·

129 2337 153 2376 ιι
182 2316 247 2382 τοῖς
265 2297 324 2370 δὲ...
345 2306 398 2369 καὶ
414 2305 613 2396 συγκράσεως
631 2308 751 2389 αἰτίοις,
767 2308 804 2371 τό
820 2307 933 2372 λευκόν
949 2361 956 2375 ,
972 2360 979 2375 ,
995 2307 1151 2397 ,κρύπτον
1168 2307 1205 2372 τίι
1223 2299 1377 2384 σκοτῶδες
1393 2318 1467 2385 πᾶν,
1485 2308 1566 2396 μετοί
1586 2319 1644 2383 τῆς
1659 2309 1734 2399 πρός

182 2413 241 2487 τὴν
258 2411 324 2502 ὄψιν
342 2415 533 2503 συμμετρίας
551 2415 722 2491 ἀπλήκτως
738 2408 950 2505 προσύάλλον,
968 2421 1007 2492 ὡς
1026 2417 1102 2479 ὅταν
1116 2439 1157 2506 γε
1173 2416 1285 2504 λάμπῃ
1313 2406 1531 2505 διαφερόντως,
1548 2415 1735 2481 ἀνύποιστον

181 2524 304 2613 γίνεται
327 2525 400 2612 πρὸς
425 2523 534 2596 αύτήν·
559 2534 624 2598 τοῖς
649 2515 682 2588 δὲ
705 2525 879 2614 συγκρίνειν
904 2525 956 2589 καί
981 2523 1123 2616 συνάγειν
1147 2527 1327 2613 ἐφιεμένοις,
1352 2526 1390 2589 τίι
1415 2518 1524 2602 ξανθὸν
1550 2526 1733 2614 συναγωγὸν

182 2631 217 2698 όν
241 2631 294 2694 καί
318 2641 413 2695 τοῦτο
436 2629 588 2694 πλειόνων
608 2622 694 2695 ἰδεῶν
713 2637 754 2708 εἰς
769 2634 844 2720 μίαν
861 2634 915 2696 καί
931 2643 1039 2697 πασῶν
1055 2644 1119 2697 τῶν
1144 2633 1249 2698 ἄλλων
1273 2633 1510 2723 λαμπρότητος,
1533 2633 1737 2717 λευκότητος,

183 2738 405 2830 ἐρυθρότητος·
430 2750 496 2815 τοῖς
521 2729 711 2804 δέπάντων
735 2741 887 2832 ήγεμύσιν
912 2742 949 2805 τὸ
973 2742 1118 2831 λαμπρόν
1143 2741 1223 2806 ἄλλο
1253 2732 1332 2817 εἶδος
1363 2739 1398 2808 ὃν
1428 2743 1522 2831 πυρός
1546 2741 1600 2806 καί
1624 2743 1735 2830 ἀρκοῦν

128 2873 155 2910 ιο
183 2852 285 2929 ἑαυτῷ
310 2847 403 2936 μόνον
421 2851 463 2921 εἰς
479 2849 517 2912 τὸ
535 2845 674 2937 ὁρᾶσθαι·
690 2846 732 2912 τά
749 2848 804 2937 μὲν
821 2847 880 2938 γάρ
898 2849 981 2912 ἄλλα
997 2847 1155 2938 χρώματα
1172 2849 1317 2936 φαίνεται
1334 2838 1386 2912 διά
1410 2849 1447 2912 τό
1470 2848 1625 2937 λαμπρόν,
1642 2853 1737 2912 Ιτοῦτο

185 2949 219 3020 δέ
241 2954 354 3045 ὁρατόν
379 2959 446 3020 ἐστι
466 2947 505 3020 δι’.
523 2957 617 3020 ἑαυτό
635 2955 738 3044 μόνον·
756 2967 913 3046 προσῆκον
931 2950 983 3021 οὖν
1000 2965 1113 3045 χρῶμα
1132 2967 1196 3031 τοῖς
1221 2965 1284 3020 τῶν
1309 2959 1429 3044 όρατῶν
1454 2957 1574 3031 αἰτίοις·
1597 2953 1651 3018 καί
1674 2951 1736 3019 οἷον

183 3062 339 3152 πατράσιν
364 3061 401 3137 ἦν
418 3063 456 3127 τύ
473 3055 594 3129 τοιόνδε
611 3073 736 3154 χρῶμα,
754 3065 848 3151 μόνον
866 3066 1017 3154 αύταρκες
1034 3063 1185 3154 ὑπάρχον,
1203 3063 1296 3154 μόνον
1312 3065 1417 3128 εἰκόνα
1434 3062 1522 3153 φέρον
1541 3071 1598 3127 τοῦ
1622 3073 1736 3135 νοητοῦ

185 3171 296 3260 φωτός·
315 3173 365 3236 ὅτι
381 3163 415 3236 δὲ
430 3171 590 3262 τεσσάρων
607 3173 705 3236 ὄντοιν
722 3182 786 3236 τῶν
805 3176 913 3236 ἀπλῶν
930 3171 1108 3262 χρωμάτων
1124 3175 1248 3254 λευκοῦ,
1268 3172 1412 3261 μέλανος,
1428 3168 1563 3260 ἐρυθροῦ,
1580 3173 1738 3260 λαμπροῦ,

185 3281 222 3344 τὸ
247 3280 345 3368 μέλαν
371 3279 463 3370 μόνον
489 3285 544 3344 ούκ
567 3282 658 3369 ἔσχεν
682 3279 788 3369 χώραν
820 3284 850 3344 ἐν
875 3281 1000 3356 ἐκείνοις
1032 3281 1190 3370 ἐμπυρίοις
1216 3273 1309 3357 οθσιν,
1334 3280 1413 3344 αὑτὸ
1442 3271 1493 3341 διά
1517 3277 1577 3350 τὴν
1602 3278 1675 3368 πρὸς
1700 3279 1737 3340 τὸ

130 3407 158 3444 2⁵
185 3389 293 3478 γήϊνον
311 3398 367 3454 τοῦ
383 3389 476 3479 πυρός
494 3381 576 3477 μίξιν
594 3387 814 3476 ὑφιστάμενον,
833 3378 976 3464 εὔδηλον,
993 3391 1066 3452 ἀλλ’
1084 3388 1155 3452 ἀντί
1171 3398 1227 3453 τοῦ
1245 3389 1378 3476 μέλανος
1395 3386 1432 3450 τὸ
1448 3379 1570 3465 ξανθόν,
1594 3383 1739 3475 συγγενὲς

184 3496 218 3564 δν
242 3508 307 3574 τοῖς
331 3499 429 3588 τρισὶν
454 3488 653 3563 ἀποδέδωκεν
678 3500 803 3574 ἐκείνοις
826 3503 845 3571 ἡ
871 3496 958 3587 φύσις
981 3507 1047 3572 τοῖς
1072 3519 1149 3561 συνα
1165 3497 1189 3580 ²)

184 3717 209 3782 f.
234 3717 287 3796 64,
309 3715 345 3780 in
368 3716 485 3782 lacuna
509 3717 527 3781 7
553 3735 654 3780 versa
679 3711 742 3802 γών
767 3714 869 3802 ὥσπερ
885 3762 891 3776 .
906 3762 932 3776 ..
958 3711 1054 3776 αύτύν
1087 3716 1171 3777 ἀναπ
1185 3765 1193 3780 .
1208 3762 1238 3778 ..
1263 3710 1405 3802 ἐσχάτην
1429 3703 1523 3774 ούσαν
1551 3707 1740 3780 ταύτην...
1759 3705 1760 3710 ’

184 3833 350 3912 πανταχοῦ
375 3813 496 3887 συνδεῖν
514 3820 694 3897 ἐθέλοντος.
709 3871 716 3885 .
731 3821 857 3894 ,ότητα
872 3819 932 3895 τήν
951 3812 1236 3911 διαπορθμευτικήν
1253 3825 1295 3897 εἰς
1311 3873 1318 3887 .
1335 3873 1341 3888 .
1357 3819 1462 3887 ,νικέν
1479 3817 1583 3909 λύγοις
1601 3807 1639 3890 δή
1659 3839 1739 3881 τισιν

187 3934 241 3998 καὶ
265 3924 366 4022 συμύο
381 3985 389 3999 .
405 3984 412 3999 .
426 3985 434 3999 .
446 3931 592 3996 λευταϊόν
617 3934 702 3996 ἐστιν
720 3921 800 4006 εἶδος
816 3931 981 4020 ἐνεργείας·
997 3930 1080 3993 ούτω
1097 3929 1152 4018 μὲν
1170 3923 1222 3994 ούν
1239 3927 1281 3992 τά
1301 3929 1439 4016 τέσσαρα
1454 3935 1558 3990 ταῦτα
1582 3923 1740 4014 χρώματα

132 4067 159 4104 ιο
189 4034 358 4130 διῄρηνται
381 4042 429 4106 ἀπ’
459 4040 618 4114 ἀλλήλων·
641 4041 765 4128 ἔχουσιν
791 4030 824 4104 δέ
841 4039 894 4102 καί
910 4043 939 4102 οί
954 4044 1028 4103 κατ’
1045 4041 1148 4102 αὐτῶν
1169 4031 1416 4127 συνεζευγμένοι,
1437 4033 1496 4106 τὴν
1521 4034 1740 4124 προσήκουσαν

190 4143 338 4232 σύζευξιν,
362 4155 402 4226 ὡς
426 4151 563 4239 εἴπομεν·
588 4154 604 4213 6
628 4151 715 4224 ήλιος
741 4149 796 4238 μὲν
821 4147 874 4212 καί
899 4153 918 4220 ή
945 4148 1062 4221 σελήνη
1082 4146 1141 4219 τήν
1159 4146 1277 4236 πατρὸς
1294 4145 1348 4209 καὶ
1372 4143 1491 4233 μητρός
1514 4143 1642 4232 ἔχοντες
1666 4139 1740 4230 πρός

187 4261 346 4336 ἀλλήλους
370 4251 526 4335 σύνταξιν·
552 4252 621 4338 ζεύς
639 4248 672 4323 δέ
690 4257 744 4322 καί
761 4248 914 4347 ἀφροδίτη
932 4255 993 4330 τὴν
1011 4265 1073 4320 τῶν
1089 4259 1316 4344 τελεσιουργῶν
1337 4254 1445 4317 αἰτίων
1471 4244 1512 4315 ὧν
1537 4255 1647 4314 ἐκεῖνοι
1670 4271 1740 4338 γεν-

186 4377 277 4432 νῶσιν
301 4367 356 4432 καί
378 4360 547 4444 ζωοποιῶν·
564 4367 669 4456 κρόνος
687 4358 720 4431 δέ
736 4366 789 4430 καί
805 4371 901 4457 έρμῆς
918 4364 977 4437 τήν
994 4375 1057 4430 τῶν
1078 4363 1134 4440 τάς
1151 4361 1280 4455 γνώσεις
1303 4354 1544 4452 προξενούντων,
1561 4365 1577 4422 6
1602 4355 1657 4444 μὲν
1680 4354 1740 4446 γάρ

186 4486 301 4565 νοερᾶς,
326 4480 342 4540 6
367 4468 401 4541 δέ
423 4480 554 4565 λογικῆς
577 4473 721 4565 γνώσεως
744 4476 892 4565 χορηγός·
915 4474 1000 4538 καὶὸ
1018 4473 1074 4562 μὲν
1092 4483 1154 4538 τῶν
1173 4466 1331 4552 ζωοποιῶν
1354 4481 1411 4545 τῆς
1437 4475 1623 4559 γεννητικῆς
1646 4458 1739 4544 ζωῆς,

133 4603 158 4640 ³⁵
187 4588 202 4648 6
228 4576 261 4648 δέ
284 4594 342 4658 τῆς
364 4587 607 4671 ἐπιστρεπτικῆς
632 4585 739 4658 αἴτιος·
764 4583 818 4647 καί
841 4587 857 4646 6
883 4583 937 4672 μὲν
962 4592 1024 4647 τῶν
1050 4573 1282 4671 δημιουργικῶν
1307 4589 1365 4655 τῆς
1389 4569 1600 4651 εἰδοποιίας,ύ
1625 4561 1659 4636 δέ
1682 4579 1741 4646 τῆς

189 4691 273 4756 κατά
297 4691 357 4762 τήν
381 4692 459 4763 ύλην
483 4691 639 4767 ποικιλίας
663 4689 864 4766 ὑποστάτης·
889 4693 920 4756 ἐν
945 4681 979 4755 δέ
1002 4690 1126 4766 τούτοις
1150 4688 1192 4756 τά
1216 4688 1322 4754 πάντα
1344 4695 1408 4752 τῶν
1434 4679 1580 4766 εἶναιτῷ
1604 4675 1672 4760 ζῆν,
1696 4687 1741 4762 τῷ

188 4799 385 4891 γιγνώσκειν,
402 4802 436 4864 ού
455 4799 548 4888 μόνον
566 4803 597 4864 ἐν
614 4809 679 4875 τοίς
696 4809 852 4890 γενητοῖς,
867 4796 951 4862 άλλοί
968 4798 1022 4861 καί
1034 4799 1064 4861 ἐν
1078 4807 1142 4871 τοίς
1158 4787 1277 4877 ἀϊδίοις,
1294 4805 1352 4869 τῆς
1370 4784 1403 4858 δὲ
1415 4790 1536 4856 τούτων
1553 4789 1742 4878 ἑτερότητος

188 4909 240 4972 καί
264 4899 439 4999 διαιρέσεως
465 4903 506 4984 είς
526 4910 634 4987 αἴτιος,
651 4907 838 4996 μιμούμενος
862 4905 923 4977 τὴν
948 4903 1056 4995 νοεράν
1081 4903 1191 4994 πηγὴν
1215 4913 1274 4978 τῆς
1298 4911 1361 4965 τῶν
1386 4900 1485 4963 ὄντων
1510 4901 1563 4962 ἀπ’
1589 4895 1741 4968 ἀλλήλων

187 5010 378 5108 διακρίσεοις,
402 5016 440 5090 ήν
464 5013 650 5098 ύπεζωκύτα
674 5021 781 5082 καλεῖν
798 5018 882 5082 ἐστιν
900 5013 967 5090 ἔθος
983 5024 1047 5090 τοῖς
1065 5017 1100 5078 ἐκ
1116 5023 1174 5088 τῆς
1193 5003 1350 5100 βαρύάρου
1372 5006 1543 5096 θεοσοφίας,
1568 5003 1742 5094 ἑτερότητα
1805 5020 1809 5028 ’

229 5271 250 5330 ¹)
270 5266 330 5323 Vix
342 5283 407 5337 ego,
421 5265 506 5325 salvo
520 5267 693 5340 sphalmata,
707 5283 766 5323 ιιοιι
785 5271 937 5339 exspecta·
1026 5264 1049 5334 ²)
1067 5259 1165 5318 Series
1188 5259 1293 5331 quinto
1318 5257 1494 5330 interrupta,
1520 5259 1556 5311 ιιι
1579 5257 1742 5323 retexatur,

190 5357 285 5416 verim
305 5361 348 5410 τοῦ
367 5357 445 5409 ἔστιν·
993 5350 1149 5410 referenda
1168 5357 1216 5408 est
1234 5349 1273 5406 ad
1290 5348 1341 5405 fol.
1360 5349 1404 5403 64.
