3978 6070
451 551 541 642 Quid
559 553 707 642 ἰαφσαάα
725 552 805 640 vita,
826 552 910 643 quid
927 551 1087 642 ridicula,
1108 555 1192 646 φαίιί
1208 555 1407 646 stupenda?
1647 561 1699 619 117

155 733 171 792 ό
197 718 385 816 δημιουργός
409 724 557 816 ἐγγράφει
574 723 597 810 ¹)
621 736 690 800 ταῖς
714 721 844 816 ψυχαῖς,
869 725 1007 790 καὶτῶν
1036 732 1076 802 εἰς
1103 736 1207 792 πᾶσαν
1231 725 1291 798 τὴν
1314 737 1370 792 τοῦ
1394 727 1513 816 κόσμου
1537 729 1699 794 πολιτείαν

156 827 385 916 διατεινόντων,
408 835 587 922 ἠκούσαμεν
611 833 765 910 πολλάκις
786 844 848 898 τῶν
872 859 908 899 τε
926 833 1081 925 θεολόγων
1098 837 1193 900 αὐτόν
1210 827 1434 924 ἐξυμνούντων,
1459 835 1513 901 καί
1535 847 1591 902 τοῦ
1614 842 1700 902 Πλα-

155 969 251 1020 τωνος
268 945 298 1008 έν
315 967 352 1008 τε
369 946 483 1034 Γοργίᾳ
498 944 550 1008 καί
567 947 597 1008 ἐν
614 944 734 1032 Νόμοις.
751 943 808 1008 Διά
825 953 936 1008 τοῦτον
955 934 992 1014 δὴ
1012 937 1064 1007 ούν
1081 943 1136 1007 τόν
1160 941 1227 1007 θεόν
1251 934 1313 1016 ἤδη
1341 942 1524 1034 θαρροῦντες
1547 945 1700 1036 λέγωμεν,

156 1053 209 1118 καί
225 1051 284 1124 τὴν
302 1063 364 1117 τῶν
381 1051 457 1118 ἐθῶν
474 1063 639 1142 πανταχοῦ
657 1045 786 1141 δύναμιν
804 1057 989 1137 ὑποστῆναι,
1004 1051 1148 1145 μεγάλην
1167 1053 1281 1142 Μοίραν
1299 1055 1330 1117 ἐν
1343 1062 1389 1136 τῷ
1405 1053 1513 1143 κόσμῳ
1529 1058 1700 1143 λαχοῦσαν,

156 1163 209 1227 καί
225 1160 331 1226 πολλά
347 1160 485 1253 γίνεσθαι
501 1161 586 1227 κατά
602 1161 723 1234 ταύτην
740 1161 794 1226 καί
810 1168 841 1229 ἐν
858 1174 927 1239 ταῖς
944 1162 1109 1252 ἡμετέραις
1127 1157 1250 1250 ψυχαῖς·
1268 1159 1321 1225 καί
1338 1162 1439 1252 ὥσπερ
1458 1167 1486 1226 οἰ
1502 1161 1557 1251 μὲν
1575 1161 1701 1239 ἀληθεῖς

156 1271 245 1360 νόμοι
268 1281 332 1336 τῶν
356 1281 514 1360 κοσμικῶν
539 1276 597 1336 εἰσι
621 1271 723 1360 νόμων
747 1272 871 1353 εἰκόνες,
888 1276 916 1336 οἰ
940 1261 974 1336 δέ
997 1270 1217 1360 ῆμαρτημένοι
1238 1269 1327 1358 νόμοι
1350 1269 1416 1358 μέν,
1441 1269 1512 1334 ἀλλ’
1537 1274 1704 1360 ἐσκιαγρα-

157 1378 288 1469 φημένοι
311 1378 391 1454 τινὲς
415 1377 522 1461 ὄντες,
547 1376 743 1454 ἀποπτῶσεις
767 1381 891 1445 ἐκείνων
916 1379 1118 1469 ὑπάρχουσιν,
1143 1380 1224 1443 οὕτω
1248 1379 1302 1444 καί
1326 1379 1392 1462 ἔθη,
1417 1378 1459 1444 τά
1484 1379 1538 1468 μέν
1563 1384 1647 1444 ἐστιν
1671 1383 1702 1444 ἐν

156 1497 224 1562 ταῖς
248 1487 416 1576 ἡμετέραις
440 1479 532 1564 ζωαῒς
557 1485 683 1551 ἐοικότα
706 1497 770 1561 τοῖς
795 1497 857 1551 τῶν
882 1487 1044 1565 ὅλων,τά
1068 1479 1102 1552 δὲ
1132 1477 1248 1552 εἴδωλα
1279 1489 1400 1553 ἐκείνων
1429 1487 1507 1553 όντα
1531 1486 1702 1579 τυγχάνει·

156 1594 269 1685 κράτος
287 1591 321 1660 δέ
337 1597 418 1685 ὅμως
436 1597 501 1686 ἔχει
517 1595 570 1660 καί
586 1605 689 1660 ταῦτα
707 1594 952 1684 μεταλλάττειν,
968 1595 1025 1673 τάς
1049 1620 1086 1661 τε
1109 1589 1215 1674 λήξεις
1235 1602 1336 1684 ημῶν,
1354 1597 1407 1660 καί
1423 1594 1480 1673 τάς
1497 1599 1527 1662 ἐν
1543 1605 1589 1679 τῷ
1605 1595 1703 1660 παντί

158 1702 252 1792 τιμάς
276 1703 330 1768 καί
354 1705 491 1794 ἀτιμίας·
518 1702 602 1768 ἀλλά
625 1703 747 1770 τούτων
773 1702 827 1792 μέν
853 1696 942 1778 ἅδην.
966 1743 1009 1754 -
1034 1703 1277 1781 Ἐπανελθόντες
1301 1697 1334 1770 δέ
1366 1709 1407 1780 εἰς
1438 1703 1480 1769 τά
1502 1706 1702 1795 προκείμενα,

156 1811 299 1902 λέγωμεν
324 1812 374 1876 ὅτι
389 1820 482 1901 τριῶν
507 1801 660 1902 διαφόρων
686 1802 773 1876 εἰδῶν
790 1812 864 1901 πρός
882 1811 1009 1884 ἄλληλα
1027 1809 1193 1902 ῥηθέντων,
1210 1811 1247 1876 τό
1265 1810 1321 1901 μὲν
1338 1811 1469 1878 ἐλεεινόν
1491 1814 1586 1898 ἐστιν,
1610 1817 1642 1879 ἐν
1659 1809 1703 1892 οἷς

157 1927 198 1998 εἰς
221 1921 322 2012 ἄλογα
347 1920 402 2011 μὲν
427 1916 492 2006 ζῷα
516 1917 616 2012 ψυχάς
639 1912 838 2011 εἰσδυομένας

157 2141 181 2206 f.
200 2142 274 2206 169.
290 2138 392 2206 Nulla
408 2141 482 2206 inde
499 2139 616 2206 lacuna
632 2143 690 2205 οιιί
704 2138 809 2204 rarior
824 2161 928 2224 usque
948 2139 988 2204 ad
1005 2137 1028 2203 f.
1048 2139 1127 2204 196:
1148 2126 1359 2226 παραδίδωσιν
1372 2135 1399 2220 2)
1417 2137 1499 2201 ἀλλά
1517 2137 1703 2236 ἀστειότερα

158 2259 220 2313 τῶν
242 2247 356 2322 ἀλλων,
374 2247 427 2311 καί
443 2258 547 2312 ταῦτα
564 2237 714 2322 δοκούσας
730 2244 864 2335 ῆρωῖκάς
883 2240 960 2310 εἶναι
973 2243 1009 2329 8)·
1026 2237 1078 2310 διά
1094 2255 1188 2309 τοῦτο
1206 2243 1265 2336 γάρ
1284 2247 1414 2311 ἐλεεινόν
1432 2249 1533 2312 αὐτῶν
1551 2248 1701 2325 τὸπάθος

158 2347 261 2434 ἔδοξεν
278 2349 364 2420 εἶναι·
381 2355 532 2428 τοιαύτην
550 2355 731 2420 ἀπόπτωσιν
748 2357 831 2443 ἐχειν
849 2345 900 2418 διά
916 2353 1014 2430 πάθος
1030 2354 1226 2430 τηλικαύτας
1243 2352 1353 2444 ψυχάς.
1372 2357 1415 2420 Τὸ
1433 2347 1467 2422 δέ
1481 2357 1507 2442 ⁴)
1523 2359 1656 2447 γέλοιον,
1673 2360 1704 2424 ἐν

159 2461 201 2540 οἷς
226 2462 343 2555 ἀσχράς
360 2468 400 2540 εἰς
417 2465 510 2553 όμοια
526 2458 591 2547 ζῷα
605 2462 779 2539 πιπτούσας
798 2469 914 2553 ἱστορεῖ
927 2465 972 2550 (τί
988 2461 1048 2556 γάρ
1068 2463 1147 2527 ἀλλύ
1165 2465 1202 2528 τ“ο
1220 2464 1342 2553 γέλοιόν
1360 2467 1454 2542 ἐστιν,
1479 2463 1498 2538 ἢ
1524 2466 1562 2531 τό
1579 2465 1705 2556 αἰσχρόν

159 2572 229 2662 μετ’
253 2571 410 2648 ἀσθενείας
420 2576 440 2657 ;)
459 2564 498 2636 δι’
516 2563 690 2660 ἀδυναμίαν
708 2566 760 2637 ούν
777 2564 858 2650 ζωῆς
876 2572 929 2636 καί
944 2573 1101 2636 εύτελείαν
1118 2576 1159 2648 είς
1176 2572 1260 2637 ἄλλα
1279 2566 1345 2650 ζῶα
1368 2583 1501 2638 τοιαῦτα
1525 2577 1705 2664 φερομένας,

158 2682 285 2756 εἰκότως
301 2684 458 2746 ἀποκαλεῖ
472 2683 604 2773 γελοίας.
624 2683 667 2746 Τό
685 2671 718 2746 δέ
735 2679 905 2769 θαυμάσιον
923 2684 953 2745 ἐν
971 2675 1013 2756 οἷς
1031 2684 1093 2770 ἐρεῖ
1105 2679 1193 2756 τινάς
1209 2677 1309 2770 ψυχάς
1327 2686 1535 2757 ἐπιστατικῶς
1553 2682 1705 2773 αἱρεῖσθαι

158 2788 230 2864 τοὺς
249 2791 342 2874 βίους,
359 2794 414 2854 ούκ
427 2780 627 2866 ἐπιπηδώσας
641 2789 762 2880 ἀλόγως
776 2800 840 2863 τοῖς
857 2793 908 2853 ὑπ’
925 2786 1107 2879 ὀφθαλμοῖς·
1125 2779 1172 2854 διὸ
1189 2789 1243 2853 καί
1260 2783 1473 2876 μεταόάλλειν
1487 2790 1543 2867 τάς
1557 2791 1705 2868 τοιαύτας

159 2898 220 2962 ἀπό
243 2898 389 2989 χειρόνων
414 2907 506 2963 τινῶν
533 2901 606 2982 βίων
631 2903 672 2973 εἰς
697 2899 878 2986 ἀμείνονας,
903 2895 922 2969 ἰί
955 2890 987 2974 ἐξ
1011 2896 1208 2988 ἀνθρωπίνων
1233 2903 1273 2974 εἰς
1303 2897 1526 2988 ἀνθρωπίνους,
1550 2899 1569 2974 ἢ
1596 2901 1649 2964 καί
1673 2892 1705 2978 ἐξ

159 3005 282 3096 ἀλόγων
307 3011 348 3080 εἰς
372 3004 487 3096 λογικά
504 2998 569 3089 ζῷα
586 3004 824 3096 μεθισταμένας.
843 3010 878 3069 Εἰ
895 2995 928 3071 δὲ
945 3005 1049 3090 βούλει
1066 3008 1119 3070 καί
1136 3007 1233 3072 ἀλλον
1250 3005 1375 3096 τρόπον·
1392 3006 1430 3070 τύ
1453 3007 1507 3095 μέν
1533 3005 1705 3096 θαυμάσιον

158 3124 216 3190 τῆς
241 3115 370 3203 ἀρίστης
395 3117 463 3178 ἐστι
478 3106 570 3196 ζωῆς,
588 3113 641 3177 καί
656 3104 914 3202 εἰςεύδαιμονίαν
931 3114 1096 3204 ἀγομένης·
1120 3115 1157 3178 τὸ
1175 3105 1209 3179 δέ
1225 3115 1367 3192 ἐλεεινόν,
1383 3125 1442 3190 τῆς
1465 3117 1607 3191 ἐναντίας
1631 3117 1707 3207 πρὸς

159 3221 293 3307 ταύτην,
316 3222 442 3286 καὶτοῦ
460 3222 572 3286 οἰκείου
589 3221 698 3298 τέλους
715 3226 854 3288 ἐκπεσεῖν
872 3212 1116 3299 κινδυνευούσης·
1134 3223 1171 3286 τό
1197 3213 1231 3286 δέ
1246 3225 1380 3313 γελοῖον,
1405 3232 1464 3298 τῆς
1489 3223 1571 3313 μήτε
1589 3221 1706 3315 ἀγαθὸν

162 3332 244 3420 μέγα
262 3330 343 3419 μήτε
359 3331 456 3397 κακόν
474 3329 617 3420 ἐχούσης,
634 3335 763 3421 αἰσχρᾶς
779 3331 834 3420 μὲν
851 3332 954 3406 ούοης,
972 3331 1024 3395 καί
1037 3322 1089 3396 διά
1102 3341 1196 3396 τοῦτο
1214 3322 1356 3420 ούδαμῶς
1373 3321 1601 3419 εὐδαιμονικῆς,
1616 3329 1707 3396 ἀσθε-

160 3442 227 3524 νείᾳ
244 3431 277 3505 δέ
294 3440 456 3526 συνούσης,
472 3439 526 3503 καί
542 3441 577 3503 ού
595 3430 646 3504 διά
657 3437 684 3518 ⁸)
700 3449 794 3504 τοῦτο
812 3441 845 3504 ού
862 3444 1022 3516 παντελῶς
1038 3431 1284 3523 κακοδαιμόνιαν
1301 3439 1496 3516 ἀπειλούσης.
1512 3439 1572 3505 Καὶ
1588 3439 1706 3530 γάρτῷ

161 3548 228 3614 όντι
239 3557 299 3625 πᾶς
313 3547 367 3637 μέν
381 3547 539 3637 θαύματος
553 3541 637 3626 ἄξιος
655 3549 720 3634 βίος
737 3553 778 3624 εἰς
791 3539 987 3636 εὐδαιμονίαν
1005 3548 1113 3638 φέρων·
1129 3546 1190 3624 πάς
1207 3539 1241 3613 δέ
1257 3547 1386 3624 ἐλεεινὸς
1403 3552 1444 3624 εἰς
1462 3538 1706 3637 κακοδαιμονίαν

160 3655 258 3722 ὠθῶν·
282 3661 298 3720 ὁ
323 3647 356 3722 δέ
379 3662 410 3722 ἐν
435 3657 519 3746 μέσῳ
542 3656 673 3735 τούτων,
698 3657 826 3733 εὐτελής
850 3655 949 3721 τεῶν
974 3655 1027 3721 καί
1044 3657 1180 3746 αἰσχρός,
1198 3659 1317 3746 γελοῖος
1338 3655 1374 3720 ἀν
1400 3656 1527 3732 εἰκότως
1550 3655 1705 3746 ἐπονομά-

160 3759 257 3845 ζοιτο,
275 3757 327 3832 διά
343 3765 404 3838 τὴν
421 3765 604 3856 ἀμφοτέρων
622 3764 742 3831 τούτων
759 3766 955 3855 συμπλοκήν.
972 3765 1062 3830 Ἀλλ’
1080 3756 1186 3839 ἐπειδὴ
1206 3763 1260 3829 καί
1278 3769 1319 3840 εἰς
1337 3764 1439 3855 ἄλογα
1455 3757 1520 3844 ζῶα
1540 3763 1706 3854 μεθίστησι

160 3873 216 3951 τάς
240 3872 341 3965 ψυχάς
365 3877 381 3938 ό
406 3872 510 3964 μῦθος,
526 3883 588 3939 τῶν
606 3865 640 3940 δέ
656 3877 798 3939 παλαιῶν
816 3878 844 3939 οί
860 3871 915 3961 μέν
931 3871 1015 3938 κατά
1032 3871 1091 3946 τὴν
1108 3874 1286 3962 ὁμοιότητα
1305 3883 1363 3949 τῆς
1388 3872 1580 3965 ἀνθρωπίνης
1605 3869 1706 3964 ψυχῆς

159 3984 233 4074 πρός
256 3986 312 4049 τὀν
337 3983 452 4074 ἄλογον

160 4202 183 4267 f.
203 4202 266 4268 169
283 4221 333 4266 v.:
355 4191 557 4284 [ἀπεδέξαντο
573 4198 633 4272 τὴν
652 4191 856 4288 μεταύολὴν,]
876 4203 910 4264 ού
927 4198 1074 4287 σομάτων
1097 4197 1253 4290 [λέγοντες
1270 4189 1440 4282 ἐνδύσεινθ)
1456 4198 1582 4289 ἀλόγοις
1604 4193 1703 4283 ζώοις]

160 4307 393 4399 προσηκόντων,
416 4306 510 4393 [ἀλλά
526 4301 608 4388 ζωῆς
624 4309 826 4398 προψχείρισιν
845 4309 970 4382 ἐκείνοις
987 4308 1113 4400 όγκείαν
1131 4308 1163 4392 7)·
1190 4301 1268 4372 εἶναι
1291 4305 1351 4399 γάρ
1376 4307 1429 4370 καί
1446 4311 1476 4371 ἐν
1500 4311 1576 4395 ἡμῖν
1600 4305 1706 4370 πάντα

160 4415 218 4480 ὅσα
241 4416 294 4479 καί
317 4420 348 4480 ἐν
372 4417 507 4496 ἐκείνοις,
532 4408 665 4500 καὶζῆν
690 4421 772 4503 ἡμᾶς
796 4414 875 4479 ποτὲ
900 4412 955 4504 μὲν
980 4412 1048 4478 καθ’
1074 4413 1090 4478 ό
1113 4424 1317 4503 κοινωνοῦμεν
1341 4425 1406 4490 τοῖς
1431 4413 1557 4504 ἀλόγοις
1587 4417 1708 4504 ἀλογω-

161 4522 279 4600 θέντας·
306 4531 333 4589 οἰ
358 4516 390 4590 δὲ
414 4523 473 4614 γάρ
498 4527 553 4589 ούκ
577 4527 729 4614 ἀπέχουσι
753 4534 851 4589 κυνῶν
876 4523 999 4616 ἀλόγων
1023 4523 1103 4588 πολύ
1128 4524 1239 4614 μέτρον
1264 4530 1292 4588 οἰ
1314 4517 1427 4601 ζῶντες
1450 4523 1588 4613 πονηράν
1613 4517 1706 4605 ζωὴν,

162 4632 237 4720 φησί
260 4634 297 4698 τό
314 4634 431 4723 λόγιον·
447 4631 526 4697 ποτέ
543 4623 576 4698 δέ
593 4632 670 4698 καθύ
687 4623 899 4722 διεστήκαμεν
917 4635 1051 4716 ἐκείνων,
1069 4631 1084 4698 δ
1101 4632 1161 4723 γάρ
1179 4631 1215 4698 ἀν
1232 4626 1345 4722 ζῶμεν,
1363 4643 1457 4698 τοῦτο
1474 4632 1575 4719 ἐσμέν·
1601 4637 1627 4696 εἰ
1651 4631 1706 4720 μέν

161 4740 367 4832 κατὰλόγον,
385 4739 552 4832 ἄνθρωπος·
569 4745 595 4806 εἰ
612 4732 645 4807 δέ
661 4741 732 4806 κατ’
751 4741 892 4833 ἀλόγιαν,
911 4741 1024 4832 θηρίον·
1043 4781 1082 4790 -
1100 4747 1128 4806 οἰ
1145 4732 1178 4806 δέ
1194 4743 1248 4806 καί
1264 4733 1383 4832 σφόδρα
1405 4752 1475 4817 ταῖς
1499 4746 1540 4816 εἰς
1565 4739 1606 4804 τά
1623 4740 1707 4805 ἄλλα

160 4847 267 4915 πάντα
282 4842 347 4927 ζῶα
363 4859 426 4915 τῶν
442 4849 594 4940 ῆμετέρον
611 4845 718 4939 ψυχῶν
735 4849 965 4942 μεταστάσεσιν
977 4841 1162 4939 ἐπέδραμον,
1176 4849 1369 4941 οἰπνεύματι
1385 4848 1444 4923 τὴν
1461 4845 1563 4938 ψυχὴν
1577 4849 1707 4914 ἐοικέναι

198 5048 219 5114 ¹)
239 5044 277 5103 Η.
297 5048 457 5120 ἐγγράφεται.
995 5048 1018 5117 ⁴)
1037 5046 1076 5102 M.
1097 5063 1153 5103 om.
1173 5049 1207 5098 δέ.

198 5135 222 5208 ²)
234 5135 302 5190 Huc
314 5133 476 5191 revertitur
488 5133 712 5206 elegantissima
721 5135 825 5191 Αἰίεἰίἰ
838 5135 908 5192 sori·
997 5137 1019 5210 ⁵)
1039 5137 1078 5192 M.
1091 5136 1111 5192 f.
1125 5136 1200 5193 bene
1219 5142 1287 5192 ειιίε
1307 5140 1348 5189 διὰ
1367 5153 1423 5192 om.
1444 5136 1469 5189 οῦ
1488 5136 1569 5209 quod
1586 5135 1707 5194 videtur

161 5230 260 5299 ptura,
273 5224 431 5281 Ηοίεἰοιιίο
445 5223 633 5281 succedentis
646 5224 737 5282 tacite
749 5244 767 5281 ιι
778 5225 799 5281 f.
815 5226 875 5282 105.
961 5225 1122 5282 abundare.

201 5315 225 5388 3)
245 5315 284 5370 Μ.
305 5332 361 5372 om.
381 5332 417 5372 ει
429 5331 506 5386 quae
519 5312 697 5388 interjacent
714 5316 752 5373 ab
770 5333 830 5372 uno
850 5315 911 5370 εἶναι
998 5316 1020 5388 ⁶)
1039 5315 1078 5370 M.
1098 5317 1197 5368 ἔνδυσιν.

165 5404 203 5460 ad
222 5404 358 5461 alterum.
997 5407 1021 5480 ⁷)
1040 5406 1079 5461 M.
1099 5409 1198 5461 οἰκείαν.
