4008 6068
679 515 1231 610 Ecconsmcntariotnpsolmos.
1693 525 1727 582 ιν

179 695 300 788 ιθσάγει
316 692 376 786 γάρ
394 698 410 758 ὁ
428 682 524 758 osolt
541 691 677 758 ἐνταῦθα
693 689 764 768 τοὺς
781 683 814 769 ἐξ
835 688 928 757 ἐθνῶν
983 712 1045 776 que
1067 689 1170 757 David
1193 689 1367 756 introducit
1391 693 1479 756 ortos
1504 712 1541 754 ex
1564 690 1725 776 gentihus,

178 802 407 878 πιστεύσαντας
420 806 462 878 εἰς
475 801 618 892 Χριστὸν,
632 797 853 874 καταθεῶντας
866 806 928 862 τῶν
983 799 1083 884 quiin
1096 798 1261 864 Christum
1276 798 1486 880 crediderunt,
1498 799 1553 884 qui
1570 799 1728 866 invehun-

179 919 280 1000 σοφῶν
297 918 352 974 τοῦ
370 913 479 984 αἰῶνος
495 906 623 990 τούτου,
640 904 804 983 αἰτοῦντάς
820 927 856 970 τε
872 914 930 980 τῆς
984 911 1038 974 tur
1060 907 1094 972 in
1110 907 1269 992 sapientes
1284 905 1380 991 hujus
1396 906 1513 973 saeculi
1529 916 1563 973 et
1584 907 1624 973 ds
1646 909 1731 993 pris·

177 1018 328 1109 προτέρας
352 1009 492 1092 ἀσεθείας
518 1015 636 1106 άφεσιν.
662 1015 741 1080 ’Ἔτι
771 1039 809 1079 τε
833 1012 929 1103 εὐχὴν
985 1016 1053 1081 tina
1081 1015 1249 1099 impietate
1278 1015 1403 1081 reniam
1430 1015 1654 1100 deprecantur.
1677 1015 1729 1083 Ad

178 1124 358 1214 ἀναπέμπει
386 1127 438 1188 ὑπ’
465 1125 580 1205 αὐτῶν,
609 1123 707 1187 ὄντων
740 1120 795 1210 μέν
828 1111 934 1185 ποίλαιΙ
984 1121 1063 1188 haec
1074 1121 1194 1186 emittit
1206 1142 1315 1205 preces
1326 1142 1385 1207 pro
1401 1121 1451 1188 his
1467 1123 1522 1207 qui
1537 1122 1729 1190 infructuosi

180 1233 339 1324 ἀκάρπων,
352 1231 526 1322 γενομένων
544 1221 578 1295 it
595 1229 729 1319 εὐφόρων
747 1217 798 1293 θεά
815 1235 873 1302 τῆς
889 1231 930 1301 εἰς
985 1230 1072 1311 olim,
1081 1229 1149 1314 jam
1172 1250 1231 1315 per
1253 1228 1350 1295 fidem
1372 1231 1405 1296 in
1429 1229 1556 1297 Christo
1579 1230 1731 1318 frugiferi

180 1337 312 1427 Χριστὸν
335 1339 486 1412 πίστεως·
511 1339 634 1427 εἴρηται
657 1328 691 1402 δὲ
714 1335 866 1425 πρότερον
890 1339 930 1408 ὡς
985 1337 1063 1404 facti
1089 1340 1175 1402 sunt.
1206 1335 1359 1422 Superius
1389 1341 1499 1404 antem
1529 1338 1651 1406 dictum
1681 1343 1731 1405 est

177 1438 290 1536 πρᾶξιν
314 1444 370 1534 μέν
393 1449 410 1508 ὁ
434 1441 572 1534 ψαλμθς,
597 1443 726 1535 θεωρίαν
758 1435 794 1510 δὲ
817 1447 837 1517 ἡ
863 1433 929 1525 didit
986 1445 1071 1530 quod
1086 1443 1228 1529 psalmus
1244 1444 1284 1511 ad
1299 1448 1417 1526 aetum,
1434 1445 1493 1511 ode
1508 1467 1584 1512 vero
1599 1447 1640 1512 ad
1656 1469 1731 1514 eon·

178 1546 281 1628 δηλοῖ.
299 1554 404 1621 Ὅταν
422 1548 474 1619 οὖν
492 1545 527 1619 δι’
549 1554 733 1644 ἀμφοτέρων
751 1550 771 1642 ᾖ
788 1555 828 1620 τὸ
852 1557 933 1644 σίγα-
986 1553 1228 1639 temptationem
1251 1557 1385 1639 spectat.
1409 1553 1543 1631 Quando
1562 1561 1669 1624 autem
1693 1580 1730 1624 ex

180 1660 233 1727 θθν
257 1660 515 1754 κατορθούμενον,
532 1672 591 1738 τῆς
611 1660 723 1738 ἠθικῆς
749 1663 932 1752 φιλοσοφίας
986 1663 1123 1745 utroque
1134 1660 1228 1727 modo
1242 1659 1360 1726 bonnm
1373 1659 1553 1746 perfectum
1568 1669 1627 1746 est,
1639 1686 1732 1750 prac-

177 1770 254 1861 πρθς
277 1770 337 1844 τὴν
361 1767 558 1860 θεωρητικὴν
582 1760 829 1859 συνδραμούσης,
854 1764 934 1856 ψαλ-
987 1767 1052 1834 tica
1066 1767 1269 1854 philosophia
1289 1775 1498 1838 concurrente
1514 1793 1586 1840 cum
1602 1775 1732 1842 theore-

180 1881 237 1971 μθς
261 1871 344 1964 ᾠθῆς
368 1880 498 1970 γίνεται·
522 1880 538 1940 ὁ
564 1875 755 1967 θεωρητικὸς
781 1875 841 1969 γάρ
866 1877 934 1965 ἅμα
988 1875 1062 1957 tica,
1085 1875 1227 1960 psalmus
1251 1876 1330 1943 odae
1349 1878 1465 1944 evadit.
1488 1878 1625 1948 'theoria
1648 1882 1733 1950 enim

179 1996 227 2072 τῷ
242 1993 407 2076 πρακτικῷ
424 1981 669 2075 κατορθούμενος
689 1985 746 2069 βίῳ
763 1975 861 2074 άνθροι
887 1984 936 2050 τέ-
988 1981 1015 2046 si
1030 2003 1103 2049 cum
1116 1983 1240 2050 actione
1255 1983 1289 2050 in
1304 1985 1372 2050 vita
1382 1989 1468 2053 recte
1483 1986 1644 2074 dirigitur,
1660 2011 1732 2074 per·

179 2101 266 2162 λειον
290 2083 501 2160 ἀποδείκνυσι.
989 2090 1110 2158 fectum
1132 2090 1294 2158 hominem
1317 2092 1406 2160 facit.

567 2441 599 2487 r.
622 2420 654 2486 5.
678 2413 834 2507 Μακάριος
858 2412 891 2480 ts
915 2406 1046 2493 ἐξελέξω
1070 2413 1125 2480 καθ
1146 2406 1354 2505 προσελάθου.
1452 2485 1455 2492 ,

620 2526 746 2595 Beatus
768 2546 859 2610 pacm
882 2524 1007 2610 clepisti
1028 2525 1298 2606 assumpsisti.

230 2739 359 2830 Ἑτέρως
383 2730 429 2825 dt,
445 2715 500 2804 τθν
518 2736 726 2804 τιλειωθέντα
741 2740 772 2804 έν
797 2739 934 2827 ἀρεταῖς,
1032 2737 1149 2821 Aliter,
1165 2739 1220 2824 qui
1236 2739 1398 2825 perfectus
1413 2738 1476 2806 fnit
1490 2740 1524 2807 iu
1547 2741 1732 2822 virtutibus,

183 2860 298 2917 τοῦτον
322 2848 375 2914 καθ
398 2852 414 2912 ὁ
436 2846 602 2939 προφθτος
625 2840 800 2937 μακαρίζει.
825 2845 936 2911 Ἐκλέ-
989 2843 1239 2932 eumiprophets
1254 2852 1348 2914 vocat
1362 2848 1504 2914 beatum.
1523 2847 1626 2934 Eligit
1649 2850 1734 2916 enim

183 2981 276 3049 γεται
297 2955 352 3045 μὲν
368 2954 428 3048 γάρ
445 2954 499 3020 τὸν
517 2947 722 3044 ἀγωνίζεσθαι
736 2952 792 3018 καθ
807 2944 935 3043 δραμεῖν
989 2955 1076 3022 Deus
1091 2977 1163 3022 oum
1187 2955 1243 3040 qui
1258 2955 1299 3022 sd
1314 2956 1540 3024 decertandum
1558 2960 1590 3023 st
1605 2979 1735 3024 curren-

184 3054 371 3139 ἐπιτήδειος.
384 3062 446 3127 ’θ’θν
460 3051 568 3136 tetis
584 3061 771 3135 νενικηκότα
784 3060 935 3144 καθκαλῷ
989 3061 1065 3128 dum
1088 3061 1122 3128 in
1137 3061 1240 3128 stadio
1254 3061 1386 3130 idoneus
1410 3067 1476 3142 est;
1498 3085 1570 3130 eum
1587 3085 1662 3130 vero
1677 3063 1733 3149 qui

184 3172 271 3237 τέλει
293 3168 352 3242 τὴν
377 3163 460 3249 ζωὴν
477 3171 717 3256 περικλείσαντα
741 3173 783 3244 εἰς
807 3168 935 3258 οὐρανθν
986 3170 1055 3255 jam
1070 3169 1147 3236 vicit
1166 3175 1200 3236 et
1213 3170 1297 3236 bono
1311 3170 1374 3238 fine
1389 3170 1488 3238 vitam
1505 3171 1669 3251 conclusit,
1685 3193 1736 3238 re-

184 3270 477 3371 spootnphotssrur.
501 3273 604 3341 ’Ἔνθα
628 3277 682 3342 καθ
706 3275 825 3350 σκηνὴν
851 3280 935 3359 αὐτῷ
991 3277 1069 3362 cipit
1091 3277 1125 3342 in
1147 3277 1281 3344 coelum.
1298 3273 1357 3342 Oui
1372 3276 1405 3342 in
1421 3277 1652 3343 haereditatem
1668 3276 1735 3344 illie

186 3397 256 3462 ταῖς
280 3375 371 3461 θλίαις
396 3388 504 3461 αὐλαῖς
528 3387 714 3474 άποκληροῖ,
738 3384 807 3474 περὶ
831 3377 873 3448 ὧν
898 3384 939 3449 εἴ·
990 3383 1132 3468 disponit
1153 3382 1396 3450 tubernaculum
1422 3383 1455 3450 in
1483 3385 1614 3469 proprio
1645 3384 1736 3468 pula-

189 3518 293 3585 ρηται·
311 3493 433 3558 Πολλαθ
445 3493 538 3582 μοναὶ
554 3491 638 3584 παρά
655 3501 700 3575 τῷ
717 3491 818 3582 Πατρθ
829 3491 863 3575 ¹),
880 3493 939 3556 ὥσ·
991 3490 1047 3572 tio,
1063 3491 1102 3557 ds
1117 3513 1181 3576 quo
1196 3492 1317 3558 dictum
1341 3501 1406 3560 est:
1431 3493 1581 3560 “Multae
1597 3494 1736 3560 mansio-

187 3627 224 3669 τε
249 3601 443 3692 τελειότερον
468 3611 524 3666 τοῦ
549 3604 716 3692 ἑκλιγῆναι
735 3601 773 3665 τὸ
796 3603 938 3691 προληφ-
991 3621 1046 3664 nes
1061 3599 1147 3682 apud
1162 3598 1292 3665 Patrem
1307 3649 1333 3681 „
1356 3601 1404 3667 its
1425 3623 1501 3666 sane
1523 3604 1561 3666 ut
1587 3599 1736 3668 electioni

188 3709 280 3785 θῆναι
303 3706 390 3798 παρά
405 3717 461 3773 τοῦ
477 3701 694 3797 ὲκλεξαμένου.
714 3708 819 3774 ’Όταν
843 3703 936 3797 γάρὸ
991 3705 1215 3788 praestabilius
1231 3705 1274 3771 sit
1295 3707 1394 3792 recipi
1418 3706 1459 3774 ah
1481 3706 1639 3792 eligent03
1664 3728 1737 3774 cnm

188 3816 324 3907 ἰκλεγεθς
348 3815 455 3882 πάντα
486 3813 572 3881 κατά
602 3815 751 3900 βούλησιν
778 3825 834 3880 τοῦ
857 3819 937 3880 Θεοῦ
992 3812 1076 3878 enim
1091 3811 1211 3881 clectus
1233 3812 1346 3880 fecerit
1361 3813 1402 3880 sd
1417 3813 1523 3880 omnis
1539 3813 1736 3880 voluntatem

188 3917 303 4014 πράξῃ,
316 3923 394 3988 τότε
411 3921 493 4012 μετά
509 3913 602 4001 θθξης
620 3927 662 3997 εἰς
674 3921 732 3999 τάς
748 3923 938 4014 ἐπαγγελίας
991 3919 1062 4002 Dei,
1086 3923 1163 3988 tunc
1178 3943 1251 3987 cum
1275 3921 1380 4006 gloria
1403 3921 1585 3988 admittitur
1607 3921 1640 3987 in
1664 3943 1737 4007 pro·

188 4023 479 4123 προσλαμθάνεται,
503 4028 558 4093 καθ
575 4028 781 4118 μετοικισθεθς
797 4038 852 4094 τοῦ
868 4028 939 4116 περθ
992 4028 1166 4110 missiones,
1186 4033 1219 4096 et
1234 4029 1408 4096 translatus
1432 4052 1471 4096 ex
1493 4035 1620 4096 terrem
1636 4030 1738 4097 domi·

190 4149 250 4228 γῆν
266 4137 377 4216 τόπου,
393 4142 459 4204 ἐκεῖ
473 4147 672 4211 κατασκηνσῖ
687 4141 718 4203 ἐν
734 4147 804 4214 ταῖς
828 4139 938 4213 αὐλαῖς
992 4135 1076 4217 cilio,
1088 4135 1154 4203 illic
1169 4135 1414 4204 tabernaculum
1426 4136 1523 4223 erigit
1538 4137 1571 4202 in
1588 4137 1737 4222 eligentis

191 4255 247 4312 τοῦ
271 4238 487 4334 θκλεξαμένου·
503 4239 546 4309 ὧν
570 4244 755 4311 ὰπεντεῢθεν
778 4244 874 4310 πόθον
891 4269 939 4320 τις
992 4243 1084 4323 ιιιιθιις
1108 4245 1148 4310 ad
1170 4245 1256 4330 quod
1278 4244 1396 4330 uliquis
1417 4244 1570 4312 anhelans
1594 4245 1736 4312 dicebat:

191 4356 281 4445 ἔχων,
306 4347 400 4420 εἶπεν·
418 4355 608 4428 Ἐκλεθπειή
627 4349 712 4443 ψυχή
731 4377 791 4443 μου
816 4357 857 4429 εθς
881 4349 938 4429 τάς
995 4352 1143 4424 &Deficit
1165 4353 1271 4418 anima
1294 4374 1365 4418 mea
1386 4352 1421 4417 in
1447 4351 1530 4418 atria
1560 4350 1688 4418 Domini
1711 4401 1737 4433 „

192 4461 288 4538 αθλάς
313 4471 368 4527 τοῦ
392 4461 503 4552 Κυρίου
517 4459 554 4545 ’),
578 4461 662 4526 ὥστε
677 4459 733 4538 τάς
749 4453 847 4539 λέξεις
861 4458 940 4524 ταθ-
992 4461 1039 4527 ita
1061 4465 1099 4528 ut
1121 4460 1179 4526 has
1194 4459 1262 4526 fere
1282 4481 1384 4541 voces,
1400 4460 1458 4526 has
1473 4459 1560 4527 dico:
1587 4463 1601 4494 ⁸
1618 4459 1738 4528 Beatus

192 4595 260 4654 ποις,
284 4569 366 4660 φημὶ
389 4560 428 4642 δὴ
446 4569 493 4635 τό·
510 4568 666 4659 Μακάριος
684 4568 716 4633 θν
734 4561 863 4646 ἐξελέξω
886 4565 940 4632 καθ
994 4591 1089 4653 quem
1113 4567 1239 4654 elegisti
1255 4571 1288 4634 et
1303 4569 1541 4653 assumpsisti„
1562 4569 1649 4653 juste
1663 4589 1740 4654 pro-

192 4669 403 4768 spooslo'rhou,
426 4676 553 4753 εἰκότως
582 4675 784 4766 προφέρουσιν
815 4681 844 4741 ol
867 4675 939 4752 τοὺς
993 4675 1100 4742 terant
1115 4675 1171 4760 qui
1186 4675 1354 4742 imitantur
1369 4679 1532 4760 exemptos
1548 4697 1565 4740 e
1581 4675 1648 4740 vita
1668 4697 1738 4742 eos-

194 4782 436 4875 ἀπαλλαγέντας
459 4793 514 4849 τοῦ
533 4785 600 4868 βίου
617 4778 784 4864 ζηλοῦντες
802 4781 854 4848 καθ
878 4807 941 4873 μα·
994 4804 1057 4868 que
1082 4783 1192 4848 beatos
1214 4782 1423 4867 proclamant.

193 4886 378 4981 κομίζοντες.

232 5137 253 5212 ¹)
271 5137 359 5197 Josn.
378 5153 438 5211 xxv,
458 5138 485 5194 θ.
1031 5137 1055 5212 ²)
1073 5136 1183 5196 Psslrn
1202 5151 1329 5210 mrsu,
1349 5135 1374 5194 3.

337 5371 434 5430 nnn.
453 5382 481 5443 ν,
501 5367 551 5426 ω.
570 5382 603 5426 n.
