<?xml version="1.0" encoding="UTF-8"?>
<!DOCTYPE html PUBLIC "-//W3C//DTD XHTML 1.0 Transitional//EN"
    "http://www.w3.org/TR/xhtml1/DTD/xhtml1-transitional.dtd">
<html xmlns="http://www.w3.org/1999/xhtml" xml:lang="en" lang="en">
 <head>
  <title>
</title>
<meta http-equiv="Content-Type" content="text/html;charset=utf-8" />
  <meta name='ocr-system' content='tesseract 3.04.00' />
  <meta name='ocr-capabilities' content='ocr_page ocr_carea ocr_par ocr_line ocrx_word'/>
</head>
<body>
  <div class='ocr_page' id='page_1' title='image "./analectasacrasp02pitrgoog_0464.png"; bbox 0 0 3944 6074; ppageno 0'>
   <div class='ocr_carea' id='block_1_1' title="bbox 869 537 1020 610">
    <p class='ocr_par' dir='ltr' id='par_1_1' title="bbox 869 537 1020 610">
     <span class='ocr_line' id='line_1_1' title="bbox 869 537 1020 610; baseline 0 0"><span class='ocrx_word' id='word_1_1' title='bbox 869 537 959 610; x_wconf 80' lang='lat' dir='ltr'><strong><em>Pars</em></strong></span> <span class='ocrx_word' id='word_1_2' title='bbox 987 537 1020 610; x_wconf 87' lang='lat'>1.</span> 
     </span>
    </p>
   </div>
   <div class='ocr_carea' id='block_1_2' title="bbox 170 702 1718 1560">
    <p class='ocr_par' dir='ltr' id='par_1_2' title="bbox 170 702 1718 1560">
     <span class='ocr_line' id='line_1_2' title="bbox 171 702 1715 800; baseline 0.002 -26"><span class='ocrx_word' id='word_1_3' title='bbox 171 717 233 774; x_wconf 86' lang='grc' dir='ltr'>τῶν</span> <span class='ocrx_word' id='word_1_4' title='bbox 258 707 479 798; x_wconf 76' lang='grc' dir='ltr'>προσηκόντων</span> <span class='ocrx_word' id='word_1_5' title='bbox 503 713 626 786; x_wconf 77' lang='grc' dir='ltr'>ἑαυτοῖς</span> <span class='ocrx_word' id='word_1_6' title='bbox 656 709 848 800; x_wconf 88' lang='grc' dir='ltr'>πράττοντα.</span> <span class='ocrx_word' id='word_1_7' title='bbox 874 711 965 775; x_wconf 89' lang='grc' dir='ltr'>Ούτω</span> <span class='ocrx_word' id='word_1_8' title='bbox 990 702 1023 776; x_wconf 88' lang='grc' dir='ltr'>δὲ</span> <span class='ocrx_word' id='word_1_9' title='bbox 1047 711 1101 774; x_wconf 87' lang='grc' dir='ltr'>καί</span> <span class='ocrx_word' id='word_1_10' title='bbox 1123 709 1183 783; x_wconf 83' lang='grc' dir='ltr'>τὴν</span> <span class='ocrx_word' id='word_1_11' title='bbox 1208 703 1315 776; x_wconf 83' lang='grc' dir='ltr'>ἄδικον</span> <span class='ocrx_word' id='word_1_12' title='bbox 1346 711 1437 776; x_wconf 90' lang='grc' dir='ltr'>πόλιν</span> <span class='ocrx_word' id='word_1_13' title='bbox 1469 711 1522 779; x_wconf 87' lang='grc' dir='ltr'>καί</span> <span class='ocrx_word' id='word_1_14' title='bbox 1547 703 1597 778; x_wconf 90' lang='grc' dir='ltr'>διά</span> <span class='ocrx_word' id='word_1_15' title='bbox 1620 723 1715 778; x_wconf 81' lang='grc' dir='ltr'>τοῦτο</span> 
     </span>
     <span class='ocr_line' id='line_1_3' title="bbox 171 809 1715 910; baseline 0.003 -30"><span class='ocrx_word' id='word_1_16' title='bbox 171 809 399 906; x_wconf 87' lang='grc' dir='ltr'>άδρανεστέραν</span> <span class='ocrx_word' id='word_1_17' title='bbox 423 811 657 907; x_wconf 60' lang='grc' dir='ltr'>ἐλαμβάνομεν,</span> <span class='ocrx_word' id='word_1_18' title='bbox 681 825 712 884; x_wconf 85' lang='grc' dir='ltr'>ὲν</span> <span class='ocrx_word' id='word_1_19' title='bbox 737 815 755 905; x_wconf 78' lang='grc' dir='ltr'><strong>ᾖ</strong></span> <span class='ocrx_word' id='word_1_20' title='bbox 782 829 843 884; x_wconf 87' lang='grc' dir='ltr'>τῶν</span> <span class='ocrx_word' id='word_1_21' title='bbox 868 823 1006 884; x_wconf 86' lang='grc' dir='ltr'>πολιτῶν</span> <span class='ocrx_word' id='word_1_22' title='bbox 1031 824 1059 882; x_wconf 87' lang='grc' dir='ltr'>οἰ</span> <span class='ocrx_word' id='word_1_23' title='bbox 1082 819 1181 909; x_wconf 80' lang='grc' dir='ltr'>ἕτεροι</span> <span class='ocrx_word' id='word_1_24' title='bbox 1205 818 1276 895; x_wconf 89' lang='grc' dir='ltr'>τούς</span> <span class='ocrx_word' id='word_1_25' title='bbox 1300 820 1422 910; x_wconf 80' lang='grc' dir='ltr'>ἑτέρους</span> <span class='ocrx_word' id='word_1_26' title='bbox 1448 823 1501 905; x_wconf 81' lang='grc' dir='ltr'>βίᾳ</span> <span class='ocrx_word' id='word_1_27' title='bbox 1525 821 1715 910; x_wconf 72' lang='grc' dir='ltr'>ἀπεστέρουν</span> 
     </span>
     <span class='ocr_line' id='line_1_4' title="bbox 170 919 1717 1018; baseline 0.003 -30"><span class='ocrx_word' id='word_1_28' title='bbox 170 935 233 988; x_wconf 85' lang='grc' dir='ltr'>τῶν</span> <span class='ocrx_word' id='word_1_29' title='bbox 257 923 479 1014; x_wconf 80' lang='grc' dir='ltr'>προσηκόντων</span> <span class='ocrx_word' id='word_1_30' title='bbox 504 929 608 1002; x_wconf 84' lang='grc' dir='ltr'>αὐτοῖς</span> <span class='ocrx_word' id='word_1_31' title='bbox 632 929 686 991; x_wconf 83' lang='grc' dir='ltr'>καί</span> <span class='ocrx_word' id='word_1_32' title='bbox 710 919 761 992; x_wconf 83' lang='grc' dir='ltr'>διά</span> <span class='ocrx_word' id='word_1_33' title='bbox 779 938 873 992; x_wconf 79' lang='grc' dir='ltr'>τοῦτο</span> <span class='ocrx_word' id='word_1_34' title='bbox 890 924 1016 1016; x_wconf 83' lang='grc' dir='ltr'>ἐχθρούς</span> <span class='ocrx_word' id='word_1_35' title='bbox 1034 920 1116 1015; x_wconf 85' lang='grc' dir='ltr'>εἶχον</span> <span class='ocrx_word' id='word_1_36' title='bbox 1134 926 1188 990; x_wconf 87' lang='grc' dir='ltr'>καί</span> <span class='ocrx_word' id='word_1_37' title='bbox 1206 929 1263 1014; x_wconf 86' lang='grc' dir='ltr'>ούχ</span> <span class='ocrx_word' id='word_1_38' title='bbox 1287 928 1345 1011; x_wconf 82' lang='grc' dir='ltr'>ὅλη</span> <span class='ocrx_word' id='word_1_39' title='bbox 1371 937 1411 1011; x_wconf 91' lang='grc' dir='ltr'>τῇ</span> <span class='ocrx_word' id='word_1_40' title='bbox 1438 923 1522 1016; x_wconf 97' lang='grc' dir='ltr'>ψυχῇ</span> <span class='ocrx_word' id='word_1_41' title='bbox 1550 928 1717 1018; x_wconf 87' lang='grc' dir='ltr'>συμπράτ-</span> 
     </span>
     <span class='ocr_line' id='line_1_5' title="bbox 172 1023 1716 1125; baseline 0.003 -29"><span class='ocrx_word' id='word_1_42' title='bbox 172 1053 296 1108; x_wconf 89' lang='grc' dir='ltr'>τοντας·</span> <span class='ocrx_word' id='word_1_43' title='bbox 315 1023 511 1110; x_wconf 76' lang='grc' dir='ltr'>δικαιοσύνης</span> <span class='ocrx_word' id='word_1_44' title='bbox 529 1025 562 1098; x_wconf 88' lang='grc' dir='ltr'>δὲ</span> <span class='ocrx_word' id='word_1_45' title='bbox 580 1035 722 1124; x_wconf 80' lang='grc' dir='ltr'>μετέχειν</span> <span class='ocrx_word' id='word_1_46' title='bbox 740 1035 900 1124; x_wconf 89' lang='grc' dir='ltr'>ἐλέγομεν,</span> <span class='ocrx_word' id='word_1_47' title='bbox 917 1038 947 1098; x_wconf 78' lang='grc' dir='ltr'>ἐν</span> <span class='ocrx_word' id='word_1_48' title='bbox 966 1029 985 1120; x_wconf 81' lang='grc' dir='ltr'><strong>ᾖ</strong></span> <span class='ocrx_word' id='word_1_49' title='bbox 1004 1039 1032 1098; x_wconf 90' lang='grc' dir='ltr'>οἰ</span> <span class='ocrx_word' id='word_1_50' title='bbox 1048 1038 1178 1098; x_wconf 80' lang='grc' dir='ltr'>πολῖται</span> <span class='ocrx_word' id='word_1_51' title='bbox 1195 1034 1247 1098; x_wconf 89' lang='grc' dir='ltr'>καί</span> <span class='ocrx_word' id='word_1_52' title='bbox 1264 1033 1419 1125; x_wconf 83' lang='grc' dir='ltr'>μοχθηροὶ</span> <span class='ocrx_word' id='word_1_53' title='bbox 1436 1036 1521 1111; x_wconf 86' lang='grc' dir='ltr'>ὄντες</span> <span class='ocrx_word' id='word_1_54' title='bbox 1544 1035 1716 1125; x_wconf 89' lang='grc' dir='ltr'>άνεφώνουν</span> 
     </span>
     <span class='ocr_line' id='line_1_6' title="bbox 176 1134 1718 1234; baseline 0 -26"><span class='ocrx_word' id='word_1_55' title='bbox 176 1141 333 1229; x_wconf 84' lang='lat' dir='ltr'>[Schoell.</span> <span class='ocrx_word' id='word_1_56' title='bbox 359 1140 579 1231; x_wconf 78' lang='grc' dir='ltr'>συνεφώνουν).</span> <span class='ocrx_word' id='word_1_57' title='bbox 604 1147 655 1205; x_wconf 84' lang='grc' dir='ltr'>Ἐν</span> <span class='ocrx_word' id='word_1_58' title='bbox 680 1138 699 1228; x_wconf 76' lang='grc' dir='ltr'>ᾗ</span> <span class='ocrx_word' id='word_1_59' title='bbox 726 1137 777 1207; x_wconf 77' lang='grc' dir='ltr'>οὖν</span> <span class='ocrx_word' id='word_1_60' title='bbox 802 1140 885 1232; x_wconf 89' lang='grc' dir='ltr'>ψυχῇ</span> <span class='ocrx_word' id='word_1_61' title='bbox 912 1143 1043 1214; x_wconf 76' lang='grc' dir='ltr'>τοιαύτη</span> <span class='ocrx_word' id='word_1_62' title='bbox 1064 1147 1146 1207; x_wconf 78' lang='grc' dir='ltr'>ἐστιν</span> <span class='ocrx_word' id='word_1_63' title='bbox 1169 1134 1286 1226; x_wconf 85' lang='grc' dir='ltr'>ἀδικία,</span> <span class='ocrx_word' id='word_1_64' title='bbox 1304 1144 1363 1208; x_wconf 81' lang='grc' dir='ltr'>ὑπὸ</span> <span class='ocrx_word' id='word_1_65' title='bbox 1387 1143 1507 1219; x_wconf 90' lang='grc' dir='ltr'>ταύτης</span> <span class='ocrx_word' id='word_1_66' title='bbox 1531 1138 1637 1234; x_wconf 81' lang='grc' dir='ltr'>πρᾶξις</span> <span class='ocrx_word' id='word_1_67' title='bbox 1662 1147 1718 1208; x_wconf 91' lang='grc' dir='ltr'>ούκ</span> 
     </span>
     <span class='ocr_line' id='line_1_7' title="bbox 174 1240 1718 1340; baseline 0.002 -27"><span class='ocrx_word' id='word_1_68' title='bbox 174 1247 210 1313; x_wconf 89' lang='grc' dir='ltr'>ἀν</span> <span class='ocrx_word' id='word_1_69' title='bbox 235 1248 358 1338; x_wconf 87' lang='grc' dir='ltr'>γένοιτο</span> <span class='ocrx_word' id='word_1_70' title='bbox 382 1248 401 1320; x_wconf 81' lang='grc' dir='ltr'><strong>ἢ</strong></span> <span class='ocrx_word' id='word_1_71' title='bbox 429 1240 655 1320; x_wconf 85' lang='grc' dir='ltr'>δυσκολωτάτη</span> <span class='ocrx_word' id='word_1_72' title='bbox 684 1250 842 1340; x_wconf 82' lang='lat' dir='ltr'>[Schoell.</span> <span class='ocrx_word' id='word_1_73' title='bbox 868 1242 1125 1338; x_wconf 89' lang='grc' dir='ltr'>δυσκολώτατα],</span> <span class='ocrx_word' id='word_1_74' title='bbox 1150 1255 1206 1314; x_wconf 82' lang='grc' dir='ltr'>ούκ</span> <span class='ocrx_word' id='word_1_75' title='bbox 1230 1253 1260 1315; x_wconf 87' lang='grc' dir='ltr'>ἐν</span> <span class='ocrx_word' id='word_1_76' title='bbox 1286 1253 1370 1334; x_wconf 87' lang='grc' dir='ltr'>αύτῷ</span> <span class='ocrx_word' id='word_1_77' title='bbox 1398 1261 1443 1334; x_wconf 82' lang='grc' dir='ltr'>τῷ</span> <span class='ocrx_word' id='word_1_78' title='bbox 1475 1246 1652 1330; x_wconf 74' lang='grc' dir='ltr'>στασιάζειν</span> <span class='ocrx_word' id='word_1_79' title='bbox 1676 1251 1718 1316; x_wconf 88' lang='grc' dir='ltr'>τά</span> 
     </span>
     <span class='ocr_line' id='line_1_8' title="bbox 175 1354 1718 1451; baseline 0.003 -32"><span class='ocrx_word' id='word_1_80' title='bbox 175 1358 266 1446; x_wconf 81' lang='grc' dir='ltr'>μορίαι</span> <span class='ocrx_word' id='word_1_81' title='bbox 290 1368 348 1433; x_wconf 80' lang='grc' dir='ltr'>τῇς</span> <span class='ocrx_word' id='word_1_82' title='bbox 372 1354 474 1446; x_wconf 80' lang='grc' dir='ltr'>ψυχῆς</span> <span class='ocrx_word' id='word_1_83' title='bbox 489 1359 563 1447; x_wconf 72' lang='grc' dir='ltr'>πρὸς</span> <span class='ocrx_word' id='word_1_84' title='bbox 581 1358 718 1436; x_wconf 83' lang='grc' dir='ltr'>ἄλληλα,</span> <span class='ocrx_word' id='word_1_85' title='bbox 737 1358 820 1424; x_wconf 81' lang='grc' dir='ltr'>ἀλλά</span> <span class='ocrx_word' id='word_1_86' title='bbox 837 1357 920 1446; x_wconf 88' lang='grc' dir='ltr'>μετά</span> <span class='ocrx_word' id='word_1_87' title='bbox 936 1359 972 1423; x_wconf 85' lang='grc' dir='ltr'>τό</span> <span class='ocrx_word' id='word_1_88' title='bbox 992 1358 1159 1442; x_wconf 78' lang='grc' dir='ltr'>βιασθῆναι</span> <span class='ocrx_word' id='word_1_89' title='bbox 1175 1357 1216 1422; x_wconf 81' lang='grc' dir='ltr'>τά</span> <span class='ocrx_word' id='word_1_90' title='bbox 1233 1360 1324 1448; x_wconf 83' lang='grc' dir='ltr'>ἕτερα</span> <span class='ocrx_word' id='word_1_91' title='bbox 1348 1363 1408 1426; x_wconf 78' lang='grc' dir='ltr'>ὑπό</span> <span class='ocrx_word' id='word_1_92' title='bbox 1432 1371 1493 1424; x_wconf 84' lang='grc' dir='ltr'>τῶν</span> <span class='ocrx_word' id='word_1_93' title='bbox 1518 1362 1640 1451; x_wconf 87' lang='grc' dir='ltr'>ἑτέρων,</span> <span class='ocrx_word' id='word_1_94' title='bbox 1665 1361 1718 1424; x_wconf 86' lang='grc' dir='ltr'>καί</span> 
     </span>
     <span class='ocr_line' id='line_1_9' title="bbox 173 1461 1716 1560; baseline 0.002 -34"><span class='ocrx_word' id='word_1_95' title='bbox 173 1463 249 1526; x_wconf 88' lang='grc' dir='ltr'>τότε</span> <span class='ocrx_word' id='word_1_96' title='bbox 274 1467 307 1528; x_wconf 87' lang='grc' dir='ltr'>ού</span> <span class='ocrx_word' id='word_1_97' title='bbox 331 1463 493 1554; x_wconf 76' lang='grc' dir='ltr'>προθύμως</span> <span class='ocrx_word' id='word_1_98' title='bbox 517 1465 718 1560; x_wconf 87' lang='grc' dir='ltr'>πραττούσης</span> <span class='ocrx_word' id='word_1_99' title='bbox 742 1476 800 1542; x_wconf 87' lang='grc' dir='ltr'>τῆς</span> <span class='ocrx_word' id='word_1_100' title='bbox 824 1463 934 1555; x_wconf 79' lang='grc' dir='ltr'>ψυχῆς.</span> <span class='ocrx_word' id='word_1_101' title='bbox 961 1467 1000 1530; x_wconf 87' lang='grc' dir='ltr'>Τί</span> <span class='ocrx_word' id='word_1_102' title='bbox 1023 1461 1091 1543; x_wconf 81' lang='grc' dir='ltr'>ούνς</span> <span class='ocrx_word' id='word_1_103' title='bbox 1115 1466 1166 1532; x_wconf 86' lang='grc' dir='ltr'>ἐπὶ</span> <span class='ocrx_word' id='word_1_104' title='bbox 1184 1466 1302 1542; x_wconf 85' lang='grc' dir='ltr'>ταύτης</span> <span class='ocrx_word' id='word_1_105' title='bbox 1327 1479 1385 1543; x_wconf 82' lang='grc' dir='ltr'>τῇς</span> <span class='ocrx_word' id='word_1_106' title='bbox 1409 1462 1498 1546; x_wconf 81' lang='grc' dir='ltr'>ἕξεως</span> <span class='ocrx_word' id='word_1_107' title='bbox 1522 1467 1582 1538; x_wconf 78' lang='grc' dir='ltr'>τὴν</span> <span class='ocrx_word' id='word_1_108' title='bbox 1607 1466 1716 1530; x_wconf 83' lang='grc' dir='ltr'>στάσιν</span> 
     </span>
    </p>
   </div>
   <div class='ocr_carea' id='block_1_3' title="bbox 1662 547 1716 604">
    <p class='ocr_par' dir='ltr' id='par_1_3' title="bbox 1662 547 1716 604">
     <span class='ocr_line' id='line_1_10' title="bbox 1662 547 1716 604; baseline 0 0"><span class='ocrx_word' id='word_1_109' title='bbox 1662 547 1716 604; x_wconf 84' lang='grc'>205</span> 
     </span>
    </p>
   </div>
   <div class='ocr_carea' id='block_1_4' title="bbox 173 1563 1718 1666">
    <p class='ocr_par' dir='ltr' id='par_1_4' title="bbox 173 1563 1718 1666">
     <span class='ocr_line' id='line_1_11' title="bbox 173 1563 1718 1666; baseline 0.001 -30"><span class='ocrx_word' id='word_1_110' title='bbox 173 1570 304 1660; x_wconf 75' lang='grc' dir='ltr'>ἐχούσης</span> <span class='ocrx_word' id='word_1_111' title='bbox 328 1563 415 1637; x_wconf 88' lang='grc' dir='ltr'>ούδέν</span> <span class='ocrx_word' id='word_1_112' title='bbox 440 1576 507 1638; x_wconf 85' lang='grc' dir='ltr'>ἑστι</span> <span class='ocrx_word' id='word_1_113' title='bbox 531 1566 728 1650; x_wconf 78' lang='grc' dir='ltr'>δικαιοσύνης</span> <span class='ocrx_word' id='word_1_114' title='bbox 751 1577 853 1663; x_wconf 85' lang='grc' dir='ltr'>ἰχνοςς</span> <span class='ocrx_word' id='word_1_115' title='bbox 878 1575 931 1638; x_wconf 86' lang='grc' dir='ltr'>καί</span> <span class='ocrx_word' id='word_1_116' title='bbox 954 1576 1035 1638; x_wconf 87' lang='grc' dir='ltr'>πάνυ</span> <span class='ocrx_word' id='word_1_117' title='bbox 1060 1577 1154 1662; x_wconf 82' lang='grc' dir='ltr'>φαίην</span> <span class='ocrx_word' id='word_1_118' title='bbox 1180 1574 1226 1638; x_wconf 88' lang='grc' dir='ltr'>ἅν·</span> <span class='ocrx_word' id='word_1_119' title='bbox 1251 1573 1383 1642; x_wconf 81' lang='grc' dir='ltr'>καθόσον</span> <span class='ocrx_word' id='word_1_120' title='bbox 1409 1580 1424 1640; x_wconf 99' lang='lat'>6</span> <span class='ocrx_word' id='word_1_121' title='bbox 1448 1577 1541 1666; x_wconf 89' lang='grc' dir='ltr'>λόγος</span> <span class='ocrx_word' id='word_1_122' title='bbox 1565 1575 1718 1666; x_wconf 77' lang='grc' dir='ltr'>τυγχάνει</span> 
     </span>
    </p>
   </div>
   <div class='ocr_carea' id='block_1_5' title="bbox 173 1675 1723 3500">
    <p class='ocr_par' dir='ltr' id='par_1_5' title="bbox 173 1675 1723 3500">
     <span class='ocr_line' id='line_1_12' title="bbox 173 1675 1718 1774; baseline 0.004 -32"><span class='ocrx_word' id='word_1_123' title='bbox 173 1689 228 1743; x_wconf 86' lang='grc' dir='ltr'>τοῦ</span> <span class='ocrx_word' id='word_1_124' title='bbox 253 1678 323 1744; x_wconf 87' lang='grc' dir='ltr'>καθ’</span> <span class='ocrx_word' id='word_1_125' title='bbox 349 1675 436 1759; x_wconf 77' lang='grc' dir='ltr'>ἀξίαν</span> <span class='ocrx_word' id='word_1_126' title='bbox 461 1683 514 1746; x_wconf 88' lang='grc' dir='ltr'>καί</span> <span class='ocrx_word' id='word_1_127' title='bbox 538 1686 615 1772; x_wconf 80' lang='grc' dir='ltr'>ὁρῶν</span> <span class='ocrx_word' id='word_1_128' title='bbox 638 1685 676 1746; x_wconf 79' lang='grc' dir='ltr'>τό</span> <span class='ocrx_word' id='word_1_129' title='bbox 695 1683 882 1772; x_wconf 78' lang='grc' dir='ltr'>ἀγαθὸνκαὶ</span> <span class='ocrx_word' id='word_1_130' title='bbox 900 1683 1092 1772; x_wconf 84' lang='grc' dir='ltr'>αἰτούμενος,</span> <span class='ocrx_word' id='word_1_131' title='bbox 1111 1683 1214 1747; x_wconf 86' lang='grc' dir='ltr'>Εἰκαί</span> <span class='ocrx_word' id='word_1_132' title='bbox 1232 1682 1273 1770; x_wconf 73' lang='grc' dir='ltr'>μὴ</span> <span class='ocrx_word' id='word_1_133' title='bbox 1293 1685 1442 1774; x_wconf 86' lang='grc' dir='ltr'>ἐχόμενον</span> <span class='ocrx_word' id='word_1_134' title='bbox 1468 1687 1534 1774; x_wconf 89' lang='grc' dir='ltr'>ἔχει</span> <span class='ocrx_word' id='word_1_135' title='bbox 1558 1687 1595 1749; x_wconf 82' lang='grc' dir='ltr'>τό</span> <span class='ocrx_word' id='word_1_136' title='bbox 1620 1683 1718 1759; x_wconf 88' lang='grc' dir='ltr'>πάθος</span> 
     </span>
     <span class='ocr_line' id='line_1_13' title="bbox 174 1777 1718 1882; baseline 0.005 -33"><span class='ocrx_word' id='word_1_137' title='bbox 174 1777 225 1850; x_wconf 88' lang='grc' dir='ltr'>διά</span> <span class='ocrx_word' id='word_1_138' title='bbox 249 1788 287 1852; x_wconf 84' lang='grc' dir='ltr'>τὸ</span> <span class='ocrx_word' id='word_1_139' title='bbox 311 1789 407 1877; x_wconf 82' lang='grc' dir='ltr'>μήπω</span> <span class='ocrx_word' id='word_1_140' title='bbox 430 1789 609 1878; x_wconf 77' lang='grc' dir='ltr'>ἐπιστήμην</span> <span class='ocrx_word' id='word_1_141' title='bbox 635 1783 711 1854; x_wconf 86' lang='grc' dir='ltr'>εἶναι</span> <span class='ocrx_word' id='word_1_142' title='bbox 734 1791 823 1862; x_wconf 75' lang='grc' dir='ltr'>καὶεί</span> <span class='ocrx_word' id='word_1_143' title='bbox 846 1790 1056 1880; x_wconf 84' lang='grc' dir='ltr'>κρατούμενον</span> <span class='ocrx_word' id='word_1_144' title='bbox 1081 1791 1100 1862; x_wconf 83' lang='grc' dir='ltr'><strong>ἢ</strong></span> <span class='ocrx_word' id='word_1_145' title='bbox 1127 1801 1269 1880; x_wconf 78' lang='grc' dir='ltr'>κρατοῦν·</span> <span class='ocrx_word' id='word_1_146' title='bbox 1295 1795 1367 1854; x_wconf 77' lang='grc' dir='ltr'>ἀλλ’</span> <span class='ocrx_word' id='word_1_147' title='bbox 1393 1797 1419 1856; x_wconf 89' lang='grc' dir='ltr'>εἰ</span> <span class='ocrx_word' id='word_1_148' title='bbox 1444 1793 1498 1882; x_wconf 87' lang='grc' dir='ltr'>μὲν</span> <span class='ocrx_word' id='word_1_149' title='bbox 1524 1793 1615 1881; x_wconf 90' lang='grc' dir='ltr'>μόνος</span> <span class='ocrx_word' id='word_1_150' title='bbox 1640 1789 1677 1866; x_wconf 74' lang='grc' dir='ltr'>ἧν</span> <span class='ocrx_word' id='word_1_151' title='bbox 1702 1796 1718 1856; x_wconf 90' lang='grc' dir='ltr'>ὁ</span> 
     </span>
     <span class='ocr_line' id='line_1_14' title="bbox 174 1889 1719 1991; baseline 0.003 -33"><span class='ocrx_word' id='word_1_152' title='bbox 174 1896 267 1986; x_wconf 81' lang='grc' dir='ltr'>λόγος</span> <span class='ocrx_word' id='word_1_153' title='bbox 290 1901 309 1968; x_wconf 78' lang='grc' dir='ltr'>η</span> <span class='ocrx_word' id='word_1_154' title='bbox 336 1894 432 1985; x_wconf 76' lang='grc' dir='ltr'>ψυχῇ,</span> <span class='ocrx_word' id='word_1_155' title='bbox 456 1896 533 1962; x_wconf 89' lang='grc' dir='ltr'>τότε</span> <span class='ocrx_word' id='word_1_156' title='bbox 559 1901 679 1987; x_wconf 84' lang='grc' dir='ltr'>μᾶλλον</span> <span class='ocrx_word' id='word_1_157' title='bbox 697 1889 758 1962; x_wconf 77' lang='grc' dir='ltr'>ἔδει</span> <span class='ocrx_word' id='word_1_158' title='bbox 773 1897 912 1988; x_wconf 84' lang='grc' dir='ltr'>γίνεσθαι</span> <span class='ocrx_word' id='word_1_159' title='bbox 929 1897 985 1975; x_wconf 85' lang='grc' dir='ltr'>τάς</span> <span class='ocrx_word' id='word_1_160' title='bbox 1001 1893 1135 1989; x_wconf 80' lang='grc' dir='ltr'>πράξεις.</span> <span class='ocrx_word' id='word_1_161' title='bbox 1154 1901 1239 1964; x_wconf 82' lang='grc' dir='ltr'>Ἐπεὶ</span> <span class='ocrx_word' id='word_1_162' title='bbox 1257 1892 1289 1966; x_wconf 85' lang='grc' dir='ltr'>δὲ</span> <span class='ocrx_word' id='word_1_163' title='bbox 1307 1901 1452 1991; x_wconf 78' lang='grc' dir='ltr'>τριμερὴς</span> <span class='ocrx_word' id='word_1_164' title='bbox 1470 1901 1525 1990; x_wconf 87' lang='grc' dir='ltr'>μέν</span> <span class='ocrx_word' id='word_1_165' title='bbox 1550 1905 1719 1967; x_wconf 81' lang='grc' dir='ltr'>ἐπινοεῖται</span> 
     </span>
     <span class='ocr_line' id='line_1_15' title="bbox 173 1995 1719 2099; baseline 0.003 -33"><span class='ocrx_word' id='word_1_166' title='bbox 173 2009 192 2076; x_wconf 78' lang='grc' dir='ltr'>η</span> <span class='ocrx_word' id='word_1_167' title='bbox 221 2000 318 2092; x_wconf 73' lang='grc' dir='ltr'>ψυχῇ,</span> <span class='ocrx_word' id='word_1_168' title='bbox 345 1995 449 2069; x_wconf 82' lang='grc' dir='ltr'>δεῖδὲ</span> <span class='ocrx_word' id='word_1_169' title='bbox 473 2007 555 2094; x_wconf 85' lang='grc' dir='ltr'>είπερ</span> <span class='ocrx_word' id='word_1_170' title='bbox 580 2005 690 2094; x_wconf 81' lang='grc' dir='ltr'>μέλλοι</span> <span class='ocrx_word' id='word_1_171' title='bbox 714 2032 746 2070; x_wconf 91' lang='grc' dir='ltr'>τι</span> <span class='ocrx_word' id='word_1_172' title='bbox 768 2007 965 2096; x_wconf 86' lang='grc' dir='ltr'>πράττεσθαι</span> <span class='ocrx_word' id='word_1_173' title='bbox 982 2013 1033 2072; x_wconf 81' lang='grc' dir='ltr'>ὑπ’</span> <span class='ocrx_word' id='word_1_174' title='bbox 1052 2013 1158 2092; x_wconf 85' lang='grc' dir='ltr'>αύτῇς,</span> <span class='ocrx_word' id='word_1_175' title='bbox 1178 2021 1350 2099; x_wconf 75' lang='grc' dir='ltr'>συμφωνεῖν</span> <span class='ocrx_word' id='word_1_176' title='bbox 1376 2012 1526 2086; x_wconf 84' lang='grc' dir='ltr'>ἀλλήλοις</span> <span class='ocrx_word' id='word_1_177' title='bbox 1549 2011 1654 2075; x_wconf 90' lang='grc' dir='ltr'>πάντα</span> <span class='ocrx_word' id='word_1_178' title='bbox 1678 2007 1719 2072; x_wconf 86' lang='grc' dir='ltr'>τά</span> 
     </span>
     <span class='ocr_line' id='line_1_16' title="bbox 175 2105 1719 2208; baseline 0.001 -32"><span class='ocrx_word' id='word_1_179' title='bbox 175 2115 286 2201; x_wconf 87' lang='grc' dir='ltr'>μόρια,</span> <span class='ocrx_word' id='word_1_180' title='bbox 312 2105 363 2177; x_wconf 86' lang='grc' dir='ltr'>διά</span> <span class='ocrx_word' id='word_1_181' title='bbox 387 2124 482 2178; x_wconf 80' lang='grc' dir='ltr'>τοῦτο</span> <span class='ocrx_word' id='word_1_182' title='bbox 506 2114 556 2178; x_wconf 85' lang='grc' dir='ltr'>ἐπί</span> <span class='ocrx_word' id='word_1_183' title='bbox 580 2125 637 2187; x_wconf 84' lang='grc' dir='ltr'>τῆς</span> <span class='ocrx_word' id='word_1_184' title='bbox 662 2116 783 2190; x_wconf 82' lang='grc' dir='ltr'>τελείας</span> <span class='ocrx_word' id='word_1_185' title='bbox 815 2117 926 2191; x_wconf 84' lang='grc' dir='ltr'>κακίας</span> <span class='ocrx_word' id='word_1_186' title='bbox 951 2119 987 2180; x_wconf 83' lang='grc' dir='ltr'>τὸ</span> <span class='ocrx_word' id='word_1_187' title='bbox 1012 2107 1138 2180; x_wconf 87' lang='grc' dir='ltr'>εἴδωλον</span> <span class='ocrx_word' id='word_1_188' title='bbox 1168 2126 1225 2191; x_wconf 77' lang='grc' dir='ltr'>τῆς</span> <span class='ocrx_word' id='word_1_189' title='bbox 1259 2119 1436 2206; x_wconf 86' lang='grc' dir='ltr'>συμφωνίας</span> <span class='ocrx_word' id='word_1_190' title='bbox 1469 2119 1567 2181; x_wconf 86' lang='grc' dir='ltr'>αἴτιον</span> <span class='ocrx_word' id='word_1_191' title='bbox 1598 2119 1719 2208; x_wconf 90' lang='grc' dir='ltr'>γίνεται</span> 
     </span>
     <span class='ocr_line' id='line_1_17' title="bbox 176 2212 1719 2314; baseline 0.003 -32"><span class='ocrx_word' id='word_1_192' title='bbox 176 2212 364 2312; x_wconf 84' lang='grc' dir='ltr'>διαστροφῆς</span> <span class='ocrx_word' id='word_1_193' title='bbox 388 2215 529 2310; x_wconf 72' lang='grc' dir='ltr'>πράξεων</span> <span class='ocrx_word' id='word_1_194' title='bbox 555 2213 741 2311; x_wconf 75' lang='grc' dir='ltr'>διάστροφον</span> <span class='ocrx_word' id='word_1_195' title='bbox 766 2223 809 2286; x_wconf 82' lang='grc' dir='ltr'>όν·</span> <span class='ocrx_word' id='word_1_196' title='bbox 833 2225 907 2311; x_wconf 77' lang='grc' dir='ltr'>πρὸς</span> <span class='ocrx_word' id='word_1_197' title='bbox 931 2233 977 2306; x_wconf 82' lang='grc' dir='ltr'>τῷ</span> <span class='ocrx_word' id='word_1_198' title='bbox 1003 2215 1083 2314; x_wconf 84' lang='grc' dir='ltr'>μηδὲ</span> <span class='ocrx_word' id='word_1_199' title='bbox 1100 2225 1147 2288; x_wconf 86' lang='grc' dir='ltr'>ἀεὶ</span> <span class='ocrx_word' id='word_1_200' title='bbox 1168 2213 1316 2288; x_wconf 87' lang='grc' dir='ltr'>δύνασθαι</span> <span class='ocrx_word' id='word_1_201' title='bbox 1340 2235 1513 2313; x_wconf 84' lang='grc' dir='ltr'>συμφωνεῖν</span> <span class='ocrx_word' id='word_1_202' title='bbox 1538 2228 1635 2310; x_wconf 85' lang='grc' dir='ltr'>ἑαυτῇ</span> <span class='ocrx_word' id='word_1_203' title='bbox 1660 2223 1719 2294; x_wconf 74' lang='grc' dir='ltr'>τόν</span> 
     </span>
     <span class='ocr_line' id='line_1_18' title="bbox 176 2323 1720 2421; baseline 0.001 -29"><span class='ocrx_word' id='word_1_204' title='bbox 176 2329 328 2401; x_wconf 86' lang='grc' dir='ltr'>τοιαύτην</span> <span class='ocrx_word' id='word_1_205' title='bbox 351 2323 444 2406; x_wconf 79' lang='grc' dir='ltr'>ζωήν.</span> <span class='ocrx_word' id='word_1_206' title='bbox 470 2335 508 2395; x_wconf 83' lang='grc' dir='ltr'>Αἰ</span> <span class='ocrx_word' id='word_1_207' title='bbox 531 2329 591 2420; x_wconf 91' lang='grc' dir='ltr'>γάρ</span> <span class='ocrx_word' id='word_1_208' title='bbox 615 2337 688 2395; x_wconf 91' lang='grc' dir='ltr'>κατ’</span> <span class='ocrx_word' id='word_1_209' title='bbox 713 2333 819 2394; x_wconf 91' lang='grc' dir='ltr'>ούσίαν</span> <span class='ocrx_word' id='word_1_210' title='bbox 850 2331 1046 2421; x_wconf 81' lang='grc' dir='ltr'>ὑπάρχουσαι</span> <span class='ocrx_word' id='word_1_211' title='bbox 1069 2343 1109 2416; x_wconf 90' lang='grc' dir='ltr'>τῇ</span> <span class='ocrx_word' id='word_1_212' title='bbox 1136 2329 1219 2420; x_wconf 88' lang='grc' dir='ltr'>ψυχῇ</span> <span class='ocrx_word' id='word_1_213' title='bbox 1245 2333 1346 2396; x_wconf 85' lang='grc' dir='ltr'>κοιναί</span> <span class='ocrx_word' id='word_1_214' title='bbox 1370 2333 1491 2406; x_wconf 82' lang='grc' dir='ltr'>ἔννοιαι,</span> <span class='ocrx_word' id='word_1_215' title='bbox 1517 2331 1581 2396; x_wconf 85' lang='grc' dir='ltr'>καθ’</span> <span class='ocrx_word' id='word_1_216' title='bbox 1609 2331 1643 2408; x_wconf 82' lang='grc' dir='ltr'>άς</span> <span class='ocrx_word' id='word_1_217' title='bbox 1668 2331 1720 2395; x_wconf 89' lang='grc' dir='ltr'>καί</span> 
     </span>
     <span class='ocr_line' id='line_1_19' title="bbox 176 2430 1717 2528; baseline 0.001 -27"><span class='ocrx_word' id='word_1_218' title='bbox 176 2439 241 2526; x_wconf 87' lang='grc' dir='ltr'>ἔχει</span> <span class='ocrx_word' id='word_1_219' title='bbox 264 2437 416 2528; x_wconf 90' lang='grc' dir='ltr'>πρόφασιν</span> <span class='ocrx_word' id='word_1_220' title='bbox 448 2441 621 2527; x_wconf 85' lang='grc' dir='ltr'>σωτηρίας,</span> <span class='ocrx_word' id='word_1_221' title='bbox 646 2441 680 2502; x_wconf 91' lang='grc' dir='ltr'>ού</span> <span class='ocrx_word' id='word_1_222' title='bbox 705 2430 855 2502; x_wconf 90' lang='grc' dir='ltr'>δύνανται</span> <span class='ocrx_word' id='word_1_223' title='bbox 881 2441 1042 2514; x_wconf 85' lang='grc' dir='ltr'>παντελῶς</span> <span class='ocrx_word' id='word_1_224' title='bbox 1067 2441 1211 2510; x_wconf 89' lang='grc' dir='ltr'>ἀκίνητοι</span> <span class='ocrx_word' id='word_1_225' title='bbox 1236 2439 1345 2527; x_wconf 86' lang='grc' dir='ltr'>μένειν.</span> <span class='ocrx_word' id='word_1_226' title='bbox 1365 2440 1456 2504; x_wconf 89' lang='grc' dir='ltr'>Ἔστι</span> <span class='ocrx_word' id='word_1_227' title='bbox 1481 2430 1514 2504; x_wconf 82' lang='grc' dir='ltr'>δέ</span> <span class='ocrx_word' id='word_1_228' title='bbox 1541 2445 1560 2512; x_wconf 76' lang='grc' dir='ltr'>ἡ</span> <span class='ocrx_word' id='word_1_229' title='bbox 1587 2437 1717 2511; x_wconf 88' lang='grc' dir='ltr'>τοιαύτη</span> 
     </span>
     <span class='ocr_line' id='line_1_20' title="bbox 177 2535 1720 2639; baseline 0.001 -31"><span class='ocrx_word' id='word_1_230' title='bbox 177 2547 339 2632; x_wconf 87' lang='grc' dir='ltr'>συμφωνία</span> <span class='ocrx_word' id='word_1_231' title='bbox 363 2556 421 2620; x_wconf 84' lang='grc' dir='ltr'>τῇς</span> <span class='ocrx_word' id='word_1_232' title='bbox 446 2535 612 2633; x_wconf 87' lang='grc' dir='ltr'>διαφωνίας</span> <span class='ocrx_word' id='word_1_233' title='bbox 636 2547 746 2635; x_wconf 87' lang='grc' dir='ltr'>χείρων</span> <span class='ocrx_word' id='word_1_234' title='bbox 771 2537 836 2630; x_wconf 88' lang='grc' dir='ltr'>(διά</span> <span class='ocrx_word' id='word_1_235' title='bbox 860 2545 921 2637; x_wconf 87' lang='grc' dir='ltr'>γάρ</span> <span class='ocrx_word' id='word_1_236' title='bbox 945 2545 1250 2637; x_wconf 80' lang='grc' dir='ltr'>άσθένειανγίνεται</span> <span class='ocrx_word' id='word_1_237' title='bbox 1279 2559 1333 2612; x_wconf 81' lang='grc' dir='ltr'>τοῦ</span> <span class='ocrx_word' id='word_1_238' title='bbox 1356 2547 1479 2639; x_wconf 68' lang='grc' dir='ltr'>λόγου),</span> <span class='ocrx_word' id='word_1_239' title='bbox 1502 2546 1642 2638; x_wconf 89' lang='grc' dir='ltr'>καθάπερ</span> <span class='ocrx_word' id='word_1_240' title='bbox 1666 2547 1720 2610; x_wconf 88' lang='grc' dir='ltr'>καὶ</span> 
     </span>
     <span class='ocr_line' id='line_1_21' title="bbox 177 2651 1721 2745; baseline 0.001 -29"><span class='ocrx_word' id='word_1_241' title='bbox 177 2653 213 2716; x_wconf 84' lang='grc' dir='ltr'>τό</span> <span class='ocrx_word' id='word_1_242' title='bbox 238 2651 288 2717; x_wconf 84' lang='grc' dir='ltr'>ὲπί</span> <span class='ocrx_word' id='word_1_243' title='bbox 311 2661 369 2727; x_wconf 83' lang='grc' dir='ltr'>τῇς</span> <span class='ocrx_word' id='word_1_244' title='bbox 393 2654 469 2728; x_wconf 84' lang='grc' dir='ltr'>ὕλης</span> <span class='ocrx_word' id='word_1_245' title='bbox 494 2651 664 2740; x_wconf 91' lang='grc' dir='ltr'>ἀσώματον</span> <span class='ocrx_word' id='word_1_246' title='bbox 689 2663 752 2718; x_wconf 86' lang='grc' dir='ltr'>τῶν</span> <span class='ocrx_word' id='word_1_247' title='bbox 778 2655 932 2742; x_wconf 89' lang='grc' dir='ltr'>σωμάτων</span> <span class='ocrx_word' id='word_1_248' title='bbox 957 2666 1061 2744; x_wconf 88' lang='grc' dir='ltr'>χεῖρον</span> <span class='ocrx_word' id='word_1_249' title='bbox 1086 2655 1193 2719; x_wconf 81' lang='grc' dir='ltr'>καὶτὸ</span> <span class='ocrx_word' id='word_1_250' title='bbox 1210 2657 1363 2745; x_wconf 85' lang='grc' dir='ltr'>ἀγένητον</span> <span class='ocrx_word' id='word_1_251' title='bbox 1387 2665 1442 2718; x_wconf 84' lang='grc' dir='ltr'>τοῦ</span> <span class='ocrx_word' id='word_1_252' title='bbox 1466 2665 1613 2745; x_wconf 81' lang='grc' dir='ltr'>γενητοῦ,</span> <span class='ocrx_word' id='word_1_253' title='bbox 1638 2655 1721 2718; x_wconf 86' lang='grc' dir='ltr'>ὥστε</span> 
     </span>
     <span class='ocr_line' id='line_1_22' title="bbox 175 2753 1721 2853; baseline -0.001 -27"><span class='ocrx_word' id='word_1_254' title='bbox 175 2761 271 2827; x_wconf 84' lang='grc' dir='ltr'>ἔοικεν</span> <span class='ocrx_word' id='word_1_255' title='bbox 296 2767 315 2834; x_wconf 78' lang='grc' dir='ltr'>η</span> <span class='ocrx_word' id='word_1_256' title='bbox 341 2765 372 2826; x_wconf 86' lang='grc' dir='ltr'>ἐν</span> <span class='ocrx_word' id='word_1_257' title='bbox 396 2760 512 2835; x_wconf 86' lang='grc' dir='ltr'>πλήθει</span> <span class='ocrx_word' id='word_1_258' title='bbox 536 2753 727 2839; x_wconf 85' lang='grc' dir='ltr'>δικαιοσύνη,</span> <span class='ocrx_word' id='word_1_259' title='bbox 753 2761 830 2827; x_wconf 84' lang='grc' dir='ltr'>καθὸ</span> <span class='ocrx_word' id='word_1_260' title='bbox 847 2765 1009 2852; x_wconf 88' lang='grc' dir='ltr'>συμφωνία</span> <span class='ocrx_word' id='word_1_261' title='bbox 1025 2766 1072 2838; x_wconf 88' lang='grc' dir='ltr'>τίς</span> <span class='ocrx_word' id='word_1_262' title='bbox 1089 2766 1183 2840; x_wconf 85' lang='grc' dir='ltr'>Ιεστιν,</span> <span class='ocrx_word' id='word_1_263' title='bbox 1201 2765 1288 2827; x_wconf 88' lang='grc' dir='ltr'>αἰτία</span> <span class='ocrx_word' id='word_1_264' title='bbox 1305 2757 1381 2827; x_wconf 83' lang='grc' dir='ltr'>εἶναι</span> <span class='ocrx_word' id='word_1_265' title='bbox 1405 2773 1467 2828; x_wconf 85' lang='grc' dir='ltr'>τῶν</span> <span class='ocrx_word' id='word_1_266' title='bbox 1491 2757 1643 2853; x_wconf 75' lang='grc' dir='ltr'>πράξεων,</span> <span class='ocrx_word' id='word_1_267' title='bbox 1667 2763 1721 2826; x_wconf 85' lang='grc' dir='ltr'>καί</span> 
     </span>
     <span class='ocr_line' id='line_1_23' title="bbox 177 2851 1718 2961; baseline 0.003 -30"><span class='ocrx_word' id='word_1_268' title='bbox 177 2860 228 2933; x_wconf 87' lang='grc' dir='ltr'>διά</span> <span class='ocrx_word' id='word_1_269' title='bbox 252 2879 347 2934; x_wconf 85' lang='grc' dir='ltr'>τοῦτο</span> <span class='ocrx_word' id='word_1_270' title='bbox 371 2867 412 2932; x_wconf 85' lang='grc' dir='ltr'>τά</span> <span class='ocrx_word' id='word_1_271' title='bbox 428 2880 485 2945; x_wconf 82' lang='grc' dir='ltr'>τῆς</span> <span class='ocrx_word' id='word_1_272' title='bbox 503 2871 678 2959; x_wconf 88' lang='grc' dir='ltr'>συμφωνίας</span> <span class='ocrx_word' id='word_1_273' title='bbox 695 2871 779 2959; x_wconf 88' lang='grc' dir='ltr'>ἰχνος</span> <span class='ocrx_word' id='word_1_274' title='bbox 796 2897 829 2935; x_wconf 89' lang='grc' dir='ltr'>τι</span> <span class='ocrx_word' id='word_1_275' title='bbox 845 2870 1116 2961; x_wconf 84' lang='grc' dir='ltr'>παρασπασάμενα</span> <span class='ocrx_word' id='word_1_276' title='bbox 1135 2851 1284 2934; x_wconf 84' lang='grc' dir='ltr'>δύνασθαι</span> <span class='ocrx_word' id='word_1_277' title='bbox 1309 2871 1460 2959; x_wconf 87' lang='grc' dir='ltr'>πράττειν</span> <span class='ocrx_word' id='word_1_278' title='bbox 1485 2870 1654 2960; x_wconf 84' lang='grc' dir='ltr'>συμφώνως</span> <span class='ocrx_word' id='word_1_279' title='bbox 1678 2880 1718 2954; x_wconf 89' lang='grc' dir='ltr'>τῇ</span> 
     </span>
     <span class='ocr_line' id='line_1_24' title="bbox 178 2969 1722 3067; baseline -0.001 -27"><span class='ocrx_word' id='word_1_280' title='bbox 178 2979 348 3066; x_wconf 78' lang='grc' dir='ltr'>συμφωνίᾳ.</span> <span class='ocrx_word' id='word_1_281' title='bbox 374 2981 409 3040; x_wconf 81' lang='grc' dir='ltr'>Εἰ</span> <span class='ocrx_word' id='word_1_282' title='bbox 433 2977 487 3065; x_wconf 85' lang='grc' dir='ltr'>μὲν</span> <span class='ocrx_word' id='word_1_283' title='bbox 505 2974 565 3067; x_wconf 85' lang='grc' dir='ltr'>γάρ</span> <span class='ocrx_word' id='word_1_284' title='bbox 583 2981 602 3049; x_wconf 81' lang='grc' dir='ltr'>ι)</span> <span class='ocrx_word' id='word_1_285' title='bbox 621 2979 783 3066; x_wconf 87' lang='grc' dir='ltr'>συμφωνία</span> <span class='ocrx_word' id='word_1_286' title='bbox 801 2977 885 3041; x_wconf 83' lang='grc' dir='ltr'>κατά</span> <span class='ocrx_word' id='word_1_287' title='bbox 903 2976 990 3066; x_wconf 90' lang='grc' dir='ltr'>φύσιν</span> <span class='ocrx_word' id='word_1_288' title='bbox 1008 2977 1061 3041; x_wconf 82' lang='grc' dir='ltr'>καί</span> <span class='ocrx_word' id='word_1_289' title='bbox 1086 2975 1217 3059; x_wconf 65' lang='grc' dir='ltr'>ἀληθής,</span> <span class='ocrx_word' id='word_1_290' title='bbox 1235 2977 1289 3041; x_wconf 89' lang='grc' dir='ltr'>καί</span> <span class='ocrx_word' id='word_1_291' title='bbox 1313 2969 1491 3049; x_wconf 88' lang='grc' dir='ltr'>δικαιοσύνη</span> <span class='ocrx_word' id='word_1_292' title='bbox 1518 2975 1650 3052; x_wconf 82' lang='grc' dir='ltr'>ἀληθὴς,</span> <span class='ocrx_word' id='word_1_293' title='bbox 1668 2977 1722 3040; x_wconf 86' lang='grc' dir='ltr'>καὶ</span> 
     </span>
     <span class='ocr_line' id='line_1_25' title="bbox 178 3075 1718 3176; baseline -0.002 -28"><span class='ocrx_word' id='word_1_294' title='bbox 178 3075 282 3174; x_wconf 83' lang='grc' dir='ltr'>δόγμα</span> <span class='ocrx_word' id='word_1_295' title='bbox 307 3085 343 3148; x_wconf 87' lang='grc' dir='ltr'>τό</span> <span class='ocrx_word' id='word_1_296' title='bbox 368 3085 436 3176; x_wconf 86' lang='grc' dir='ltr'>περὶ</span> <span class='ocrx_word' id='word_1_297' title='bbox 461 3095 515 3149; x_wconf 79' lang='grc' dir='ltr'>τοῦ</span> <span class='ocrx_word' id='word_1_298' title='bbox 540 3088 667 3175; x_wconf 77' lang='grc' dir='ltr'>ὀρεκτού</span> <span class='ocrx_word' id='word_1_299' title='bbox 693 3083 812 3174; x_wconf 83' lang='grc' dir='ltr'>ἀγαθοῦ</span> <span class='ocrx_word' id='word_1_300' title='bbox 831 3084 955 3169; x_wconf 85' lang='grc' dir='ltr'>ἀληθὲς,</span> <span class='ocrx_word' id='word_1_301' title='bbox 975 3083 1026 3148; x_wconf 82' lang='grc' dir='ltr'>καὶ</span> <span class='ocrx_word' id='word_1_302' title='bbox 1043 3090 1075 3147; x_wconf 87' lang='grc' dir='ltr'>αἰ</span> <span class='ocrx_word' id='word_1_303' title='bbox 1098 3078 1223 3173; x_wconf 79' lang='grc' dir='ltr'>πράξεις</span> <span class='ocrx_word' id='word_1_304' title='bbox 1247 3082 1345 3174; x_wconf 78' lang='grc' dir='ltr'>ὀρθαί</span> <span class='ocrx_word' id='word_1_305' title='bbox 1370 3090 1397 3148; x_wconf 90' lang='grc' dir='ltr'>εἰ</span> <span class='ocrx_word' id='word_1_306' title='bbox 1421 3075 1454 3148; x_wconf 88' lang='grc' dir='ltr'>δὲ</span> <span class='ocrx_word' id='word_1_307' title='bbox 1478 3083 1562 3173; x_wconf 87' lang='grc' dir='ltr'>παρά</span> <span class='ocrx_word' id='word_1_308' title='bbox 1587 3083 1674 3172; x_wconf 87' lang='grc' dir='ltr'>φύσιν</span> <span class='ocrx_word' id='word_1_309' title='bbox 1698 3089 1718 3156; x_wconf 82' lang='grc' dir='ltr'>ι)</span> 
     </span>
     <span class='ocr_line' id='line_1_26' title="bbox 178 3182 1723 3282; baseline -0.001 -28"><span class='ocrx_word' id='word_1_310' title='bbox 178 3193 349 3280; x_wconf 77' lang='grc' dir='ltr'>συμφωνία,</span> <span class='ocrx_word' id='word_1_311' title='bbox 373 3201 435 3256; x_wconf 88' lang='grc' dir='ltr'>τῶν</span> <span class='ocrx_word' id='word_1_312' title='bbox 460 3192 647 3281; x_wconf 88' lang='grc' dir='ltr'>κρειττόνων</span> <span class='ocrx_word' id='word_1_313' title='bbox 672 3202 736 3267; x_wconf 81' lang='grc' dir='ltr'>τοῖς</span> <span class='ocrx_word' id='word_1_314' title='bbox 759 3194 895 3282; x_wconf 89' lang='grc' dir='ltr'>χείροσιν</span> <span class='ocrx_word' id='word_1_315' title='bbox 919 3194 1087 3281; x_wconf 82' lang='grc' dir='ltr'>ἑπομένων,</span> <span class='ocrx_word' id='word_1_316' title='bbox 1109 3192 1162 3256; x_wconf 86' lang='grc' dir='ltr'>καί</span> <span class='ocrx_word' id='word_1_317' title='bbox 1185 3191 1227 3256; x_wconf 80' lang='grc' dir='ltr'>τά</span> <span class='ocrx_word' id='word_1_318' title='bbox 1250 3191 1346 3256; x_wconf 88' lang='grc' dir='ltr'>λοιπά</span> <span class='ocrx_word' id='word_1_319' title='bbox 1368 3191 1473 3257; x_wconf 88' lang='grc' dir='ltr'>πάντα</span> <span class='ocrx_word' id='word_1_320' title='bbox 1498 3182 1645 3256; x_wconf 87' lang='grc' dir='ltr'>εἰδωλικά</span> <span class='ocrx_word' id='word_1_321' title='bbox 1669 3190 1723 3254; x_wconf 85' lang='grc' dir='ltr'>καί</span> 
     </span>
     <span class='ocr_line' id='line_1_27' title="bbox 178 3290 1721 3390; baseline -0.001 -27"><span class='ocrx_word' id='word_1_322' title='bbox 178 3291 275 3386; x_wconf 84' lang='grc' dir='ltr'>ψευδὴ</span> <span class='ocrx_word' id='word_1_323' title='bbox 302 3300 356 3364; x_wconf 85' lang='grc' dir='ltr'>καί</span> <span class='ocrx_word' id='word_1_324' title='bbox 379 3299 551 3389; x_wconf 89' lang='grc' dir='ltr'>φαινόμενα</span> <span class='ocrx_word' id='word_1_325' title='bbox 570 3299 672 3389; x_wconf 90' lang='grc' dir='ltr'>μόνον·</span> <span class='ocrx_word' id='word_1_326' title='bbox 689 3300 763 3390; x_wconf 83' lang='grc' dir='ltr'>πρός</span> <span class='ocrx_word' id='word_1_327' title='bbox 781 3309 826 3381; x_wconf 88' lang='grc' dir='ltr'>τῷ</span> <span class='ocrx_word' id='word_1_328' title='bbox 844 3290 925 3388; x_wconf 82' lang='grc' dir='ltr'>μηδὲ</span> <span class='ocrx_word' id='word_1_329' title='bbox 941 3301 990 3364; x_wconf 90' lang='grc' dir='ltr'>άεί</span> <span class='ocrx_word' id='word_1_330' title='bbox 1007 3291 1156 3365; x_wconf 87' lang='grc' dir='ltr'>δύνασθαι</span> <span class='ocrx_word' id='word_1_331' title='bbox 1173 3311 1348 3388; x_wconf 89' lang='grc' dir='ltr'>συμφωνεῖν</span> <span class='ocrx_word' id='word_1_332' title='bbox 1364 3303 1462 3384; x_wconf 82' lang='grc' dir='ltr'>ἑαυτῇ</span> <span class='ocrx_word' id='word_1_333' title='bbox 1486 3297 1545 3372; x_wconf 73' lang='grc' dir='ltr'>τὴν</span> <span class='ocrx_word' id='word_1_334' title='bbox 1569 3297 1721 3371; x_wconf 87' lang='grc' dir='ltr'>τοιαύτην</span> 
     </span>
     <span class='ocr_line' id='line_1_28' title="bbox 178 3399 1722 3500; baseline -0.001 -30"><span class='ocrx_word' id='word_1_335' title='bbox 178 3399 271 3484; x_wconf 81' lang='grc' dir='ltr'>ζωήν·</span> <span class='ocrx_word' id='word_1_336' title='bbox 291 3411 322 3472; x_wconf 88' lang='grc' dir='ltr'>αἰ</span> <span class='ocrx_word' id='word_1_337' title='bbox 334 3407 393 3500; x_wconf 89' lang='grc' dir='ltr'>γάρ</span> <span class='ocrx_word' id='word_1_338' title='bbox 411 3407 511 3474; x_wconf 87' lang='grc' dir='ltr'>κοιναί</span> <span class='ocrx_word' id='word_1_339' title='bbox 524 3407 637 3473; x_wconf 74' lang='grc' dir='ltr'>ἔννοιαι</span> <span class='ocrx_word' id='word_1_340' title='bbox 652 3407 702 3498; x_wconf 91' lang='grc' dir='ltr'>[ού</span> <span class='ocrx_word' id='word_1_341' title='bbox 716 3413 791 3494; x_wconf 73' lang='lat' dir='ltr'><strong>post</strong></span> <span class='ocrx_word' id='word_1_342' title='bbox 803 3408 930 3476; x_wconf 77' lang='lat' dir='ltr'>Usener</span> <span class='ocrx_word' id='word_1_343' title='bbox 941 3408 1055 3474; x_wconf 73' lang='lat' dir='ltr'>inserit</span> <span class='ocrx_word' id='word_1_344' title='bbox 1068 3405 1225 3494; x_wconf 72' lang='grc'><strong>80110011]</strong></span> <span class='ocrx_word' id='word_1_345' title='bbox 1241 3399 1389 3471; x_wconf 90' lang='grc' dir='ltr'>δύνανται</span> <span class='ocrx_word' id='word_1_346' title='bbox 1402 3409 1546 3480; x_wconf 77' lang='grc' dir='ltr'>ἀκίνητοι</span> <span class='ocrx_word' id='word_1_347' title='bbox 1559 3405 1669 3496; x_wconf 86' lang='grc' dir='ltr'>μένειν.</span> <span class='ocrx_word' id='word_1_348' title='bbox 1682 3423 1722 3476; x_wconf 75' lang='grc' dir='ltr'>-ζζ-</span> 
     </span>
    </p>
   </div>
   <div class='ocr_carea' id='block_1_6' title="bbox 178 3741 1725 4164">
    <p class='ocr_par' dir='ltr' id='par_1_6' title="bbox 178 3741 1725 4164">
     <span class='ocr_line' id='line_1_29' title="bbox 223 3741 1723 3841; baseline -0.001 -27"><span class='ocrx_word' id='word_1_349' title='bbox 223 3749 283 3815; x_wconf 84' lang='grc' dir='ltr'>Εό.</span> <span class='ocrx_word' id='word_1_350' title='bbox 301 3773 333 3835; x_wconf 93' lang='lat' dir='ltr'>p.</span> <span class='ocrx_word' id='word_1_351' title='bbox 351 3752 425 3830; x_wconf 80' lang='grc'>354,</span> <span class='ocrx_word' id='word_1_352' title='bbox 443 3752 465 3817; x_wconf 93' lang='grc'><strong>1.</strong></span> <span class='ocrx_word' id='word_1_353' title='bbox 485 3755 501 3817; x_wconf 90' lang='lat'>1</span> <span class='ocrx_word' id='word_1_354' title='bbox 528 3749 586 3820; x_wconf 77' lang='grc' dir='ltr'>τήν</span> <span class='ocrx_word' id='word_1_355' title='bbox 604 3754 654 3841; x_wconf 90' lang='grc' dir='ltr'>γε)</span> <span class='ocrx_word' id='word_1_356' title='bbox 671 3751 715 3816; x_wconf 90' lang='grc' dir='ltr'>Μ.</span> <span class='ocrx_word' id='word_1_357' title='bbox 732 3750 791 3822; x_wconf 77' lang='grc' dir='ltr'>τήν</span> <span class='ocrx_word' id='word_1_358' title='bbox 808 3773 856 3816; x_wconf 89' lang='grc' dir='ltr'>τε.</span> <span class='ocrx_word' id='word_1_359' title='bbox 880 3789 922 3798; x_wconf 96' lang='grc'><strong>-</strong></span> <span class='ocrx_word' id='word_1_360' title='bbox 979 3749 1062 3839; x_wconf 87' lang='grc' dir='ltr'>μετά</span> <span class='ocrx_word' id='word_1_361' title='bbox 1086 3749 1208 3821; x_wconf 89' lang='grc' dir='ltr'>ταύτην</span> <span class='ocrx_word' id='word_1_362' title='bbox 1233 3754 1317 3814; x_wconf 84' lang='grc' dir='ltr'>ἐστιν</span> <span class='ocrx_word' id='word_1_363' title='bbox 1342 3755 1361 3823; x_wconf 74' lang='grc' dir='ltr'>ι)</span> <span class='ocrx_word' id='word_1_364' title='bbox 1388 3741 1521 3814; x_wconf 79' lang='grc' dir='ltr'>δοκοῦσα</span> <span class='ocrx_word' id='word_1_365' title='bbox 1546 3748 1600 3814; x_wconf 91' lang='grc' dir='ltr'>καί</span> <span class='ocrx_word' id='word_1_366' title='bbox 1622 3746 1723 3838; x_wconf 86' lang='grc' dir='ltr'>πράτ·</span> 
     </span>
     <span class='ocr_line' id='line_1_30' title="bbox 179 3855 1724 3947; baseline -0.001 -22"><span class='ocrx_word' id='word_1_367' title='bbox 179 3860 201 3924; x_wconf 94' lang='lat' dir='ltr'>l.</span> <span class='ocrx_word' id='word_1_368' title='bbox 219 3863 240 3925; x_wconf 89' lang='grc'>4</span> <span class='ocrx_word' id='word_1_369' title='bbox 260 3859 382 3947; x_wconf 85' lang='grc' dir='ltr'>κρατεῖ)</span> <span class='ocrx_word' id='word_1_370' title='bbox 399 3869 511 3947; x_wconf 89' lang='grc' dir='ltr'>κρατῇ.</span> <span class='ocrx_word' id='word_1_371' title='bbox 528 3895 566 3907; x_wconf 83' lang='lat'>·-</span> <span class='ocrx_word' id='word_1_372' title='bbox 587 3859 706 3926; x_wconf 78' lang='grc'><strong>11101.</strong></span> <span class='ocrx_word' id='word_1_373' title='bbox 727 3862 778 3925; x_wconf 88' lang='grc'>14.</span> <span class='ocrx_word' id='word_1_374' title='bbox 797 3897 836 3906; x_wconf 90' lang='lat'>-</span> <span class='ocrx_word' id='word_1_375' title='bbox 855 3860 877 3925; x_wconf 91' lang='grc'><strong>1.</strong></span> <span class='ocrx_word' id='word_1_376' title='bbox 902 3863 922 3926; x_wconf 91' lang='grc'>8</span> <span class='ocrx_word' id='word_1_377' title='bbox 977 3882 1053 3936; x_wconf 90' lang='grc' dir='ltr'>τειν,</span> <span class='ocrx_word' id='word_1_378' title='bbox 1078 3859 1131 3921; x_wconf 86' lang='grc' dir='ltr'>καί</span> <span class='ocrx_word' id='word_1_379' title='bbox 1156 3861 1212 3944; x_wconf 80' lang='grc' dir='ltr'>όλῇ</span> <span class='ocrx_word' id='word_1_380' title='bbox 1233 3869 1272 3945; x_wconf 88' lang='grc' dir='ltr'>τῇ</span> <span class='ocrx_word' id='word_1_381' title='bbox 1291 3855 1376 3946; x_wconf 88' lang='grc' dir='ltr'>ψυχῇ</span> <span class='ocrx_word' id='word_1_382' title='bbox 1403 3856 1566 3947; x_wconf 85' lang='grc' dir='ltr'>πράττειν.</span> <span class='ocrx_word' id='word_1_383' title='bbox 1585 3896 1624 3906; x_wconf 88' lang='grc'><strong>-</strong></span> <span class='ocrx_word' id='word_1_384' title='bbox 1642 3859 1664 3923; x_wconf 92' lang='grc'><strong>1.</strong></span> <span class='ocrx_word' id='word_1_385' title='bbox 1681 3861 1724 3924; x_wconf 90' lang='grc'>24</span> 
     </span>
     <span class='ocr_line' id='line_1_31' title="bbox 179 3955 1724 4054; baseline -0.001 -26"><span class='ocrx_word' id='word_1_386' title='bbox 179 3963 342 4052; x_wconf 89' lang='grc' dir='ltr'>κοσμούσι)</span> <span class='ocrx_word' id='word_1_387' title='bbox 365 3963 551 4054; x_wconf 85' lang='grc' dir='ltr'>κοσμούσης.</span> <span class='ocrx_word' id='word_1_388' title='bbox 569 3967 649 4032; x_wconf 83' lang='grc'>-1,</span> <span class='ocrx_word' id='word_1_389' title='bbox 667 3969 686 4030; x_wconf 83' lang='lat'>9</span> <span class='ocrx_word' id='word_1_390' title='bbox 704 3955 922 4054; x_wconf 79' lang='grc' dir='ltr'>ἠνδραδίσθαι)</span> <span class='ocrx_word' id='word_1_391' title='bbox 979 3968 1114 4049; x_wconf 80' lang='grc' dir='ltr'>βλέπων)</span> <span class='ocrx_word' id='word_1_392' title='bbox 1142 3967 1267 4050; x_wconf 88' lang='grc' dir='ltr'>βλέπον.</span> <span class='ocrx_word' id='word_1_393' title='bbox 1287 3968 1367 4031; x_wconf 89' lang='grc'><strong>-1.</strong></span> <span class='ocrx_word' id='word_1_394' title='bbox 1386 3969 1428 4032; x_wconf 86' lang='lat'>26</span> <span class='ocrx_word' id='word_1_395' title='bbox 1448 3957 1558 4054; x_wconf 77' lang='grc' dir='ltr'>πρᾶξις</span> <span class='ocrx_word' id='word_1_396' title='bbox 1585 3973 1724 4052; x_wconf 84' lang='grc' dir='ltr'>μετεῖναι</span> 
     </span>
     <span class='ocr_line' id='line_1_32' title="bbox 178 4062 1725 4164; baseline 0 -30"><span class='ocrx_word' id='word_1_397' title='bbox 178 4062 433 4161; x_wconf 79' lang='grc' dir='ltr'>ἠνδραποδίσθαι.</span> <span class='ocrx_word' id='word_1_398' title='bbox 454 4075 533 4140; x_wconf 88' lang='grc'><strong>-1,</strong></span> <span class='ocrx_word' id='word_1_399' title='bbox 553 4077 593 4141; x_wconf 90' lang='lat'>10</span> <span class='ocrx_word' id='word_1_400' title='bbox 617 4077 633 4136; x_wconf 96' lang='lat'>6</span> <span class='ocrx_word' id='word_1_401' title='bbox 651 4065 703 4138; x_wconf 88' lang='grc' dir='ltr'>διά</span> <span class='ocrx_word' id='word_1_402' title='bbox 726 4085 821 4138; x_wconf 81' lang='grc' dir='ltr'>τούτο</span> <span class='ocrx_word' id='word_1_403' title='bbox 845 4078 924 4139; x_wconf 83' lang='grc' dir='ltr'>ἐκεί·</span> <span class='ocrx_word' id='word_1_404' title='bbox 978 4082 1023 4158; x_wconf 87' lang='grc' dir='ltr'>τῷ</span> <span class='ocrx_word' id='word_1_405' title='bbox 1035 4067 1336 4164; x_wconf 80' lang='grc' dir='ltr'>πράγματι)πράξις</span> <span class='ocrx_word' id='word_1_406' title='bbox 1350 4064 1397 4138; x_wconf 85' lang='grc' dir='ltr'>δεῖ</span> <span class='ocrx_word' id='word_1_407' title='bbox 1410 4083 1551 4160; x_wconf 87' lang='grc' dir='ltr'>μετεῖναι</span> <span class='ocrx_word' id='word_1_408' title='bbox 1565 4083 1609 4154; x_wconf 85' lang='grc' dir='ltr'>τῷ</span> <span class='ocrx_word' id='word_1_409' title='bbox 1626 4069 1725 4159; x_wconf 85' lang='grc' dir='ltr'>πράτ-</span> 
     </span>
    </p>
   </div>
   <div class='ocr_carea' id='block_1_7' title="bbox 179 4172 929 5454">
    <p class='ocr_par' dir='ltr' id='par_1_7' title="bbox 179 4172 927 5106">
     <span class='ocr_line' id='line_1_33' title="bbox 179 4172 922 4271; baseline 0.004 -30"><span class='ocrx_word' id='word_1_410' title='bbox 179 4182 234 4261; x_wconf 89' lang='grc' dir='ltr'>νῳ)</span> <span class='ocrx_word' id='word_1_411' title='bbox 259 4183 274 4242; x_wconf 91' lang='lat'>6</span> <span class='ocrx_word' id='word_1_412' title='bbox 299 4181 353 4244; x_wconf 90' lang='grc' dir='ltr'>καί</span> <span class='ocrx_word' id='word_1_413' title='bbox 377 4172 428 4245; x_wconf 85' lang='grc' dir='ltr'>διά</span> <span class='ocrx_word' id='word_1_414' title='bbox 444 4191 539 4246; x_wconf 81' lang='grc' dir='ltr'>τοῦτο</span> <span class='ocrx_word' id='word_1_415' title='bbox 559 4183 666 4246; x_wconf 77' lang='grc' dir='ltr'>ἐκεῖνο.</span> <span class='ocrx_word' id='word_1_416' title='bbox 686 4221 727 4230; x_wconf 90' lang='grc'><strong>-</strong></span> <span class='ocrx_word' id='word_1_417' title='bbox 745 4175 922 4271; x_wconf 76' lang='grc' dir='ltr'>ἐξευρίσκει)</span> 
     </span>
     <span class='ocr_line' id='line_1_34' title="bbox 181 4279 924 4378; baseline 0.001 -27"><span class='ocrx_word' id='word_1_418' title='bbox 181 4279 353 4376; x_wconf 72' lang='grc' dir='ltr'>ἐξευρίσκῃ.</span> <span class='ocrx_word' id='word_1_419' title='bbox 371 4290 448 4355; x_wconf 89' lang='grc'><strong>-1,</strong></span> <span class='ocrx_word' id='word_1_420' title='bbox 469 4293 506 4355; x_wconf 90' lang='lat' dir='ltr'>ll</span> <span class='ocrx_word' id='word_1_421' title='bbox 525 4287 622 4378; x_wconf 82' lang='grc' dir='ltr'>ἥμισυ</span> <span class='ocrx_word' id='word_1_422' title='bbox 639 4281 803 4372; x_wconf 80' lang='grc' dir='ltr'>σώζοντος)</span> <span class='ocrx_word' id='word_1_423' title='bbox 827 4289 924 4377; x_wconf 67' lang='grc' dir='ltr'>ἥμισυ</span> 
     </span>
     <span class='ocr_line' id='line_1_35' title="bbox 181 4387 924 4487; baseline 0.009 -30"><span class='ocrx_word' id='word_1_424' title='bbox 181 4387 307 4472; x_wconf 75' lang='grc' dir='ltr'>ζῶντος.</span> <span class='ocrx_word' id='word_1_425' title='bbox 327 4439 365 4450; x_wconf 93' lang='grc'>-</span> <span class='ocrx_word' id='word_1_426' title='bbox 388 4398 410 4464; x_wconf 91' lang='lat' dir='ltr'>l.</span> <span class='ocrx_word' id='word_1_427' title='bbox 438 4401 478 4464; x_wconf 83' lang='lat'>12</span> <span class='ocrx_word' id='word_1_428' title='bbox 502 4395 702 4486; x_wconf 87' lang='grc' dir='ltr'>προτιθέντα)</span> <span class='ocrx_word' id='word_1_429' title='bbox 723 4395 924 4487; x_wconf 89' lang='grc' dir='ltr'>προτεθέντα.</span> 
     </span>
     <span class='ocr_line' id='line_1_36' title="bbox 182 4493 924 4592; baseline 0 -24"><span class='ocrx_word' id='word_1_430' title='bbox 182 4543 220 4554; x_wconf 94' lang='lat'>-</span> <span class='ocrx_word' id='word_1_431' title='bbox 236 4503 258 4570; x_wconf 94' lang='grc'><strong>1.</strong></span> <span class='ocrx_word' id='word_1_432' title='bbox 278 4506 319 4570; x_wconf 86' lang='grc'><strong>13</strong></span> <span class='ocrx_word' id='word_1_433' title='bbox 337 4493 428 4581; x_wconf 78' lang='grc' dir='ltr'>δόξας</span> <span class='ocrx_word' id='word_1_434' title='bbox 444 4504 539 4592; x_wconf 87' lang='grc' dir='ltr'>ἔχειν)</span> <span class='ocrx_word' id='word_1_435' title='bbox 564 4493 592 4569; x_wconf 92' lang='grc' dir='ltr'>δ.</span> <span class='ocrx_word' id='word_1_436' title='bbox 609 4497 694 4567; x_wconf 84' lang='grc' dir='ltr'>εἶναι.</span> <span class='ocrx_word' id='word_1_437' title='bbox 712 4543 754 4551; x_wconf 89' lang='grc'>-</span> <span class='ocrx_word' id='word_1_438' title='bbox 772 4509 803 4570; x_wconf 83' lang='grc' dir='ltr'>ἑν</span> <span class='ocrx_word' id='word_1_439' title='bbox 829 4508 924 4586; x_wconf 83' lang='grc' dir='ltr'>αύτῷ,</span> 
     </span>
     <span class='ocr_line' id='line_1_37' title="bbox 182 4601 925 4694; baseline 0.005 -22"><span class='ocrx_word' id='word_1_440' title='bbox 182 4611 253 4673; x_wconf 87' lang='grc' dir='ltr'>ἀλλ’</span> <span class='ocrx_word' id='word_1_441' title='bbox 268 4601 346 4694; x_wconf 80' lang='grc' dir='ltr'>ἤδη)</span> <span class='ocrx_word' id='word_1_442' title='bbox 364 4614 394 4676; x_wconf 82' lang='grc' dir='ltr'>ἐν</span> <span class='ocrx_word' id='word_1_443' title='bbox 412 4615 497 4693; x_wconf 84' lang='grc' dir='ltr'>αύτῷ</span> <span class='ocrx_word' id='word_1_444' title='bbox 512 4610 693 4694; x_wconf 85' lang='grc' dir='ltr'>βελτίστας,</span> <span class='ocrx_word' id='word_1_445' title='bbox 710 4609 779 4674; x_wconf 88' lang='grc' dir='ltr'>ἀλλ’</span> <span class='ocrx_word' id='word_1_446' title='bbox 794 4602 868 4683; x_wconf 81' lang='grc' dir='ltr'>ἤδη.</span> <span class='ocrx_word' id='word_1_447' title='bbox 882 4649 925 4661; x_wconf 90' lang='lat'><em>-</em></span> 
     </span>
     <span class='ocr_line' id='line_1_38' title="bbox 181 4717 926 4806; baseline -0.003 -22"><span class='ocrx_word' id='word_1_448' title='bbox 181 4718 204 4784; x_wconf 92' lang='lat' dir='ltr'>l.</span> <span class='ocrx_word' id='word_1_449' title='bbox 223 4721 264 4784; x_wconf 88' lang='lat'>16</span> <span class='ocrx_word' id='word_1_450' title='bbox 288 4719 361 4806; x_wconf 83' lang='grc' dir='ltr'>ἔχη)</span> <span class='ocrx_word' id='word_1_451' title='bbox 386 4719 462 4806; x_wconf 79' lang='grc' dir='ltr'>ἔχει.</span> <span class='ocrx_word' id='word_1_452' title='bbox 490 4755 528 4766; x_wconf 89' lang='grc'>-</span> <span class='ocrx_word' id='word_1_453' title='bbox 553 4718 575 4784; x_wconf 92' lang='grc'><strong>1.</strong></span> <span class='ocrx_word' id='word_1_454' title='bbox 595 4721 634 4784; x_wconf 88' lang='grc'><strong>17</strong></span> <span class='ocrx_word' id='word_1_455' title='bbox 660 4717 812 4806; x_wconf 86' lang='grc' dir='ltr'>ἀντέχειν,</span> <span class='ocrx_word' id='word_1_456' title='bbox 835 4721 926 4804; x_wconf 88' lang='grc' dir='ltr'>όταν)</span> 
     </span>
     <span class='ocr_line' id='line_1_39' title="bbox 183 4819 926 4918; baseline 0.001 -29"><span class='ocrx_word' id='word_1_457' title='bbox 183 4826 325 4916; x_wconf 80' lang='grc' dir='ltr'>ἀντέχειν</span> <span class='ocrx_word' id='word_1_458' title='bbox 349 4827 423 4915; x_wconf 79' lang='grc' dir='ltr'>πρός</span> <span class='ocrx_word' id='word_1_459' title='bbox 448 4827 485 4890; x_wconf 81' lang='grc' dir='ltr'>τό</span> <span class='ocrx_word' id='word_1_460' title='bbox 506 4825 603 4900; x_wconf 86' lang='grc' dir='ltr'>πάθος</span> <span class='ocrx_word' id='word_1_461' title='bbox 620 4835 665 4908; x_wconf 88' lang='grc' dir='ltr'>τῷ</span> <span class='ocrx_word' id='word_1_462' title='bbox 683 4819 828 4913; x_wconf 74' lang='grc' dir='ltr'>μειζόνως</span> <span class='ocrx_word' id='word_1_463' title='bbox 853 4831 926 4918; x_wconf 80' lang='grc' dir='ltr'>ὁρᾶν</span> 
     </span>
     <span class='ocr_line' id='line_1_40' title="bbox 181 4934 927 5024; baseline 0.004 -28"><span class='ocrx_word' id='word_1_464' title='bbox 181 4934 219 4997; x_wconf 81' lang='grc' dir='ltr'>τό</span> <span class='ocrx_word' id='word_1_465' title='bbox 244 4934 374 5024; x_wconf 80' lang='grc' dir='ltr'>ἀγαθόν,</span> <span class='ocrx_word' id='word_1_466' title='bbox 390 4934 444 5000; x_wconf 88' lang='grc' dir='ltr'>καί</span> <span class='ocrx_word' id='word_1_467' title='bbox 468 4936 588 5024; x_wconf 79' lang='grc' dir='ltr'>μᾶλλον</span> <span class='ocrx_word' id='word_1_468' title='bbox 613 4935 694 5023; x_wconf 79' lang='grc' dir='ltr'>ἔχειν</span> <span class='ocrx_word' id='word_1_469' title='bbox 719 4935 803 5000; x_wconf 88' lang='grc' dir='ltr'>κατά</span> <span class='ocrx_word' id='word_1_470' title='bbox 826 4936 927 5023; x_wconf 92' lang='grc' dir='ltr'>φύσιν,</span> 
     </span>
     <span class='ocr_line' id='line_1_41' title="bbox 182 5063 266 5106; baseline 0 0"><span class='ocrx_word' id='word_1_471' title='bbox 182 5063 266 5106; x_wconf 91' lang='grc' dir='ltr'>οταν.</span> 
     </span>
    </p>

    <p class='ocr_par' dir='ltr' id='par_1_8' title="bbox 181 5149 929 5454">
     <span class='ocr_line' id='line_1_42' title="bbox 226 5149 929 5239; baseline 0 -25"><span class='ocrx_word' id='word_1_472' title='bbox 226 5151 270 5216; x_wconf 87' lang='lat' dir='ltr'>M.</span> <span class='ocrx_word' id='word_1_473' title='bbox 287 5151 345 5216; x_wconf 81' lang='lat' dir='ltr'><strong>fol.</strong></span> <span class='ocrx_word' id='word_1_474' title='bbox 366 5153 405 5216; x_wconf 88' lang='grc'><strong>14</strong></span> <span class='ocrx_word' id='word_1_475' title='bbox 422 5173 452 5216; x_wconf 82' lang='grc' dir='ltr'>ν.</span> <span class='ocrx_word' id='word_1_476' title='bbox 470 5187 507 5199; x_wconf 91' lang='grc'><strong>-</strong></span> <span class='ocrx_word' id='word_1_477' title='bbox 526 5151 548 5216; x_wconf 93' lang='grc'><strong>1.</strong></span> <span class='ocrx_word' id='word_1_478' title='bbox 564 5152 605 5215; x_wconf 92' lang='grc'>21</span> <span class='ocrx_word' id='word_1_479' title='bbox 623 5152 834 5239; x_wconf 88' lang='grc' dir='ltr'>πραγμάτων)</span> <span class='ocrx_word' id='word_1_480' title='bbox 849 5149 929 5239; x_wconf 89' lang='grc' dir='ltr'>πρά-</span> 
     </span>
     <span class='ocr_line' id='line_1_43' title="bbox 181 5248 926 5346; baseline 0 -26"><span class='ocrx_word' id='word_1_481' title='bbox 181 5248 268 5332; x_wconf 77' lang='grc' dir='ltr'>ξεων.</span> <span class='ocrx_word' id='word_1_482' title='bbox 285 5295 325 5332; x_wconf 68' lang='grc'>-,</span> <span class='ocrx_word' id='word_1_483' title='bbox 341 5259 363 5323; x_wconf 92' lang='grc'><strong>1.</strong></span> <span class='ocrx_word' id='word_1_484' title='bbox 382 5259 424 5322; x_wconf 90' lang='grc'>22</span> <span class='ocrx_word' id='word_1_485' title='bbox 441 5267 482 5341; x_wconf 84' lang='grc' dir='ltr'>τῇ</span> <span class='ocrx_word' id='word_1_486' title='bbox 500 5254 584 5344; x_wconf 84' lang='grc' dir='ltr'>ψυχῇ</span> <span class='ocrx_word' id='word_1_487' title='bbox 602 5254 766 5346; x_wconf 88' lang='grc' dir='ltr'>πράττειν)</span> <span class='ocrx_word' id='word_1_488' title='bbox 783 5265 823 5342; x_wconf 90' lang='grc' dir='ltr'>τῇ</span> <span class='ocrx_word' id='word_1_489' title='bbox 842 5253 926 5346; x_wconf 87' lang='grc' dir='ltr'>ψυχῇ</span> 
     </span>
     <span class='ocr_line' id='line_1_44' title="bbox 182 5354 928 5454; baseline 0.004 -27"><span class='ocrx_word' id='word_1_490' title='bbox 182 5354 355 5453; x_wconf 85' lang='grc' dir='ltr'>δεδογμένα</span> <span class='ocrx_word' id='word_1_491' title='bbox 379 5354 430 5428; x_wconf 88' lang='grc' dir='ltr'>διά</span> <span class='ocrx_word' id='word_1_492' title='bbox 453 5364 490 5428; x_wconf 82' lang='grc' dir='ltr'>τό</span> <span class='ocrx_word' id='word_1_493' title='bbox 514 5357 591 5428; x_wconf 86' lang='grc' dir='ltr'>εἷναί</span> <span class='ocrx_word' id='word_1_494' title='bbox 607 5387 678 5428; x_wconf 88' lang='grc' dir='ltr'>τινα</span> <span class='ocrx_word' id='word_1_495' title='bbox 703 5363 823 5454; x_wconf 90' lang='grc' dir='ltr'>μάχην·</span> <span class='ocrx_word' id='word_1_496' title='bbox 848 5371 867 5437; x_wconf 80' lang='grc' dir='ltr'>η</span> <span class='ocrx_word' id='word_1_497' title='bbox 895 5355 928 5430; x_wconf 75' lang='grc' dir='ltr'>δέ</span> 
     </span>
    </p>
   </div>
   <div class='ocr_carea' id='block_1_8' title="bbox 978 4173 1725 4900">
    <p class='ocr_par' dir='ltr' id='par_1_9' title="bbox 978 4173 1724 4592">
     <span class='ocr_line' id='line_1_45' title="bbox 978 4173 1723 4264; baseline 0.001 -19"><span class='ocrx_word' id='word_1_498' title='bbox 978 4205 1076 4246; x_wconf 91' lang='grc' dir='ltr'>τοντι.</span> <span class='ocrx_word' id='word_1_499' title='bbox 1100 4221 1143 4229; x_wconf 98' lang='grc'>-</span> <span class='ocrx_word' id='word_1_500' title='bbox 1167 4183 1190 4248; x_wconf 91' lang='lat' dir='ltr'>l.</span> <span class='ocrx_word' id='word_1_501' title='bbox 1214 4185 1255 4247; x_wconf 85' lang='lat'>27</span> <span class='ocrx_word' id='word_1_502' title='bbox 1280 4174 1395 4264; x_wconf 74' lang='grc' dir='ltr'>λάύης)</span> <span class='ocrx_word' id='word_1_503' title='bbox 1424 4173 1544 4254; x_wconf 73' lang='grc' dir='ltr'>λάθοις.</span> <span class='ocrx_word' id='word_1_504' title='bbox 1569 4219 1610 4228; x_wconf 87' lang='lat'><em>-</em></span> <span class='ocrx_word' id='word_1_505' title='bbox 1634 4182 1656 4246; x_wconf 93' lang='grc'><strong>1.</strong></span> <span class='ocrx_word' id='word_1_506' title='bbox 1682 4181 1723 4246; x_wconf 88' lang='grc'>29</span> 
     </span>
     <span class='ocr_line' id='line_1_46' title="bbox 979 4281 1723 4376; baseline -0.011 -21"><span class='ocrx_word' id='word_1_507' title='bbox 979 4291 1113 4376; x_wconf 88' lang='grc' dir='ltr'>εἰκότος)</span> <span class='ocrx_word' id='word_1_508' title='bbox 1145 4289 1280 4366; x_wconf 88' lang='grc' dir='ltr'>εἰκότως.</span> <span class='ocrx_word' id='word_1_509' title='bbox 1308 4329 1348 4339; x_wconf 90' lang='lat'>-</span> <span class='ocrx_word' id='word_1_510' title='bbox 1372 4293 1394 4357; x_wconf 89' lang='lat' dir='ltr'>l.</span> <span class='ocrx_word' id='word_1_511' title='bbox 1427 4293 1469 4355; x_wconf 87' lang='grc'>32</span> <span class='ocrx_word' id='word_1_512' title='bbox 1500 4283 1577 4352; x_wconf 88' lang='grc' dir='ltr'>εἶναι</span> <span class='ocrx_word' id='word_1_513' title='bbox 1606 4281 1723 4374; x_wconf 73' lang='grc' dir='ltr'>ψυχὴν)</span> 
     </span>
     <span class='ocr_line' id='line_1_47' title="bbox 980 4391 1724 4485; baseline -0.005 -25"><span class='ocrx_word' id='word_1_514' title='bbox 980 4391 1056 4460; x_wconf 89' lang='grc' dir='ltr'>εἰναι</span> <span class='ocrx_word' id='word_1_515' title='bbox 1072 4392 1169 4485; x_wconf 88' lang='grc' dir='ltr'>ψυχῇ.</span> <span class='ocrx_word' id='word_1_516' title='bbox 1188 4437 1228 4445; x_wconf 99' lang='grc'>-</span> <span class='ocrx_word' id='word_1_517' title='bbox 1246 4399 1268 4464; x_wconf 93' lang='lat' dir='ltr'>l.</span> <span class='ocrx_word' id='word_1_518' title='bbox 1286 4400 1328 4464; x_wconf 87' lang='grc'>33</span> <span class='ocrx_word' id='word_1_519' title='bbox 1345 4397 1398 4460; x_wconf 87' lang='grc' dir='ltr'>καί</span> <span class='ocrx_word' id='word_1_520' title='bbox 1415 4399 1445 4460; x_wconf 83' lang='grc' dir='ltr'>ἐν</span> <span class='ocrx_word' id='word_1_521' title='bbox 1463 4397 1519 4481; x_wconf 86' lang='grc' dir='ltr'>τῇ)</span> <span class='ocrx_word' id='word_1_522' title='bbox 1537 4418 1600 4461; x_wconf 76' lang='lat' dir='ltr'>om,</span> <span class='ocrx_word' id='word_1_523' title='bbox 1617 4403 1668 4478; x_wconf 84' lang='grc' dir='ltr'>τῇ,</span> <span class='ocrx_word' id='word_1_524' title='bbox 1684 4431 1724 4442; x_wconf 90' lang='lat'><em>-</em></span> 
     </span>
     <span class='ocr_line' id='line_1_48' title="bbox 981 4497 1424 4592; baseline -0.005 -22"><span class='ocrx_word' id='word_1_525' title='bbox 981 4497 1183 4592; x_wconf 78' lang='grc' dir='ltr'>διασώζεται)</span> <span class='ocrx_word' id='word_1_526' title='bbox 1208 4497 1255 4570; x_wconf 83' lang='grc' dir='ltr'>διό</span> <span class='ocrx_word' id='word_1_527' title='bbox 1280 4499 1424 4582; x_wconf 74' lang='grc' dir='ltr'>σώζεται.</span> 
     </span>
    </p>

    <p class='ocr_par' dir='ltr' id='par_1_10' title="bbox 981 4609 1725 4900">
     <span class='ocr_line' id='line_1_49' title="bbox 1026 4609 1725 4700; baseline -0.01 -21"><span class='ocrx_word' id='word_1_528' title='bbox 1026 4613 1056 4679; x_wconf 85' lang='grc' dir='ltr'><strong>Α</strong></span> <span class='ocrx_word' id='word_1_529' title='bbox 1080 4613 1186 4698; x_wconf 78' lang='lat' dir='ltr'>capite</span> <span class='ocrx_word' id='word_1_530' title='bbox 1202 4613 1344 4700; x_wconf 82' lang='lat' dir='ltr'>paginae</span> <span class='ocrx_word' id='word_1_531' title='bbox 1361 4611 1505 4698; x_wconf 84' lang='lat' dir='ltr'>praefixa</span> <span class='ocrx_word' id='word_1_532' title='bbox 1522 4614 1598 4676; x_wconf 78' lang='lat' dir='ltr'><strong>sunt</strong></span> <span class='ocrx_word' id='word_1_533' title='bbox 1614 4609 1725 4674; x_wconf 84' lang='lat' dir='ltr'>decem</span> 
     </span>
     <span class='ocr_line' id='line_1_50' title="bbox 981 4717 1725 4810; baseline -0.009 -21"><span class='ocrx_word' id='word_1_534' title='bbox 981 4723 1189 4810; x_wconf 70' lang='lat' dir='ltr'><strong>glossemata,</strong></span> <span class='ocrx_word' id='word_1_535' title='bbox 1204 4722 1296 4808; x_wconf 77' lang='lat' dir='ltr'><strong>quasi</strong></span> <span class='ocrx_word' id='word_1_536' title='bbox 1309 4722 1348 4788; x_wconf 89' lang='lat' dir='ltr'>de</span> <span class='ocrx_word' id='word_1_537' title='bbox 1365 4721 1456 4786; x_wconf 85' lang='lat' dir='ltr'><strong>vario</strong></span> <span class='ocrx_word' id='word_1_538' title='bbox 1474 4719 1651 4786; x_wconf 74' lang='lat' dir='ltr'>certamine</span> <span class='ocrx_word' id='word_1_539' title='bbox 1663 4717 1725 4784; x_wconf 82' lang='lat' dir='ltr'>viri</span> 
     </span>
     <span class='ocr_line' id='line_1_51' title="bbox 982 4833 1267 4900; baseline -0.014 0"><span class='ocrx_word' id='word_1_540' title='bbox 982 4856 1054 4900; x_wconf 84' lang='lat' dir='ltr'>eum</span> <span class='ocrx_word' id='word_1_541' title='bbox 1078 4833 1267 4899; x_wconf 77' lang='lat' dir='ltr'>affectibus:</span> 
     </span>
    </p>
   </div>
   <div class='ocr_carea' id='block_1_9' title="bbox 1026 4989 1726 5186">
    <p class='ocr_par' dir='ltr' id='par_1_11' title="bbox 1026 4989 1726 5186">
     <span class='ocr_line' id='line_1_52' title="bbox 1026 4989 1714 5080; baseline -0.007 -26"><span class='ocrx_word' id='word_1_542' title='bbox 1026 4999 1138 5080; x_wconf 83' lang='grc' dir='ltr'>κρατεῖ</span> <span class='ocrx_word' id='word_1_543' title='bbox 1152 4989 1194 5078; x_wconf 78' lang='grc' dir='ltr'>μὴ</span> <span class='ocrx_word' id='word_1_544' title='bbox 1217 5013 1278 5077; x_wconf 85' lang='grc' dir='ltr'>μα·</span> <span class='ocrx_word' id='word_1_545' title='bbox 1324 4997 1504 5077; x_wconf 88' lang='grc' dir='ltr'>κρατεῖμα-</span> <span class='ocrx_word' id='word_1_546' title='bbox 1548 4994 1714 5075; x_wconf 83' lang='grc' dir='ltr'>κρατεῖται</span> 
     </span>
     <span class='ocr_line' id='line_1_53' title="bbox 1327 5094 1726 5186; baseline -0.003 -27"><span class='ocrx_word' id='word_1_547' title='bbox 1327 5096 1458 5186; x_wconf 89' lang='grc' dir='ltr'>χόμενος</span> <span class='ocrx_word' id='word_1_548' title='bbox 1549 5094 1726 5184; x_wconf 87' lang='grc' dir='ltr'>μαχόμενος</span> 
     </span>
    </p>
   </div>
   <div class='ocr_carea' id='block_1_10' title="bbox 1028 5255 1461 5348">
    <p class='ocr_par' dir='ltr' id='par_1_12' title="bbox 1028 5255 1461 5348">
     <span class='ocr_line' id='line_1_54' title="bbox 1028 5255 1461 5348; baseline -0.012 -25"><span class='ocrx_word' id='word_1_549' title='bbox 1028 5255 1185 5348; x_wconf 83' lang='grc' dir='ltr'>ὑπηρετιλς</span> <span class='ocrx_word' id='word_1_550' title='bbox 1234 5295 1235 5298; x_wconf 61' lang='lat'><em>=</em></span> <span class='ocrx_word' id='word_1_551' title='bbox 1295 5265 1461 5345; x_wconf 80' lang='grc' dir='ltr'>κρατεῖται</span> 
     </span>
    </p>
   </div>
   <div class='ocr_carea' id='block_1_11' title="bbox 1028 5361 1542 5452">
    <p class='ocr_par' dir='ltr' id='par_1_13' title="bbox 1028 5361 1542 5452">
     <span class='ocr_line' id='line_1_55' title="bbox 1028 5361 1542 5452; baseline -0.012 -22"><span class='ocrx_word' id='word_1_552' title='bbox 1028 5377 1093 5442; x_wconf 84' lang='grc' dir='ltr'>τοῖς</span> <span class='ocrx_word' id='word_1_553' title='bbox 1117 5363 1246 5429; x_wconf 83' lang='grc' dir='ltr'>πάθεσιν</span> <span class='ocrx_word' id='word_1_554' title='bbox 1293 5361 1336 5452; x_wconf 80' lang='grc' dir='ltr'>μὴ</span> <span class='ocrx_word' id='word_1_555' title='bbox 1356 5361 1542 5452; x_wconf 83' lang='grc' dir='ltr'>μαχόμενος.</span> 
     </span>
    </p>
   </div>
   <div class='ocr_carea' id='block_1_12' title="bbox 1027 5099 1174 5187">
    <p class='ocr_par' dir='ltr' id='par_1_14' title="bbox 1027 5099 1174 5187">
     <span class='ocr_line' id='line_1_56' title="bbox 1027 5099 1174 5187; baseline 0.02 -25"><span class='ocrx_word' id='word_1_556' title='bbox 1027 5099 1174 5187; x_wconf 75' lang='grc' dir='ltr'>χόμενοςτ</span> 
     </span>
    </p>
   </div>
   <div class='ocr_carea' id='block_1_13' title="bbox 0 0 1990 6068">
    <p class='ocr_par' dir='ltr' id='par_1_15' title="bbox 0 0 1990 6068">
     <span class='ocr_line' id='line_1_57' title="bbox 0 0 1990 6068; baseline 0 0"><span class='ocrx_word' id='word_1_557' title='bbox 0 0 1990 6068; x_wconf 95' lang='lat' dir='ltr'> </span> 
     </span>
    </p>
   </div>
  </div>
 </body>
</html>
