<?xml version="1.0" encoding="UTF-8"?>
<!DOCTYPE html PUBLIC "-//W3C//DTD XHTML 1.0 Transitional//EN"
    "http://www.w3.org/TR/xhtml1/DTD/xhtml1-transitional.dtd">
<html xmlns="http://www.w3.org/1999/xhtml" xml:lang="en" lang="en">
 <head>
  <title>
</title>
<meta http-equiv="Content-Type" content="text/html;charset=utf-8" />
  <meta name='ocr-system' content='tesseract 3.04.00' />
  <meta name='ocr-capabilities' content='ocr_page ocr_carea ocr_par ocr_line ocrx_word'/>
</head>
<body>
  <div class='ocr_page' id='page_1' title='image "./analectasacrasp02pitrgoog_0453.png"; bbox 0 0 3944 6074; ppageno 0'>
   <div class='ocr_carea' id='block_1_1' title="bbox 298 506 1366 597">
    <p class='ocr_par' dir='ltr' id='par_1_1' title="bbox 298 506 1366 597">
     <span class='ocr_line' id='line_1_1' title="bbox 298 506 1366 597; baseline 0.01 -26"><span class='ocrx_word' id='word_1_1' title='bbox 298 516 352 572; x_wconf 79' lang='lat'>194</span> <span class='ocrx_word' id='word_1_2' title='bbox 776 507 830 580; x_wconf 82' lang='lat' dir='ltr'>De</span> <span class='ocrx_word' id='word_1_3' title='bbox 847 527 982 578; x_wconf 76' lang='lat' dir='ltr'><strong><em>summa</em></strong></span> <span class='ocrx_word' id='word_1_4' title='bbox 1000 506 1197 597; x_wconf 76' lang='lat' dir='ltr'><em>etperlecta</em></span> <span class='ocrx_word' id='word_1_5' title='bbox 1215 508 1366 582; x_wconf 81' lang='grc' dir='ltr'>εοίοκίίιι.</span> 
     </span>
    </p>
   </div>
   <div class='ocr_carea' id='block_1_2' title="bbox 258 672 1855 1202">
    <p class='ocr_par' dir='ltr' id='par_1_2' title="bbox 296 672 1849 772">
     <span class='ocr_line' id='line_1_2' title="bbox 296 672 1849 772; baseline -0.003 -26"><span class='ocrx_word' id='word_1_6' title='bbox 296 681 414 770; x_wconf 81' lang='grc' dir='ltr'>φθόνος·</span> <span class='ocrx_word' id='word_1_7' title='bbox 440 681 586 772; x_wconf 76' lang='grc' dir='ltr'>στερήσει</span> <span class='ocrx_word' id='word_1_8' title='bbox 609 681 669 772; x_wconf 85' lang='grc' dir='ltr'>γάρ</span> <span class='ocrx_word' id='word_1_9' title='bbox 685 691 748 744; x_wconf 86' lang='grc' dir='ltr'>τῶν</span> <span class='ocrx_word' id='word_1_10' title='bbox 766 677 891 768; x_wconf 86' lang='grc' dir='ltr'>ἀγαθῶν</span> <span class='ocrx_word' id='word_1_11' title='bbox 910 677 1096 761; x_wconf 79' lang='grc' dir='ltr'>σόνοικον,η</span> <span class='ocrx_word' id='word_1_12' title='bbox 1116 672 1150 745; x_wconf 78' lang='grc' dir='ltr'>δέ</span> <span class='ocrx_word' id='word_1_13' title='bbox 1167 681 1309 771; x_wconf 86' lang='grc' dir='ltr'>στέρησις</span> <span class='ocrx_word' id='word_1_14' title='bbox 1326 691 1365 765; x_wconf 83' lang='grc' dir='ltr'>τῇ</span> <span class='ocrx_word' id='word_1_15' title='bbox 1391 681 1493 772; x_wconf 85' lang='grc' dir='ltr'>ἀγόνῳ</span> <span class='ocrx_word' id='word_1_16' title='bbox 1512 681 1571 769; x_wconf 83' lang='grc' dir='ltr'>ὕλῃ</span> <span class='ocrx_word' id='word_1_17' title='bbox 1599 681 1849 771; x_wconf 79' lang='grc' dir='ltr'>σινυρέστηκεν·</span> 
     </span>
    </p>

    <p class='ocr_par' dir='ltr' id='par_1_3' title="bbox 297 779 1853 881">
     <span class='ocr_line' id='line_1_3' title="bbox 297 779 1853 881; baseline 0 -28"><span class='ocrx_word' id='word_1_18' title='bbox 297 787 427 878; x_wconf 70' lang='grc' dir='ltr'>ἄφθονον</span> <span class='ocrx_word' id='word_1_19' title='bbox 452 779 485 852; x_wconf 82' lang='grc' dir='ltr'>θὲ</span> <span class='ocrx_word' id='word_1_20' title='bbox 508 791 545 854; x_wconf 86' lang='grc' dir='ltr'>τό</span> <span class='ocrx_word' id='word_1_21' title='bbox 570 787 714 878; x_wconf 78' lang='grc' dir='ltr'>θεουργόν</span> <span class='ocrx_word' id='word_1_22' title='bbox 739 787 846 876; x_wconf 80' lang='grc' dir='ltr'>ρόλον,</span> <span class='ocrx_word' id='word_1_23' title='bbox 869 787 921 850; x_wconf 88' lang='grc' dir='ltr'>καί</span> <span class='ocrx_word' id='word_1_24' title='bbox 939 789 1177 874; x_wconf 84' lang='grc' dir='ltr'>ἀνατεινόμενον</span> <span class='ocrx_word' id='word_1_25' title='bbox 1194 794 1235 864; x_wconf 86' lang='grc' dir='ltr'>ἐἰς</span> <span class='ocrx_word' id='word_1_26' title='bbox 1260 788 1314 852; x_wconf 88' lang='grc' dir='ltr'>τόν</span> <span class='ocrx_word' id='word_1_27' title='bbox 1339 783 1435 866; x_wconf 76' lang='grc' dir='ltr'>ζῆλον</span> <span class='ocrx_word' id='word_1_28' title='bbox 1459 801 1517 866; x_wconf 77' lang='grc' dir='ltr'>τῆς</span> <span class='ocrx_word' id='word_1_29' title='bbox 1541 800 1597 855; x_wconf 88' lang='grc' dir='ltr'>τοῦ</span> <span class='ocrx_word' id='word_1_30' title='bbox 1621 796 1702 855; x_wconf 85' lang='grc' dir='ltr'>θεοῦ</span> <span class='ocrx_word' id='word_1_31' title='bbox 1729 789 1853 881; x_wconf 77' lang='grc' dir='ltr'>ἀγαθό-</span> 
     </span>
    </p>

    <p class='ocr_par' dir='ltr' id='par_1_4' title="bbox 297 887 1855 986">
     <span class='ocr_line' id='line_1_4' title="bbox 297 887 1855 986; baseline -0.001 -23"><span class='ocrx_word' id='word_1_32' title='bbox 297 923 404 974; x_wconf 90' lang='grc' dir='ltr'>τητος,</span> <span class='ocrx_word' id='word_1_33' title='bbox 430 898 499 961; x_wconf 83' lang='grc' dir='ltr'>ἀλλ’</span> <span class='ocrx_word' id='word_1_34' title='bbox 525 901 580 962; x_wconf 85' lang='grc' dir='ltr'>οὐκ</span> <span class='ocrx_word' id='word_1_35' title='bbox 603 903 643 972; x_wconf 89' lang='grc' dir='ltr'>εἰς</span> <span class='ocrx_word' id='word_1_36' title='bbox 668 898 855 986; x_wconf 78' lang='grc' dir='ltr'>φιλονεικίας</span> <span class='ocrx_word' id='word_1_37' title='bbox 873 893 1041 984; x_wconf 83' lang='grc' dir='ltr'>ἀνθρώπων</span> <span class='ocrx_word' id='word_1_38' title='bbox 1059 895 1112 959; x_wconf 86' lang='grc' dir='ltr'>καί</span> <span class='ocrx_word' id='word_1_39' title='bbox 1128 887 1309 983; x_wconf 72' lang='grc' dir='ltr'>δυσμενείας</span> <span class='ocrx_word' id='word_1_40' title='bbox 1326 895 1586 984; x_wconf 86' lang='grc' dir='ltr'>κατασπώμενον.</span> <span class='ocrx_word' id='word_1_41' title='bbox 1612 905 1723 961; x_wconf 83' lang='grc' dir='ltr'>Ταῦτα</span> <span class='ocrx_word' id='word_1_42' title='bbox 1749 890 1787 963; x_wconf 78' lang='grc' dir='ltr'>δὲ</span> <span class='ocrx_word' id='word_1_43' title='bbox 1812 897 1855 962; x_wconf 82' lang='grc' dir='ltr'>τά</span> 
     </span>
    </p>

    <p class='ocr_par' dir='ltr' id='par_1_5' title="bbox 258 1003 1855 1202">
     <span class='ocr_line' id='line_1_5' title="bbox 296 1003 1855 1096; baseline -0.001 -25"><span class='ocrx_word' id='word_1_44' title='bbox 296 1006 381 1079; x_wconf 88' lang='grc' dir='ltr'>πάθη</span> <span class='ocrx_word' id='word_1_45' title='bbox 408 1017 477 1082; x_wconf 86' lang='grc' dir='ltr'>ταῖς</span> <span class='ocrx_word' id='word_1_46' title='bbox 501 1004 613 1096; x_wconf 71' lang='grc' dir='ltr'>ψυχαῖς</span> <span class='ocrx_word' id='word_1_47' title='bbox 635 1005 908 1084; x_wconf 84' lang='grc' dir='ltr'>ἐναποκλειόμενα,</span> <span class='ocrx_word' id='word_1_48' title='bbox 925 1003 1196 1093; x_wconf 84' lang='grc' dir='ltr'>ἑναπομόργνυταί</span> <span class='ocrx_word' id='word_1_49' title='bbox 1213 1029 1284 1068; x_wconf 86' lang='grc' dir='ltr'>τινα</span> <span class='ocrx_word' id='word_1_50' title='bbox 1301 1009 1331 1068; x_wconf 82' lang='grc' dir='ltr'>ἐν</span> <span class='ocrx_word' id='word_1_51' title='bbox 1350 1014 1394 1087; x_wconf 86' lang='grc' dir='ltr'>τῷ</span> <span class='ocrx_word' id='word_1_52' title='bbox 1412 1005 1567 1094; x_wconf 78' lang='grc' dir='ltr'>πνεόματι</span> <span class='ocrx_word' id='word_1_53' title='bbox 1590 1009 1702 1081; x_wconf 86' lang='grc' dir='ltr'>κακίας</span> <span class='ocrx_word' id='word_1_54' title='bbox 1728 1009 1855 1088; x_wconf 84' lang='grc' dir='ltr'>ἔνυλον,</span> 
     </span>
     <span class='ocr_line' id='line_1_6' title="bbox 258 1105 1354 1202; baseline 0.002 -26"><span class='ocrx_word' id='word_1_55' title='bbox 258 1140 270 1176; x_wconf 85' lang='grc' dir='ltr'>ι</span> <span class='ocrx_word' id='word_1_56' title='bbox 297 1118 351 1180; x_wconf 89' lang='grc' dir='ltr'>καί</span> <span class='ocrx_word' id='word_1_57' title='bbox 376 1118 615 1202; x_wconf 76' lang='grc' dir='ltr'>ἀναπίμπλησιν</span> <span class='ocrx_word' id='word_1_58' title='bbox 639 1117 716 1179; x_wconf 78' lang='grc' dir='ltr'>αὐτὸ</span> <span class='ocrx_word' id='word_1_59' title='bbox 741 1125 798 1191; x_wconf 77' lang='grc' dir='ltr'>τῆς</span> <span class='ocrx_word' id='word_1_60' title='bbox 823 1117 931 1188; x_wconf 75' lang='grc' dir='ltr'>ὑλικῆς</span> <span class='ocrx_word' id='word_1_61' title='bbox 956 1111 1130 1202; x_wconf 86' lang='grc' dir='ltr'>στερήσεως</span> <span class='ocrx_word' id='word_1_62' title='bbox 1154 1111 1208 1176; x_wconf 86' lang='grc' dir='ltr'>καί</span> <span class='ocrx_word' id='word_1_63' title='bbox 1232 1105 1354 1192; x_wconf 79' lang='grc' dir='ltr'>ἀζοιίκς.</span> 
     </span>
    </p>
   </div>
   <div class='ocr_carea' id='block_1_3' title="bbox 743 1437 1406 1746">
    <p class='ocr_par' dir='ltr' id='par_1_6' title="bbox 743 1437 1406 1746">
     <span class='ocr_line' id='line_1_7' title="bbox 1052 1437 1096 1504; baseline 0.045 -2"><span class='ocrx_word' id='word_1_64' title='bbox 1052 1437 1096 1504; x_wconf 85' lang='grc' dir='ltr'>Δ’.</span> 
     </span>
     <span class='ocr_line' id='line_1_8' title="bbox 743 1657 1406 1746; baseline 0.002 -25"><span class='ocrx_word' id='word_1_65' title='bbox 743 1663 804 1721; x_wconf 90' lang='grc' dir='ltr'>Τοῦ</span> <span class='ocrx_word' id='word_1_66' title='bbox 830 1659 925 1720; x_wconf 85' lang='grc' dir='ltr'>αὑτοῦ</span> <span class='ocrx_word' id='word_1_67' title='bbox 949 1657 984 1720; x_wconf 87' lang='grc' dir='ltr'>ἐκ</span> <span class='ocrx_word' id='word_1_68' title='bbox 1008 1667 1066 1731; x_wconf 80' lang='grc' dir='ltr'>τῆς</span> <span class='ocrx_word' id='word_1_69' title='bbox 1091 1658 1189 1731; x_wconf 80' lang='grc' dir='ltr'>αὐτῆς</span> <span class='ocrx_word' id='word_1_70' title='bbox 1213 1659 1406 1746; x_wconf 76' lang='grc' dir='ltr'>φιλοσοφίας.</span> 
     </span>
    </p>
   </div>
   <div class='ocr_carea' id='block_1_4' title="bbox 226 1865 1871 4994">
    <p class='ocr_par' dir='ltr' id='par_1_7' title="bbox 301 1865 1861 2290">
     <span class='ocr_line' id='line_1_9' title="bbox 346 1865 1858 1964; baseline -0.006 -22"><span class='ocrx_word' id='word_1_71' title='bbox 346 1876 511 1964; x_wconf 85' lang='grc' dir='ltr'>Ἱσταμένη</span> <span class='ocrx_word' id='word_1_72' title='bbox 537 1881 556 1949; x_wconf 85' lang='grc' dir='ltr'>ή</span> <span class='ocrx_word' id='word_1_73' title='bbox 584 1871 666 1964; x_wconf 70' lang='grc' dir='ltr'>ψυχὴ</span> <span class='ocrx_word' id='word_1_74' title='bbox 693 1873 777 1940; x_wconf 84' lang='grc' dir='ltr'>κατά</span> <span class='ocrx_word' id='word_1_75' title='bbox 800 1875 837 1938; x_wconf 86' lang='grc' dir='ltr'>τό</span> <span class='ocrx_word' id='word_1_76' title='bbox 863 1865 1062 1945; x_wconf 70' lang='grc' dir='ltr'>διανοητικόν</span> <span class='ocrx_word' id='word_1_77' title='bbox 1087 1875 1123 1937; x_wconf 81' lang='grc' dir='ltr'>τό</span> <span class='ocrx_word' id='word_1_78' title='bbox 1147 1876 1272 1948; x_wconf 78' lang='grc' dir='ltr'>ἑαυτῆς,</span> <span class='ocrx_word' id='word_1_79' title='bbox 1299 1873 1480 1958; x_wconf 85' lang='grc' dir='ltr'>ἐπιστήμων</span> <span class='ocrx_word' id='word_1_80' title='bbox 1505 1872 1573 1937; x_wconf 88' lang='grc' dir='ltr'>ἑστί</span> <span class='ocrx_word' id='word_1_81' title='bbox 1595 1881 1658 1937; x_wconf 84' lang='grc' dir='ltr'>τῶν</span> <span class='ocrx_word' id='word_1_82' title='bbox 1683 1873 1797 1937; x_wconf 76' lang='grc' dir='ltr'>ὄντων·</span> <span class='ocrx_word' id='word_1_83' title='bbox 1824 1877 1858 1936; x_wconf 87' lang='grc' dir='ltr'>ἑν</span> 
     </span>
     <span class='ocr_line' id='line_1_10' title="bbox 301 1973 1861 2074; baseline -0.002 -27"><span class='ocrx_word' id='word_1_84' title='bbox 301 1975 335 2050; x_wconf 75' lang='grc' dir='ltr'>δὲ</span> <span class='ocrx_word' id='word_1_85' title='bbox 357 1995 402 2068; x_wconf 86' lang='grc' dir='ltr'>τῷ</span> <span class='ocrx_word' id='word_1_86' title='bbox 426 1994 520 2074; x_wconf 82' lang='grc' dir='ltr'>νοερῷ</span> <span class='ocrx_word' id='word_1_87' title='bbox 544 1994 602 2060; x_wconf 83' lang='grc' dir='ltr'>τῆς</span> <span class='ocrx_word' id='word_1_88' title='bbox 617 1981 640 2068; x_wconf 89' lang='lat'>¹)</span> <span class='ocrx_word' id='word_1_89' title='bbox 665 1986 777 2058; x_wconf 80' lang='grc' dir='ltr'>οἰκείας</span> <span class='ocrx_word' id='word_1_90' title='bbox 802 1984 905 2058; x_wconf 71' lang='grc' dir='ltr'>οὐσίας</span> <span class='ocrx_word' id='word_1_91' title='bbox 929 1981 1046 2055; x_wconf 78' lang='grc' dir='ltr'>ἑαυτὴν</span> <span class='ocrx_word' id='word_1_92' title='bbox 1078 1973 1243 2070; x_wconf 81' lang='grc' dir='ltr'>ίθρόσασα,</span> <span class='ocrx_word' id='word_1_93' title='bbox 1269 1991 1333 2044; x_wconf 88' lang='grc' dir='ltr'>νοεῖ</span> <span class='ocrx_word' id='word_1_94' title='bbox 1354 1980 1396 2045; x_wconf 83' lang='grc' dir='ltr'>τά</span> <span class='ocrx_word' id='word_1_95' title='bbox 1418 1980 1524 2046; x_wconf 78' lang='grc' dir='ltr'>πάντα</span> <span class='ocrx_word' id='word_1_96' title='bbox 1555 1991 1624 2056; x_wconf 87' lang='grc' dir='ltr'>ταῖς</span> <span class='ocrx_word' id='word_1_97' title='bbox 1657 1986 1774 2055; x_wconf 81' lang='grc' dir='ltr'>ἁπλαῖς</span> <span class='ocrx_word' id='word_1_98' title='bbox 1802 1982 1861 2044; x_wconf 85' lang='grc' dir='ltr'>καὶ</span> 
     </span>
     <span class='ocr_line' id='line_1_11' title="bbox 302 2083 1859 2182; baseline -0.002 -25"><span class='ocrx_word' id='word_1_99' title='bbox 302 2095 478 2182; x_wconf 84' lang='grc' dir='ltr'>ἀμερίστοις</span> <span class='ocrx_word' id='word_1_100' title='bbox 495 2085 665 2168; x_wconf 66' lang='grc' dir='ltr'>ὲπιίίολαῖς·</span> <span class='ocrx_word' id='word_1_101' title='bbox 683 2099 725 2168; x_wconf 87' lang='grc' dir='ltr'>εἰς</span> <span class='ocrx_word' id='word_1_102' title='bbox 743 2085 776 2156; x_wconf 76' lang='grc' dir='ltr'>δὲ</span> <span class='ocrx_word' id='word_1_103' title='bbox 794 2094 829 2155; x_wconf 82' lang='grc' dir='ltr'>τό</span> <span class='ocrx_word' id='word_1_104' title='bbox 846 2091 876 2156; x_wconf 80' lang='grc' dir='ltr'>έν</span> <span class='ocrx_word' id='word_1_105' title='bbox 894 2083 1125 2180; x_wconf 85' lang='grc' dir='ltr'>ἀναθραμοῦσκ,</span> <span class='ocrx_word' id='word_1_106' title='bbox 1141 2089 1194 2154; x_wconf 87' lang='grc' dir='ltr'>καί</span> <span class='ocrx_word' id='word_1_107' title='bbox 1211 2099 1272 2153; x_wconf 82' lang='grc' dir='ltr'>πᾶν</span> <span class='ocrx_word' id='word_1_108' title='bbox 1290 2089 1326 2154; x_wconf 83' lang='grc' dir='ltr'>τό</span> <span class='ocrx_word' id='word_1_109' title='bbox 1344 2093 1374 2154; x_wconf 88' lang='grc' dir='ltr'>ἑν</span> <span class='ocrx_word' id='word_1_110' title='bbox 1393 2092 1473 2174; x_wconf 78' lang='grc' dir='ltr'>αὐτῇ</span> <span class='ocrx_word' id='word_1_111' title='bbox 1493 2083 1700 2177; x_wconf 82' lang='grc' dir='ltr'>συμπτόξασα</span> <span class='ocrx_word' id='word_1_112' title='bbox 1717 2089 1859 2166; x_wconf 80' lang='grc' dir='ltr'>πλῆθος,</span> 
     </span>
     <span class='ocr_line' id='line_1_12' title="bbox 302 2191 1861 2290; baseline -0.004 -24"><span class='ocrx_word' id='word_1_113' title='bbox 302 2200 507 2275; x_wconf 85' lang='grc' dir='ltr'>ἑνθεαστικῶς</span> <span class='ocrx_word' id='word_1_114' title='bbox 532 2203 658 2290; x_wconf 80' lang='grc' dir='ltr'>Ιενεργεῖ,</span> <span class='ocrx_word' id='word_1_115' title='bbox 676 2201 730 2264; x_wconf 89' lang='grc' dir='ltr'>καί</span> <span class='ocrx_word' id='word_1_116' title='bbox 746 2199 940 2264; x_wconf 82' lang='grc' dir='ltr'>συνάπτεται</span> <span class='ocrx_word' id='word_1_117' title='bbox 956 2210 1024 2274; x_wconf 88' lang='grc' dir='ltr'>ταῖς</span> <span class='ocrx_word' id='word_1_118' title='bbox 1042 2198 1115 2288; x_wconf 86' lang='grc' dir='ltr'>ὑπὲρ</span> <span class='ocrx_word' id='word_1_119' title='bbox 1133 2209 1201 2262; x_wconf 90' lang='grc' dir='ltr'>νοῦν</span> <span class='ocrx_word' id='word_1_120' title='bbox 1219 2191 1376 2287; x_wconf 78' lang='grc' dir='ltr'>ὑπάρξεσι·</span> <span class='ocrx_word' id='word_1_121' title='bbox 1395 2207 1439 2279; x_wconf 89' lang='grc' dir='ltr'>τῷ</span> <span class='ocrx_word' id='word_1_122' title='bbox 1453 2194 1479 2280; x_wconf 77' lang='lat'>³)</span> <span class='ocrx_word' id='word_1_123' title='bbox 1496 2198 1555 2287; x_wconf 71' lang='grc' dir='ltr'>γὰρ</span> <span class='ocrx_word' id='word_1_124' title='bbox 1572 2201 1669 2286; x_wconf 83' lang='grc' dir='ltr'>ὁμοίῳ</span> <span class='ocrx_word' id='word_1_125' title='bbox 1684 2209 1861 2286; x_wconf 75' lang='grc' dir='ltr'>πανταχοῦ</span> 
     </span>
    </p>

    <p class='ocr_par' dir='ltr' id='par_1_8' title="bbox 251 2297 1864 2834">
     <span class='ocr_line' id='line_1_13' title="bbox 251 2297 1860 2398; baseline -0.004 -24"><span class='ocrx_word' id='word_1_126' title='bbox 251 2322 275 2358; x_wconf 81' lang='lat'>¹⁰</span> <span class='ocrx_word' id='word_1_127' title='bbox 302 2312 340 2374; x_wconf 78' lang='grc' dir='ltr'>τ“ο</span> <span class='ocrx_word' id='word_1_128' title='bbox 361 2313 466 2398; x_wconf 85' lang='grc' dir='ltr'>ὅμοιον</span> <span class='ocrx_word' id='word_1_129' title='bbox 491 2308 702 2374; x_wconf 74' lang='grc' dir='ltr'>συνάπτεσθαι</span> <span class='ocrx_word' id='word_1_130' title='bbox 717 2310 847 2398; x_wconf 68' lang='grc' dir='ltr'>πέφυκε,</span> <span class='ocrx_word' id='word_1_131' title='bbox 864 2309 918 2373; x_wconf 87' lang='grc' dir='ltr'>καί</span> <span class='ocrx_word' id='word_1_132' title='bbox 934 2318 1021 2372; x_wconf 75' lang='grc' dir='ltr'>πᾶσα</span> <span class='ocrx_word' id='word_1_133' title='bbox 1038 2317 1149 2398; x_wconf 88' lang='grc' dir='ltr'>γνῶσις</span> <span class='ocrx_word' id='word_1_134' title='bbox 1167 2297 1206 2370; x_wconf 68' lang='grc' dir='ltr'>δι’</span> <span class='ocrx_word' id='word_1_135' title='bbox 1225 2307 1401 2394; x_wconf 87' lang='grc' dir='ltr'>ὁμοιότητα</span> <span class='ocrx_word' id='word_1_136' title='bbox 1419 2298 1523 2372; x_wconf 81' lang='grc' dir='ltr'>συνθεῖ</span> <span class='ocrx_word' id='word_1_137' title='bbox 1537 2317 1581 2390; x_wconf 87' lang='grc' dir='ltr'>τῷ</span> <span class='ocrx_word' id='word_1_138' title='bbox 1598 2307 1860 2394; x_wconf 85' lang='grc' dir='ltr'>κατανοουμένῳ,</span> 
     </span>
     <span class='ocr_line' id='line_1_14' title="bbox 303 2405 1861 2507; baseline -0.003 -24"><span class='ocrx_word' id='word_1_139' title='bbox 303 2420 340 2483; x_wconf 83' lang='grc' dir='ltr'>τί</span> <span class='ocrx_word' id='word_1_140' title='bbox 365 2429 549 2496; x_wconf 84' lang='grc' dir='ltr'>κατανοοῦν,</span> <span class='ocrx_word' id='word_1_141' title='bbox 571 2427 617 2501; x_wconf 90' lang='grc' dir='ltr'>τῷ</span> <span class='ocrx_word' id='word_1_142' title='bbox 643 2418 697 2507; x_wconf 83' lang='grc' dir='ltr'>μὲν</span> <span class='ocrx_word' id='word_1_143' title='bbox 723 2417 863 2501; x_wconf 84' lang='grc' dir='ltr'>αἰσθητῷ</span> <span class='ocrx_word' id='word_1_144' title='bbox 888 2418 925 2482; x_wconf 82' lang='grc' dir='ltr'>τό</span> <span class='ocrx_word' id='word_1_145' title='bbox 951 2415 1143 2490; x_wconf 79' lang='grc' dir='ltr'>αἰσθητικόν,</span> <span class='ocrx_word' id='word_1_146' title='bbox 1162 2425 1207 2497; x_wconf 87' lang='grc' dir='ltr'>τῷ</span> <span class='ocrx_word' id='word_1_147' title='bbox 1232 2405 1265 2478; x_wconf 84' lang='grc' dir='ltr'>θέ</span> <span class='ocrx_word' id='word_1_148' title='bbox 1282 2405 1439 2496; x_wconf 78' lang='grc' dir='ltr'>θιανοητῷ</span> <span class='ocrx_word' id='word_1_149' title='bbox 1456 2415 1493 2478; x_wconf 82' lang='grc' dir='ltr'>τό</span> <span class='ocrx_word' id='word_1_150' title='bbox 1511 2407 1722 2490; x_wconf 80' lang='grc' dir='ltr'>διανοητικόν,</span> <span class='ocrx_word' id='word_1_151' title='bbox 1748 2423 1798 2496; x_wconf 88' lang='grc' dir='ltr'>τῷ</span> <span class='ocrx_word' id='word_1_152' title='bbox 1825 2406 1861 2478; x_wconf 78' lang='grc' dir='ltr'>δὲ</span> 
     </span>
     <span class='ocr_line' id='line_1_15' title="bbox 304 2521 1858 2615; baseline -0.004 -25"><span class='ocrx_word' id='word_1_153' title='bbox 304 2538 407 2610; x_wconf 83' lang='grc' dir='ltr'>νοητῷ</span> <span class='ocrx_word' id='word_1_154' title='bbox 430 2529 467 2592; x_wconf 83' lang='grc' dir='ltr'>τί</span> <span class='ocrx_word' id='word_1_155' title='bbox 492 2535 654 2603; x_wconf 83' lang='grc' dir='ltr'>νοητικόν,</span> <span class='ocrx_word' id='word_1_156' title='bbox 679 2527 838 2590; x_wconf 82' lang='grc' dir='ltr'>ὥστεκαὶ</span> <span class='ocrx_word' id='word_1_157' title='bbox 862 2535 907 2609; x_wconf 89' lang='grc' dir='ltr'>τῷ</span> <span class='ocrx_word' id='word_1_158' title='bbox 930 2526 988 2615; x_wconf 87' lang='grc' dir='ltr'>πρό</span> <span class='ocrx_word' id='word_1_159' title='bbox 1014 2535 1064 2588; x_wconf 92' lang='grc' dir='ltr'>νοῦ</span> <span class='ocrx_word' id='word_1_160' title='bbox 1089 2525 1126 2588; x_wconf 82' lang='grc' dir='ltr'>τό</span> <span class='ocrx_word' id='word_1_161' title='bbox 1151 2521 1240 2597; x_wconf 80' lang='grc' dir='ltr'>ἄνθος</span> <span class='ocrx_word' id='word_1_162' title='bbox 1264 2534 1319 2586; x_wconf 91' lang='grc' dir='ltr'>τοῦ</span> <span class='ocrx_word' id='word_1_163' title='bbox 1344 2533 1407 2589; x_wconf 90' lang='grc' dir='ltr'>νοῦ.</span> <span class='ocrx_word' id='word_1_164' title='bbox 1432 2523 1483 2598; x_wconf 87' lang='grc' dir='ltr'>Ὡς</span> <span class='ocrx_word' id='word_1_165' title='bbox 1507 2521 1567 2613; x_wconf 86' lang='grc' dir='ltr'>γάρ</span> <span class='ocrx_word' id='word_1_166' title='bbox 1592 2527 1622 2588; x_wconf 88' lang='grc' dir='ltr'>ὲν</span> <span class='ocrx_word' id='word_1_167' title='bbox 1647 2531 1711 2597; x_wconf 87' lang='grc' dir='ltr'>τοῖς</span> <span class='ocrx_word' id='word_1_168' title='bbox 1739 2521 1858 2596; x_wconf 85' lang='grc' dir='ltr'>ἀλλοις</span> 
     </span>
     <span class='ocr_line' id='line_1_16' title="bbox 304 2630 1864 2724; baseline -0.004 -24"><span class='ocrx_word' id='word_1_169' title='bbox 304 2639 360 2700; x_wconf 82' lang='grc' dir='ltr'>οῦκ</span> <span class='ocrx_word' id='word_1_170' title='bbox 384 2638 451 2700; x_wconf 83' lang='grc' dir='ltr'>ἔστι</span> <span class='ocrx_word' id='word_1_171' title='bbox 475 2646 541 2711; x_wconf 92' lang='grc' dir='ltr'>νοῦς</span> <span class='ocrx_word' id='word_1_172' title='bbox 566 2637 604 2698; x_wconf 80' lang='grc' dir='ltr'>τ“ο</span> <span class='ocrx_word' id='word_1_173' title='bbox 628 2635 815 2724; x_wconf 80' lang='grc' dir='ltr'>ἀκρότατον,</span> <span class='ocrx_word' id='word_1_174' title='bbox 841 2633 913 2698; x_wconf 82' lang='grc' dir='ltr'>ἀλλ’</span> <span class='ocrx_word' id='word_1_175' title='bbox 937 2641 956 2708; x_wconf 81' lang='grc' dir='ltr'>ή</span> <span class='ocrx_word' id='word_1_176' title='bbox 983 2632 1057 2722; x_wconf 81' lang='grc' dir='ltr'>ὑπὲρ</span> <span class='ocrx_word' id='word_1_177' title='bbox 1082 2643 1150 2696; x_wconf 93' lang='grc' dir='ltr'>νοῦν</span> <span class='ocrx_word' id='word_1_178' title='bbox 1176 2636 1272 2708; x_wconf 87' lang='grc' dir='ltr'>αἰτία,</span> <span class='ocrx_word' id='word_1_179' title='bbox 1298 2633 1394 2707; x_wconf 80' lang='grc' dir='ltr'>οὕτως</span> <span class='ocrx_word' id='word_1_180' title='bbox 1419 2635 1449 2696; x_wconf 85' lang='grc' dir='ltr'>ἐν</span> <span class='ocrx_word' id='word_1_181' title='bbox 1473 2643 1543 2707; x_wconf 84' lang='grc' dir='ltr'>ταῖς</span> <span class='ocrx_word' id='word_1_182' title='bbox 1567 2630 1680 2720; x_wconf 74' lang='grc' dir='ltr'>ψυχαῖς</span> <span class='ocrx_word' id='word_1_183' title='bbox 1703 2634 1760 2695; x_wconf 83' lang='grc' dir='ltr'>οῦκ</span> <span class='ocrx_word' id='word_1_184' title='bbox 1787 2633 1864 2694; x_wconf 85' lang='grc' dir='ltr'>ἔστι</span> 
     </span>
     <span class='ocr_line' id='line_1_17' title="bbox 305 2734 1862 2834; baseline -0.003 -30"><span class='ocrx_word' id='word_1_185' title='bbox 305 2745 408 2831; x_wconf 79' lang='grc' dir='ltr'>νοερὸν</span> <span class='ocrx_word' id='word_1_186' title='bbox 433 2744 470 2808; x_wconf 85' lang='grc' dir='ltr'>τό</span> <span class='ocrx_word' id='word_1_187' title='bbox 494 2753 616 2832; x_wconf 82' lang='grc' dir='ltr'>πρῶτον</span> <span class='ocrx_word' id='word_1_188' title='bbox 633 2753 691 2818; x_wconf 80' lang='grc' dir='ltr'>τῆς</span> <span class='ocrx_word' id='word_1_189' title='bbox 708 2745 861 2834; x_wconf 83' lang='grc' dir='ltr'>ἐνεργείας</span> <span class='ocrx_word' id='word_1_190' title='bbox 878 2734 968 2826; x_wconf 85' lang='grc' dir='ltr'>εἶθος,</span> <span class='ocrx_word' id='word_1_191' title='bbox 986 2741 1068 2806; x_wconf 87' lang='grc' dir='ltr'>ἀλλά</span> <span class='ocrx_word' id='word_1_192' title='bbox 1085 2751 1141 2806; x_wconf 90' lang='grc' dir='ltr'>τοῦ</span> <span class='ocrx_word' id='word_1_193' title='bbox 1159 2753 1209 2806; x_wconf 90' lang='grc' dir='ltr'>νοῦ</span> <span class='ocrx_word' id='word_1_194' title='bbox 1227 2740 1392 2828; x_wconf 88' lang='grc' dir='ltr'>θειότερον·</span> <span class='ocrx_word' id='word_1_195' title='bbox 1417 2739 1471 2803; x_wconf 86' lang='grc' dir='ltr'>καὶ</span> <span class='ocrx_word' id='word_1_196' title='bbox 1494 2749 1580 2803; x_wconf 80' lang='grc' dir='ltr'>πᾶσα</span> <span class='ocrx_word' id='word_1_197' title='bbox 1604 2736 1688 2827; x_wconf 68' lang='grc' dir='ltr'>ψυχὴ</span> <span class='ocrx_word' id='word_1_198' title='bbox 1714 2739 1769 2801; x_wconf 88' lang='grc' dir='ltr'>καί</span> <span class='ocrx_word' id='word_1_199' title='bbox 1796 2748 1862 2812; x_wconf 75' lang='grc' dir='ltr'>πᾶς</span> 
     </span>
    </p>

    <p class='ocr_par' dir='ltr' id='par_1_9' title="bbox 252 2839 1868 3371">
     <span class='ocr_line' id='line_1_18' title="bbox 252 2839 1864 2941; baseline -0.002 -29"><span class='ocrx_word' id='word_1_200' title='bbox 252 2856 277 2893; x_wconf 85' lang='lat'>¹⁵</span> <span class='ocrx_word' id='word_1_201' title='bbox 306 2861 373 2926; x_wconf 88' lang='grc' dir='ltr'>νοῦς</span> <span class='ocrx_word' id='word_1_202' title='bbox 397 2853 548 2941; x_wconf 84' lang='grc' dir='ltr'>ἐνεργείας</span> <span class='ocrx_word' id='word_1_203' title='bbox 566 2853 631 2939; x_wconf 75' lang='grc' dir='ltr'>ἔχει</span> <span class='ocrx_word' id='word_1_204' title='bbox 649 2843 770 2935; x_wconf 83' lang='grc' dir='ltr'>θιττάς,</span> <span class='ocrx_word' id='word_1_205' title='bbox 786 2849 842 2924; x_wconf 86' lang='grc' dir='ltr'>τάς</span> <span class='ocrx_word' id='word_1_206' title='bbox 860 2851 915 2938; x_wconf 84' lang='grc' dir='ltr'>μὲν</span> <span class='ocrx_word' id='word_1_207' title='bbox 933 2841 1074 2924; x_wconf 84' lang='grc' dir='ltr'>ἑνοειθεῖς</span> <span class='ocrx_word' id='word_1_208' title='bbox 1091 2850 1145 2914; x_wconf 89' lang='grc' dir='ltr'>καί</span> <span class='ocrx_word' id='word_1_209' title='bbox 1161 2851 1341 2938; x_wconf 84' lang='grc' dir='ltr'>κρείττονας</span> <span class='ocrx_word' id='word_1_210' title='bbox 1358 2849 1504 2922; x_wconf 87' lang='grc' dir='ltr'>νοήσεως,</span> <span class='ocrx_word' id='word_1_211' title='bbox 1522 2847 1578 2924; x_wconf 85' lang='grc' dir='ltr'>τάς</span> <span class='ocrx_word' id='word_1_212' title='bbox 1593 2845 1617 2932; x_wconf 81' lang='lat'>³)</span> <span class='ocrx_word' id='word_1_213' title='bbox 1635 2839 1668 2912; x_wconf 80' lang='grc' dir='ltr'>δὲ</span> <span class='ocrx_word' id='word_1_214' title='bbox 1691 2847 1864 2923; x_wconf 79' lang='grc' dir='ltr'>νοητικάς,</span> 
     </span>
     <span class='ocr_line' id='line_1_19' title="bbox 304 2948 1865 3046; baseline -0.002 -24"><span class='ocrx_word' id='word_1_215' title='bbox 304 2965 361 3022; x_wconf 83' lang='grc' dir='ltr'>Δεῖ</span> <span class='ocrx_word' id='word_1_216' title='bbox 374 2953 425 3022; x_wconf 80' lang='grc' dir='ltr'>οὖν</span> <span class='ocrx_word' id='word_1_217' title='bbox 444 2962 542 3024; x_wconf 80' lang='grc' dir='ltr'>έκεῖνο</span> <span class='ocrx_word' id='word_1_218' title='bbox 560 2961 597 3022; x_wconf 79' lang='grc' dir='ltr'>τ“ο</span> <span class='ocrx_word' id='word_1_219' title='bbox 614 2958 726 3030; x_wconf 85' lang='grc' dir='ltr'>νοητόν</span> <span class='ocrx_word' id='word_1_220' title='bbox 745 2957 798 3022; x_wconf 87' lang='grc' dir='ltr'>καί</span> <span class='ocrx_word' id='word_1_221' title='bbox 815 2957 885 3022; x_wconf 84' lang='grc' dir='ltr'>κατ’</span> <span class='ocrx_word' id='word_1_222' title='bbox 904 2958 981 3022; x_wconf 64' lang='grc' dir='ltr'>αὐτό</span> <span class='ocrx_word' id='word_1_223' title='bbox 999 2959 1037 3022; x_wconf 78' lang='grc' dir='ltr'>τό</span> <span class='ocrx_word' id='word_1_224' title='bbox 1055 2957 1260 3046; x_wconf 77' lang='grc' dir='ltr'>ἀνιστάμενον</span> <span class='ocrx_word' id='word_1_225' title='bbox 1278 2957 1331 3020; x_wconf 89' lang='grc' dir='ltr'>καὶ</span> <span class='ocrx_word' id='word_1_226' title='bbox 1347 2955 1406 3026; x_wconf 82' lang='grc' dir='ltr'>τήν</span> <span class='ocrx_word' id='word_1_227' title='bbox 1423 2948 1551 3045; x_wconf 81' lang='grc' dir='ltr'>ὕπαρξιν</span> <span class='ocrx_word' id='word_1_228' title='bbox 1567 2965 1657 3030; x_wconf 91' lang='grc' dir='ltr'>νοεῖν,</span> <span class='ocrx_word' id='word_1_229' title='bbox 1672 2955 1865 3043; x_wconf 44' lang='grc' dir='ltr'>μόσανταῆ)</span> 
     </span>
     <span class='ocr_line' id='line_1_20' title="bbox 309 3055 1865 3155; baseline -0.001 -27"><span class='ocrx_word' id='word_1_230' title='bbox 309 3064 394 3129; x_wconf 86' lang='grc' dir='ltr'>κατά</span> <span class='ocrx_word' id='word_1_231' title='bbox 417 3065 519 3139; x_wconf 80' lang='grc' dir='ltr'>πείσας</span> <span class='ocrx_word' id='word_1_232' title='bbox 544 3063 600 3140; x_wconf 82' lang='grc' dir='ltr'>τοίς</span> <span class='ocrx_word' id='word_1_233' title='bbox 625 3064 726 3140; x_wconf 85' lang='grc' dir='ltr'>ἄλλας</span> <span class='ocrx_word' id='word_1_234' title='bbox 750 3058 831 3141; x_wconf 79' lang='grc' dir='ltr'>ζωάς</span> <span class='ocrx_word' id='word_1_235' title='bbox 854 3065 908 3128; x_wconf 87' lang='grc' dir='ltr'>καί</span> <span class='ocrx_word' id='word_1_236' title='bbox 925 3057 1083 3152; x_wconf 84' lang='grc' dir='ltr'>θυνάμεις,</span> <span class='ocrx_word' id='word_1_237' title='bbox 1101 3065 1153 3140; x_wconf 83' lang='grc' dir='ltr'>Ὠς</span> <span class='ocrx_word' id='word_1_238' title='bbox 1169 3063 1228 3155; x_wconf 87' lang='grc' dir='ltr'>γάρ</span> <span class='ocrx_word' id='word_1_239' title='bbox 1245 3055 1370 3139; x_wconf 81' lang='grc' dir='ltr'>νοειθεῖς</span> <span class='ocrx_word' id='word_1_240' title='bbox 1387 3065 1549 3155; x_wconf 88' lang='grc' dir='ltr'>γενόμενοι</span> <span class='ocrx_word' id='word_1_241' title='bbox 1568 3075 1613 3147; x_wconf 91' lang='grc' dir='ltr'>τῷ</span> <span class='ocrx_word' id='word_1_242' title='bbox 1628 3074 1668 3145; x_wconf 89' lang='grc' dir='ltr'>νῷ</span> <span class='ocrx_word' id='word_1_243' title='bbox 1691 3065 1865 3152; x_wconf 83' lang='grc' dir='ltr'>πρόσιμεν,</span> 
     </span>
     <span class='ocr_line' id='line_1_21' title="bbox 309 3165 1868 3262; baseline -0.001 -24"><span class='ocrx_word' id='word_1_244' title='bbox 309 3174 406 3248; x_wconf 82' lang='grc' dir='ltr'>οὕτως</span> <span class='ocrx_word' id='word_1_245' title='bbox 422 3165 565 3247; x_wconf 81' lang='grc' dir='ltr'>ένοειθεῖς</span> <span class='ocrx_word' id='word_1_246' title='bbox 588 3171 663 3262; x_wconf 83' lang='grc' dir='ltr'>πρός</span> <span class='ocrx_word' id='word_1_247' title='bbox 687 3171 746 3243; x_wconf 76' lang='grc' dir='ltr'>τὴν</span> <span class='ocrx_word' id='word_1_248' title='bbox 771 3172 876 3237; x_wconf 83' lang='grc' dir='ltr'>’ένωσιν</span> <span class='ocrx_word' id='word_1_249' title='bbox 895 3173 1118 3261; x_wconf 77' lang='grc' dir='ltr'>ἀνατρέχομεν,</span> <span class='ocrx_word' id='word_1_250' title='bbox 1136 3177 1184 3236; x_wconf 85' lang='grc' dir='ltr'>ἐπ’</span> <span class='ocrx_word' id='word_1_251' title='bbox 1201 3172 1284 3261; x_wconf 85' lang='grc' dir='ltr'>ἄκρῳ</span> <span class='ocrx_word' id='word_1_252' title='bbox 1301 3182 1346 3254; x_wconf 90' lang='grc' dir='ltr'>τῷ</span> <span class='ocrx_word' id='word_1_253' title='bbox 1363 3174 1467 3253; x_wconf 86' lang='grc' dir='ltr'>οἰκείῳ</span> <span class='ocrx_word' id='word_1_254' title='bbox 1484 3172 1614 3247; x_wconf 83' lang='grc' dir='ltr'>στάντες</span> <span class='ocrx_word' id='word_1_255' title='bbox 1634 3181 1685 3254; x_wconf 90' lang='grc' dir='ltr'>νῷ·</span> <span class='ocrx_word' id='word_1_256' title='bbox 1710 3174 1781 3236; x_wconf 83' lang='grc' dir='ltr'>’πεί</span> <span class='ocrx_word' id='word_1_257' title='bbox 1808 3177 1868 3237; x_wconf 86' lang='grc' dir='ltr'>καί</span> 
     </span>
     <span class='ocr_line' id='line_1_22' title="bbox 309 3270 1866 3371; baseline -0.001 -25"><span class='ocrx_word' id='word_1_258' title='bbox 309 3280 468 3370; x_wconf 76' lang='grc' dir='ltr'>ὀφθαλμός</span> <span class='ocrx_word' id='word_1_259' title='bbox 492 3285 547 3344; x_wconf 74' lang='grc' dir='ltr'>οὐκ</span> <span class='ocrx_word' id='word_1_260' title='bbox 565 3280 667 3355; x_wconf 84' lang='grc' dir='ltr'>ἄλλοις</span> <span class='ocrx_word' id='word_1_261' title='bbox 685 3284 740 3367; x_wconf 82' lang='grc' dir='ltr'>ὁρᾷ</span> <span class='ocrx_word' id='word_1_262' title='bbox 756 3281 811 3344; x_wconf 82' lang='grc' dir='ltr'>τόν</span> <span class='ocrx_word' id='word_1_263' title='bbox 828 3282 916 3352; x_wconf 79' lang='grc' dir='ltr'>ἥλιον</span> <span class='ocrx_word' id='word_1_264' title='bbox 934 3279 952 3350; x_wconf 81' lang='grc' dir='ltr'><strong>ἢ</strong></span> <span class='ocrx_word' id='word_1_265' title='bbox 972 3281 1135 3371; x_wconf 85' lang='grc' dir='ltr'>γενόμενος</span> <span class='ocrx_word' id='word_1_266' title='bbox 1152 3270 1309 3354; x_wconf 82' lang='grc' dir='ltr'>ήλισειθὴς</span> <span class='ocrx_word' id='word_1_267' title='bbox 1322 3277 1359 3365; x_wconf 83' lang='lat'>⁵),</span> <span class='ocrx_word' id='word_1_268' title='bbox 1385 3283 1456 3342; x_wconf 84' lang='grc' dir='ltr'>ἀλλ’</span> <span class='ocrx_word' id='word_1_269' title='bbox 1475 3283 1509 3343; x_wconf 79' lang='grc' dir='ltr'>οἰ</span> <span class='ocrx_word' id='word_1_270' title='bbox 1526 3289 1572 3362; x_wconf 90' lang='grc' dir='ltr'>τῷ</span> <span class='ocrx_word' id='word_1_271' title='bbox 1588 3284 1622 3344; x_wconf 86' lang='grc' dir='ltr'>ἐκ</span> <span class='ocrx_word' id='word_1_272' title='bbox 1646 3280 1739 3368; x_wconf 83' lang='grc' dir='ltr'>πυρός</span> <span class='ocrx_word' id='word_1_273' title='bbox 1764 3283 1866 3370; x_wconf 74' lang='grc' dir='ltr'>φωτὶ·</span> 
     </span>
    </p>

    <p class='ocr_par' dir='ltr' id='par_1_10' title="bbox 310 3379 1871 3910">
     <span class='ocr_line' id='line_1_23' title="bbox 310 3379 1868 3478; baseline 0 -26"><span class='ocrx_word' id='word_1_274' title='bbox 310 3385 334 3472; x_wconf 84' lang='grc' dir='ltr'>ᾧ</span> <span class='ocrx_word' id='word_1_275' title='bbox 358 3390 412 3454; x_wconf 84' lang='grc' dir='ltr'>καί</span> <span class='ocrx_word' id='word_1_276' title='bbox 435 3379 543 3473; x_wconf 77' lang='grc' dir='ltr'>θῆλυν,</span> <span class='ocrx_word' id='word_1_277' title='bbox 568 3389 616 3452; x_wconf 89' lang='grc' dir='ltr'>ότι</span> <span class='ocrx_word' id='word_1_278' title='bbox 640 3391 677 3452; x_wconf 80' lang='grc' dir='ltr'>τὸ</span> <span class='ocrx_word' id='word_1_279' title='bbox 702 3399 780 3452; x_wconf 90' lang='grc' dir='ltr'>νοεῖν</span> <span class='ocrx_word' id='word_1_280' title='bbox 797 3391 894 3452; x_wconf 75' lang='grc' dir='ltr'>’έκεῖνο</span> <span class='ocrx_word' id='word_1_281' title='bbox 912 3387 954 3475; x_wconf 83' lang='grc' dir='ltr'>μή</span> <span class='ocrx_word' id='word_1_282' title='bbox 974 3398 1052 3452; x_wconf 88' lang='grc' dir='ltr'>νοεῖν</span> <span class='ocrx_word' id='word_1_283' title='bbox 1072 3389 1165 3455; x_wconf 88' lang='grc' dir='ltr'>ἐστίν.</span> <span class='ocrx_word' id='word_1_284' title='bbox 1191 3386 1264 3451; x_wconf 82' lang='grc' dir='ltr'>Ἐἀν</span> <span class='ocrx_word' id='word_1_285' title='bbox 1283 3379 1316 3452; x_wconf 76' lang='grc' dir='ltr'>δέ</span> <span class='ocrx_word' id='word_1_286' title='bbox 1340 3409 1444 3476; x_wconf 78' lang='grc' dir='ltr'>φησιν·</span> <span class='ocrx_word' id='word_1_287' title='bbox 1470 3390 1678 3478; x_wconf 85' lang='grc' dir='ltr'>Ἐπεγκλίνης</span> <span class='ocrx_word' id='word_1_288' title='bbox 1696 3387 1750 3452; x_wconf 79' lang='grc' dir='ltr'>σόν</span> <span class='ocrx_word' id='word_1_289' title='bbox 1775 3401 1868 3462; x_wconf 78' lang='grc' dir='ltr'>νοῦν,</span> 
     </span>
     <span class='ocr_line' id='line_1_24' title="bbox 310 3489 1869 3586; baseline 0 -25"><span class='ocrx_word' id='word_1_290' title='bbox 310 3499 473 3562; x_wconf 86' lang='grc' dir='ltr'>τουτέστιν</span> <span class='ocrx_word' id='word_1_291' title='bbox 492 3498 650 3586; x_wconf 80' lang='grc' dir='ltr'>ἐπερείσῃς</span> <span class='ocrx_word' id='word_1_292' title='bbox 666 3507 735 3570; x_wconf 88' lang='grc' dir='ltr'>ταῖς</span> <span class='ocrx_word' id='word_1_293' title='bbox 753 3505 870 3586; x_wconf 89' lang='grc' dir='ltr'>νοεραῖς</span> <span class='ocrx_word' id='word_1_294' title='bbox 887 3489 1047 3571; x_wconf 75' lang='grc' dir='ltr'>ἑπιόολαῖς</span> <span class='ocrx_word' id='word_1_295' title='bbox 1065 3501 1105 3571; x_wconf 86' lang='grc' dir='ltr'>εἰς</span> <span class='ocrx_word' id='word_1_296' title='bbox 1124 3495 1181 3567; x_wconf 78' lang='grc' dir='ltr'>τήν</span> <span class='ocrx_word' id='word_1_297' title='bbox 1198 3495 1272 3583; x_wconf 83' lang='grc' dir='ltr'>πρός</span> <span class='ocrx_word' id='word_1_298' title='bbox 1290 3499 1388 3559; x_wconf 77' lang='grc' dir='ltr'>ἐκεῖνο</span> <span class='ocrx_word' id='word_1_299' title='bbox 1405 3496 1554 3584; x_wconf 78' lang='grc' dir='ltr'>συναφήν·</span> <span class='ocrx_word' id='word_1_300' title='bbox 1572 3495 1625 3560; x_wconf 88' lang='grc' dir='ltr'>καί</span> <span class='ocrx_word' id='word_1_301' title='bbox 1642 3497 1739 3572; x_wconf 82' lang='grc' dir='ltr'>οὕτως</span> <span class='ocrx_word' id='word_1_302' title='bbox 1757 3499 1869 3562; x_wconf 83' lang='grc' dir='ltr'>ἐκεῖνυ</span> 
     </span>
     <span class='ocr_line' id='line_1_25' title="bbox 310 3594 1871 3695; baseline 0 -27"><span class='ocrx_word' id='word_1_303' title='bbox 310 3605 430 3678; x_wconf 79' lang='grc' dir='ltr'>νοήσεις</span> <span class='ocrx_word' id='word_1_304' title='bbox 454 3604 492 3668; x_wconf 83' lang='grc' dir='ltr'>τὸ</span> <span class='ocrx_word' id='word_1_305' title='bbox 516 3605 639 3680; x_wconf 75' lang='grc' dir='ltr'>νοητόν,</span> <span class='ocrx_word' id='word_1_306' title='bbox 665 3605 704 3678; x_wconf 86' lang='grc' dir='ltr'>ὥς</span> <span class='ocrx_word' id='word_1_307' title='bbox 728 3627 759 3665; x_wconf 92' lang='grc' dir='ltr'>τι</span> <span class='ocrx_word' id='word_1_308' title='bbox 783 3613 870 3678; x_wconf 84' lang='grc' dir='ltr'>νοῶν,</span> <span class='ocrx_word' id='word_1_309' title='bbox 895 3605 1042 3668; x_wconf 83' lang='grc' dir='ltr'>τουτέστι</span> <span class='ocrx_word' id='word_1_310' title='bbox 1066 3603 1150 3667; x_wconf 85' lang='grc' dir='ltr'>κατοί</span> <span class='ocrx_word' id='word_1_311' title='bbox 1173 3629 1205 3666; x_wconf 91' lang='grc' dir='ltr'>τι</span> <span class='ocrx_word' id='word_1_312' title='bbox 1230 3603 1341 3692; x_wconf 86' lang='grc' dir='ltr'>μέτρον</span> <span class='ocrx_word' id='word_1_313' title='bbox 1367 3594 1464 3678; x_wconf 81' lang='grc' dir='ltr'>ε’ίθους</span> <span class='ocrx_word' id='word_1_314' title='bbox 1489 3603 1541 3668; x_wconf 84' lang='grc' dir='ltr'>καί</span> <span class='ocrx_word' id='word_1_315' title='bbox 1559 3603 1700 3695; x_wconf 83' lang='grc' dir='ltr'>γνώσεως</span> <span class='ocrx_word' id='word_1_316' title='bbox 1723 3599 1871 3678; x_wconf 54' lang='lat' dir='ltr'>§afflu-</span> 
     </span>
     <span class='ocr_line' id='line_1_26' title="bbox 311 3706 1869 3800; baseline 0.001 -24"><span class='ocrx_word' id='word_1_317' title='bbox 311 3721 415 3793; x_wconf 79' lang='grc' dir='ltr'>τικῷς,</span> <span class='ocrx_word' id='word_1_318' title='bbox 440 3715 495 3776; x_wconf 84' lang='grc' dir='ltr'>οὐκ</span> <span class='ocrx_word' id='word_1_319' title='bbox 519 3715 617 3776; x_wconf 83' lang='grc' dir='ltr'>έκεῖνο</span> <span class='ocrx_word' id='word_1_320' title='bbox 641 3713 771 3787; x_wconf 89' lang='grc' dir='ltr'>νοήσεις·</span> <span class='ocrx_word' id='word_1_321' title='bbox 796 3711 853 3776; x_wconf 85' lang='grc' dir='ltr'>κάν</span> <span class='ocrx_word' id='word_1_322' title='bbox 877 3711 936 3800; x_wconf 87' lang='grc' dir='ltr'>γάρ</span> <span class='ocrx_word' id='word_1_323' title='bbox 961 3706 1034 3776; x_wconf 85' lang='grc' dir='ltr'>ὦσιν</span> <span class='ocrx_word' id='word_1_324' title='bbox 1061 3718 1091 3776; x_wconf 90' lang='grc' dir='ltr'>αί</span> <span class='ocrx_word' id='word_1_325' title='bbox 1115 3722 1260 3776; x_wconf 87' lang='grc' dir='ltr'>τοιαῦται</span> <span class='ocrx_word' id='word_1_326' title='bbox 1284 3712 1405 3786; x_wconf 85' lang='grc' dir='ltr'>νοήσεις</span> <span class='ocrx_word' id='word_1_327' title='bbox 1423 3712 1533 3796; x_wconf 81' lang='grc' dir='ltr'>ἀπλαί,</span> <span class='ocrx_word' id='word_1_328' title='bbox 1551 3715 1776 3776; x_wconf 88' lang='grc' dir='ltr'>ἀπολείπονται</span> <span class='ocrx_word' id='word_1_329' title='bbox 1806 3725 1869 3789; x_wconf 76' lang='grc' dir='ltr'>τῆς</span> 
     </span>
     <span class='ocr_line' id='line_1_27' title="bbox 312 3810 1866 3910; baseline -0.001 -25"><span class='ocrx_word' id='word_1_330' title='bbox 312 3832 368 3885; x_wconf 92' lang='grc' dir='ltr'>τοῦ</span> <span class='ocrx_word' id='word_1_331' title='bbox 385 3831 499 3892; x_wconf 85' lang='grc' dir='ltr'>νοητοῦ</span> <span class='ocrx_word' id='word_1_332' title='bbox 519 3823 633 3896; x_wconf 83' lang='grc' dir='ltr'>ἐνιαίας</span> <span class='ocrx_word' id='word_1_333' title='bbox 651 3821 832 3895; x_wconf 82' lang='grc' dir='ltr'>ἁπλότητος</span> <span class='ocrx_word' id='word_1_334' title='bbox 849 3821 901 3883; x_wconf 90' lang='grc' dir='ltr'>καί</span> <span class='ocrx_word' id='word_1_335' title='bbox 914 3817 950 3902; x_wconf 76' lang='lat'>⁶),</span> <span class='ocrx_word' id='word_1_336' title='bbox 968 3824 1009 3895; x_wconf 89' lang='grc' dir='ltr'>εἰς</span> <span class='ocrx_word' id='word_1_337' title='bbox 1027 3810 1173 3910; x_wconf 71' lang='grc' dir='ltr'>θειοτέρας</span> <span class='ocrx_word' id='word_1_338' title='bbox 1192 3819 1337 3909; x_wconf 80' lang='grc' dir='ltr'>φέρονται</span> <span class='ocrx_word' id='word_1_339' title='bbox 1353 3819 1439 3896; x_wconf 87' lang='grc' dir='ltr'>τινοίς</span> <span class='ocrx_word' id='word_1_340' title='bbox 1456 3819 1560 3908; x_wconf 86' lang='grc' dir='ltr'>νοεράς</span> <span class='ocrx_word' id='word_1_341' title='bbox 1585 3827 1627 3896; x_wconf 92' lang='grc' dir='ltr'>εἰς</span> <span class='ocrx_word' id='word_1_342' title='bbox 1649 3818 1769 3895; x_wconf 80' lang='grc' dir='ltr'>πλῆθος</span> <span class='ocrx_word' id='word_1_343' title='bbox 1796 3815 1866 3894; x_wconf 73' lang='grc' dir='ltr'>ἤδη</span> 
     </span>
    </p>

    <p class='ocr_par' dir='ltr' id='par_1_11' title="bbox 226 3919 1871 4994">
     <span class='ocr_line' id='line_1_28' title="bbox 226 3919 1871 4018; baseline -0.001 -24"><span class='ocrx_word' id='word_1_344' title='bbox 226 3945 227 3948; x_wconf 76' lang='grc'>’</span> <span class='ocrx_word' id='word_1_345' title='bbox 312 3927 531 4017; x_wconf 87' lang='grc' dir='ltr'>προελθοόσας.</span> <span class='ocrx_word' id='word_1_346' title='bbox 556 3919 652 3992; x_wconf 72' lang='grc' dir='ltr'>Οὐθὲν</span> <span class='ocrx_word' id='word_1_347' title='bbox 676 3927 736 4018; x_wconf 83' lang='grc' dir='ltr'>γάρ</span> <span class='ocrx_word' id='word_1_348' title='bbox 761 3928 933 4017; x_wconf 83' lang='grc' dir='ltr'>γνωστικόν</span> <span class='ocrx_word' id='word_1_349' title='bbox 959 3919 993 3991; x_wconf 79' lang='grc' dir='ltr'>δι’</span> <span class='ocrx_word' id='word_1_350' title='bbox 1022 3927 1198 4002; x_wconf 84' lang='grc' dir='ltr'>ἐλοίττωνος</span> <span class='ocrx_word' id='word_1_351' title='bbox 1222 3925 1412 4017; x_wconf 85' lang='grc' dir='ltr'>γινώσκεται</span> <span class='ocrx_word' id='word_1_352' title='bbox 1428 3927 1579 4018; x_wconf 85' lang='grc' dir='ltr'>γνώσεως·</span> <span class='ocrx_word' id='word_1_353' title='bbox 1605 3931 1639 3992; x_wconf 84' lang='grc' dir='ltr'>οὐ</span> <span class='ocrx_word' id='word_1_354' title='bbox 1663 3930 1766 3992; x_wconf 91' lang='grc' dir='ltr'>τοίνυν</span> <span class='ocrx_word' id='word_1_355' title='bbox 1792 3921 1871 3996; x_wconf 71' lang='grc' dir='ltr'>οὐδὲ</span> 
     </span>
     <span class='ocr_line' id='line_1_29' title="bbox 312 4025 1869 4126; baseline 0 -26"><span class='ocrx_word' id='word_1_356' title='bbox 312 4037 350 4100; x_wconf 79' lang='grc' dir='ltr'>τό</span> <span class='ocrx_word' id='word_1_357' title='bbox 374 4035 449 4124; x_wconf 86' lang='grc' dir='ltr'>ὑπὲρ</span> <span class='ocrx_word' id='word_1_358' title='bbox 472 4045 552 4116; x_wconf 83' lang='grc' dir='ltr'>νοῦν,</span> <span class='ocrx_word' id='word_1_359' title='bbox 577 4025 629 4098; x_wconf 77' lang='grc' dir='ltr'>ἰιά</span> <span class='ocrx_word' id='word_1_360' title='bbox 652 4045 713 4099; x_wconf 91' lang='grc' dir='ltr'>νοῦ·</span> <span class='ocrx_word' id='word_1_361' title='bbox 739 4035 805 4122; x_wconf 83' lang='grc' dir='ltr'>ἅμα</span> <span class='ocrx_word' id='word_1_362' title='bbox 829 4033 890 4125; x_wconf 83' lang='grc' dir='ltr'>γάρ</span> <span class='ocrx_word' id='word_1_363' title='bbox 914 4047 981 4111; x_wconf 84' lang='grc' dir='ltr'>νοῦς</span> <span class='ocrx_word' id='word_1_364' title='bbox 1004 4027 1168 4101; x_wconf 76' lang='grc' dir='ltr'>ἐπιόάλλει</span> <span class='ocrx_word' id='word_1_365' title='bbox 1192 4061 1263 4111; x_wconf 92' lang='grc' dir='ltr'>τινι,</span> <span class='ocrx_word' id='word_1_366' title='bbox 1289 4037 1343 4098; x_wconf 89' lang='grc' dir='ltr'>καί</span> <span class='ocrx_word' id='word_1_367' title='bbox 1366 4027 1488 4100; x_wconf 79' lang='grc' dir='ltr'>τοιόνδε</span> <span class='ocrx_word' id='word_1_368' title='bbox 1511 4037 1596 4126; x_wconf 88' lang='grc' dir='ltr'>λέγει</span> <span class='ocrx_word' id='word_1_369' title='bbox 1621 4036 1658 4099; x_wconf 79' lang='grc' dir='ltr'>τό</span> <span class='ocrx_word' id='word_1_370' title='bbox 1681 4035 1869 4124; x_wconf 86' lang='grc' dir='ltr'>νοοίιμενον·</span> 
     </span>
     <span class='ocr_line' id='line_1_30' title="bbox 313 4135 1869 4233; baseline 0.001 -25"><span class='ocrx_word' id='word_1_371' title='bbox 313 4145 387 4233; x_wconf 83' lang='grc' dir='ltr'>ὅπερ</span> <span class='ocrx_word' id='word_1_372' title='bbox 412 4147 479 4208; x_wconf 87' lang='grc' dir='ltr'>ἐστι</span> <span class='ocrx_word' id='word_1_373' title='bbox 503 4153 558 4207; x_wconf 88' lang='grc' dir='ltr'>τοῦ</span> <span class='ocrx_word' id='word_1_374' title='bbox 582 4153 696 4214; x_wconf 91' lang='grc' dir='ltr'>νοητοῦ</span> <span class='ocrx_word' id='word_1_375' title='bbox 721 4135 873 4232; x_wconf 70' lang='grc' dir='ltr'>θειότερον,</span> <span class='ocrx_word' id='word_1_376' title='bbox 899 4146 971 4208; x_wconf 84' lang='grc' dir='ltr'>ἀλλ’</span> <span class='ocrx_word' id='word_1_377' title='bbox 996 4149 1022 4210; x_wconf 90' lang='grc' dir='ltr'>εἰ</span> <span class='ocrx_word' id='word_1_378' title='bbox 1045 4149 1139 4226; x_wconf 85' lang='grc' dir='ltr'>ἐντῷ</span> <span class='ocrx_word' id='word_1_379' title='bbox 1164 4143 1247 4209; x_wconf 86' lang='grc' dir='ltr'>ἀνθει</span> <span class='ocrx_word' id='word_1_380' title='bbox 1264 4155 1319 4208; x_wconf 90' lang='grc' dir='ltr'>τοῦ</span> <span class='ocrx_word' id='word_1_381' title='bbox 1335 4149 1366 4208; x_wconf 83' lang='grc' dir='ltr'>ἐν</span> <span class='ocrx_word' id='word_1_382' title='bbox 1387 4150 1464 4232; x_wconf 76' lang='grc' dir='ltr'>ἡμῖν</span> <span class='ocrx_word' id='word_1_383' title='bbox 1487 4144 1601 4221; x_wconf 89' lang='grc' dir='ltr'>νοῦ,τί</span> <span class='ocrx_word' id='word_1_384' title='bbox 1625 4141 1738 4215; x_wconf 79' lang='grc' dir='ltr'>νοητόν</span> <span class='ocrx_word' id='word_1_385' title='bbox 1765 4155 1869 4210; x_wconf 84' lang='grc' dir='ltr'>τοῦτο</span> 
     </span>
     <span class='ocr_line' id='line_1_31' title="bbox 313 4244 1868 4342; baseline 0.002 -27"><span class='ocrx_word' id='word_1_386' title='bbox 313 4261 451 4339; x_wconf 84' lang='grc' dir='ltr'>νοοῦμεν,</span> <span class='ocrx_word' id='word_1_387' title='bbox 477 4253 525 4314; x_wconf 86' lang='grc' dir='ltr'>ἐπ’</span> <span class='ocrx_word' id='word_1_388' title='bbox 550 4250 635 4340; x_wconf 84' lang='grc' dir='ltr'>ἄκρῳ</span> <span class='ocrx_word' id='word_1_389' title='bbox 659 4260 717 4326; x_wconf 77' lang='grc' dir='ltr'>τῆς</span> <span class='ocrx_word' id='word_1_390' title='bbox 740 4251 867 4340; x_wconf 83' lang='grc' dir='ltr'>πρώτης</span> <span class='ocrx_word' id='word_1_391' title='bbox 892 4264 1008 4328; x_wconf 77' lang='grc' dir='ltr'>νοητῆς</span> <span class='ocrx_word' id='word_1_392' title='bbox 1025 4245 1150 4342; x_wconf 83' lang='grc' dir='ltr'>τριοίθος</span> <span class='ocrx_word' id='word_1_393' title='bbox 1169 4244 1314 4342; x_wconf 82' lang='grc' dir='ltr'>ἰθρυνθὲν,</span> <span class='ocrx_word' id='word_1_394' title='bbox 1331 4255 1392 4316; x_wconf 93' lang='grc' dir='ltr'>τίνι</span> <span class='ocrx_word' id='word_1_395' title='bbox 1410 4252 1446 4317; x_wconf 84' lang='grc' dir='ltr'>ἀν</span> <span class='ocrx_word' id='word_1_396' title='bbox 1462 4254 1510 4316; x_wconf 88' lang='grc' dir='ltr'>έτι</span> <span class='ocrx_word' id='word_1_397' title='bbox 1535 4251 1761 4342; x_wconf 79' lang='grc' dir='ltr'>σνναφθείημεν</span> <span class='ocrx_word' id='word_1_398' title='bbox 1785 4255 1868 4342; x_wconf 75' lang='grc' dir='ltr'>πρὸς</span> 
     </span>
     <span class='ocr_line' id='line_1_32' title="bbox 313 4356 1868 4450; baseline 0 -27"><span class='ocrx_word' id='word_1_399' title='bbox 313 4361 351 4423; x_wconf 79' lang='grc' dir='ltr'>τό</span> <span class='ocrx_word' id='word_1_400' title='bbox 375 4357 416 4442; x_wconf 79' lang='grc' dir='ltr'>ἓν,</span> <span class='ocrx_word' id='word_1_401' title='bbox 435 4359 452 4421; x_wconf 86' lang='grc' dir='ltr'>ό</span> <span class='ocrx_word' id='word_1_402' title='bbox 475 4361 558 4422; x_wconf 84' lang='grc' dir='ltr'>ἐστιν</span> <span class='ocrx_word' id='word_1_403' title='bbox 578 4357 772 4422; x_wconf 76' lang='grc' dir='ltr'>ἀσύντακτον</span> <span class='ocrx_word' id='word_1_404' title='bbox 789 4361 864 4449; x_wconf 83' lang='grc' dir='ltr'>πρός</span> <span class='ocrx_word' id='word_1_405' title='bbox 880 4359 986 4424; x_wconf 77' lang='grc' dir='ltr'>πάντα</span> <span class='ocrx_word' id='word_1_406' title='bbox 1003 4361 1056 4424; x_wconf 86' lang='grc' dir='ltr'>καί</span> <span class='ocrx_word' id='word_1_407' title='bbox 1073 4359 1244 4448; x_wconf 88' lang='grc' dir='ltr'>ἀμέθεκτον</span> <span class='ocrx_word' id='word_1_408' title='bbox 1254 4387 1261 4438; x_wconf 89' lang='lat'>;</span> <span class='ocrx_word' id='word_1_409' title='bbox 1284 4364 1318 4424; x_wconf 83' lang='grc' dir='ltr'>Εἰ</span> <span class='ocrx_word' id='word_1_410' title='bbox 1333 4359 1392 4450; x_wconf 86' lang='grc' dir='ltr'>γάρ</span> <span class='ocrx_word' id='word_1_411' title='bbox 1410 4364 1426 4424; x_wconf 90' lang='grc' dir='ltr'>ὁ</span> <span class='ocrx_word' id='word_1_412' title='bbox 1442 4369 1563 4449; x_wconf 85' lang='grc' dir='ltr'>πρῶτος</span> <span class='ocrx_word' id='word_1_413' title='bbox 1579 4359 1690 4448; x_wconf 77' lang='grc' dir='ltr'>Πατὴρ</span> <span class='ocrx_word' id='word_1_414' title='bbox 1711 4356 1868 4449; x_wconf 76' lang='grc' dir='ltr'>ἁρπάζειν</span> 
     </span>
     <span class='ocr_line' id='line_1_33' title="bbox 314 4459 1867 4558; baseline -0.001 -27"><span class='ocrx_word' id='word_1_415' title='bbox 314 4467 427 4531; x_wconf 81' lang='grc' dir='ltr'>ἑαυτόν</span> <span class='ocrx_word' id='word_1_416' title='bbox 450 4465 581 4554; x_wconf 87' lang='grc' dir='ltr'>λέγεται</span> <span class='ocrx_word' id='word_1_417' title='bbox 605 4476 660 4530; x_wconf 89' lang='grc' dir='ltr'>τοῦ</span> <span class='ocrx_word' id='word_1_418' title='bbox 684 4477 735 4530; x_wconf 91' lang='grc' dir='ltr'>νοῦ</span> <span class='ocrx_word' id='word_1_419' title='bbox 760 4467 893 4546; x_wconf 83' lang='grc' dir='ltr'>καὶτῆς</span> <span class='ocrx_word' id='word_1_420' title='bbox 919 4460 1087 4557; x_wconf 74' lang='grc' dir='ltr'>δυνάμεως,</span> <span class='ocrx_word' id='word_1_421' title='bbox 1105 4470 1152 4543; x_wconf 85' lang='grc' dir='ltr'>τίς</span> <span class='ocrx_word' id='word_1_422' title='bbox 1176 4459 1291 4555; x_wconf 81' lang='grc' dir='ltr'>όμηθὲ</span> <span class='ocrx_word' id='word_1_423' title='bbox 1315 4470 1411 4544; x_wconf 80' lang='grc' dir='ltr'>οὕτως</span> <span class='ocrx_word' id='word_1_424' title='bbox 1434 4473 1570 4558; x_wconf 83' lang='grc' dir='ltr'>ἀρπῖισαι</span> <span class='ocrx_word' id='word_1_425' title='bbox 1594 4459 1711 4543; x_wconf 80' lang='grc' dir='ltr'>θεηθείς</span> <span class='ocrx_word' id='word_1_426' title='bbox 1735 4471 1867 4550; x_wconf 74' lang='grc' dir='ltr'>ἑαυτόν,</span> 
     </span>
     <span class='ocr_line' id='line_1_34' title="bbox 315 4567 1870 4665; baseline 0 -25"><span class='ocrx_word' id='word_1_427' title='bbox 315 4578 385 4640; x_wconf 80' lang='grc' dir='ltr'>ἀλλ’</span> <span class='ocrx_word' id='word_1_428' title='bbox 411 4573 688 4663; x_wconf 87' lang='grc' dir='ltr'>ὑπερηρποισμένος</span> <span class='ocrx_word' id='word_1_429' title='bbox 721 4575 774 4638; x_wconf 83' lang='grc' dir='ltr'>’πό</span> <span class='ocrx_word' id='word_1_430' title='bbox 797 4575 923 4641; x_wconf 81' lang='grc' dir='ltr'>πάντων</span> <span class='ocrx_word' id='word_1_431' title='bbox 949 4580 1065 4657; x_wconf 78' lang='grc' dir='ltr'>ἁπλῶς,</span> <span class='ocrx_word' id='word_1_432' title='bbox 1081 4577 1134 4640; x_wconf 87' lang='grc' dir='ltr'>καί</span> <span class='ocrx_word' id='word_1_433' title='bbox 1151 4575 1217 4652; x_wconf 78' lang='grc' dir='ltr'>θεὸς</span> <span class='ocrx_word' id='word_1_434' title='bbox 1241 4575 1368 4641; x_wconf 83' lang='grc' dir='ltr'>πάντων</span> <span class='ocrx_word' id='word_1_435' title='bbox 1385 4577 1589 4665; x_wconf 79' lang='grc' dir='ltr'>ὑμνοόμενοςς</span> <span class='ocrx_word' id='word_1_436' title='bbox 1608 4582 1643 4640; x_wconf 84' lang='grc' dir='ltr'>Εἰ</span> <span class='ocrx_word' id='word_1_437' title='bbox 1659 4567 1692 4640; x_wconf 79' lang='grc' dir='ltr'>δὲ</span> <span class='ocrx_word' id='word_1_438' title='bbox 1716 4577 1772 4640; x_wconf 86' lang='grc' dir='ltr'>καί</span> <span class='ocrx_word' id='word_1_439' title='bbox 1794 4579 1870 4665; x_wconf 80' lang='grc' dir='ltr'>περὶ</span> 
     </span>
     <span class='ocr_line' id='line_1_35' title="bbox 315 4678 1869 4776; baseline 0.002 -28"><span class='ocrx_word' id='word_1_440' title='bbox 315 4694 371 4748; x_wconf 90' lang='grc' dir='ltr'>τοῦ</span> <span class='ocrx_word' id='word_1_441' title='bbox 395 4683 574 4770; x_wconf 86' lang='grc' dir='ltr'>πρωτίστου</span> <span class='ocrx_word' id='word_1_442' title='bbox 599 4685 720 4772; x_wconf 82' lang='grc' dir='ltr'>Πατρός</span> <span class='ocrx_word' id='word_1_443' title='bbox 744 4688 775 4749; x_wconf 85' lang='grc' dir='ltr'>ἑν</span> <span class='ocrx_word' id='word_1_444' title='bbox 799 4685 905 4761; x_wconf 83' lang='grc' dir='ltr'>ἄλλοις</span> <span class='ocrx_word' id='word_1_445' title='bbox 929 4688 1060 4774; x_wconf 79' lang='grc' dir='ltr'>εἴρηται,</span> <span class='ocrx_word' id='word_1_446' title='bbox 1078 4685 1132 4749; x_wconf 83' lang='grc' dir='ltr'>καί</span> <span class='ocrx_word' id='word_1_447' title='bbox 1149 4678 1279 4773; x_wconf 75' lang='grc' dir='ltr'>δύναμιν</span> <span class='ocrx_word' id='word_1_448' title='bbox 1295 4684 1424 4774; x_wconf 84' lang='grc' dir='ltr'>πρώτην</span> <span class='ocrx_word' id='word_1_449' title='bbox 1443 4691 1520 4776; x_wconf 85' lang='grc' dir='ltr'>ἱεροῦ</span> <span class='ocrx_word' id='word_1_450' title='bbox 1543 4686 1652 4774; x_wconf 90' lang='grc' dir='ltr'>λόγου,</span> <span class='ocrx_word' id='word_1_451' title='bbox 1675 4687 1722 4760; x_wconf 89' lang='grc' dir='ltr'>τίς</span> <span class='ocrx_word' id='word_1_452' title='bbox 1748 4691 1764 4748; x_wconf 87' lang='grc' dir='ltr'>ό</span> <span class='ocrx_word' id='word_1_453' title='bbox 1788 4689 1869 4774; x_wconf 73' lang='grc' dir='ltr'>ὑπὲρ</span> 
     </span>
     <span class='ocr_line' id='line_1_36' title="bbox 316 4785 1870 4884; baseline 0 -28"><span class='ocrx_word' id='word_1_454' title='bbox 316 4791 447 4866; x_wconf 88' lang='grc' dir='ltr'>τοότων,</span> <span class='ocrx_word' id='word_1_455' title='bbox 468 4791 521 4855; x_wconf 87' lang='grc' dir='ltr'>καί</span> <span class='ocrx_word' id='word_1_456' title='bbox 545 4785 637 4879; x_wconf 82' lang='grc' dir='ltr'>οίιπερ</span> <span class='ocrx_word' id='word_1_457' title='bbox 662 4787 750 4868; x_wconf 76' lang='grc' dir='ltr'>οὗτος</span> <span class='ocrx_word' id='word_1_458' title='bbox 768 4793 909 4882; x_wconf 78' lang='grc' dir='ltr'>μετέχων</span> <span class='ocrx_word' id='word_1_459' title='bbox 923 4790 960 4879; x_wconf 82' lang='lat'>⁷),</span> <span class='ocrx_word' id='word_1_460' title='bbox 986 4795 1060 4882; x_wconf 85' lang='grc' dir='ltr'>ίερίις</span> <span class='ocrx_word' id='word_1_461' title='bbox 1076 4795 1221 4884; x_wconf 78' lang='grc' dir='ltr'>λέγεταις</span> <span class='ocrx_word' id='word_1_462' title='bbox 1239 4795 1293 4859; x_wconf 86' lang='grc' dir='ltr'>καί</span> <span class='ocrx_word' id='word_1_463' title='bbox 1309 4799 1334 4859; x_wconf 85' lang='grc' dir='ltr'>εἰ</span> <span class='ocrx_word' id='word_1_464' title='bbox 1350 4797 1366 4858; x_wconf 84' lang='grc' dir='ltr'>ὁ</span> <span class='ocrx_word' id='word_1_465' title='bbox 1383 4796 1533 4882; x_wconf 79' lang='grc' dir='ltr'>ἑκραίνων</span> <span class='ocrx_word' id='word_1_466' title='bbox 1557 4792 1768 4883; x_wconf 87' lang='grc' dir='ltr'>ἀρρητότερον</span> <span class='ocrx_word' id='word_1_467' title='bbox 1786 4793 1870 4857; x_wconf 81' lang='grc' dir='ltr'>ὄντα</span> 
     </span>
     <span class='ocr_line' id='line_1_37' title="bbox 315 4890 1871 4994; baseline 0.003 -32"><span class='ocrx_word' id='word_1_468' title='bbox 315 4899 408 4989; x_wconf 82' lang='grc' dir='ltr'>λόγος</span> <span class='ocrx_word' id='word_1_469' title='bbox 432 4893 629 4986; x_wconf 74' lang='grc' dir='ltr'>ὀνομάζεται,</span> <span class='ocrx_word' id='word_1_470' title='bbox 654 4890 701 4966; x_wconf 82' lang='grc' dir='ltr'>θεῖ</span> <span class='ocrx_word' id='word_1_471' title='bbox 722 4902 781 4991; x_wconf 83' lang='grc' dir='ltr'>πρό</span> <span class='ocrx_word' id='word_1_472' title='bbox 804 4911 859 4966; x_wconf 86' lang='grc' dir='ltr'>τοῦ</span> <span class='ocrx_word' id='word_1_473' title='bbox 884 4900 980 4992; x_wconf 84' lang='grc' dir='ltr'>λόγου</span> <span class='ocrx_word' id='word_1_474' title='bbox 1005 4900 1063 4974; x_wconf 80' lang='grc' dir='ltr'>τήν</span> <span class='ocrx_word' id='word_1_475' title='bbox 1088 4903 1261 4994; x_wconf 76' lang='grc' dir='ltr'>τὸνλόγον</span> <span class='ocrx_word' id='word_1_476' title='bbox 1285 4902 1509 4976; x_wconf 85' lang='grc' dir='ltr'>ὑποστήσασαν</span> <span class='ocrx_word' id='word_1_477' title='bbox 1534 4893 1610 4966; x_wconf 84' lang='grc' dir='ltr'>εἶναι</span> <span class='ocrx_word' id='word_1_478' title='bbox 1635 4902 1727 4992; x_wconf 87' lang='grc' dir='ltr'>σιγήν</span> <span class='ocrx_word' id='word_1_479' title='bbox 1742 4897 1784 4984; x_wconf 66' lang='grc'>8)·</span> <span class='ocrx_word' id='word_1_480' title='bbox 1812 4905 1871 4966; x_wconf 84' lang='grc' dir='ltr'>καί</span> 
     </span>
    </p>
   </div>
   <div class='ocr_carea' id='block_1_5' title="bbox 353 5078 1412 5422">
    <p class='ocr_par' dir='ltr' id='par_1_12' title="bbox 353 5078 1412 5422">
     <span class='ocr_line' id='line_1_38' title="bbox 354 5078 1391 5152; baseline 0.002 -18"><span class='ocrx_word' id='word_1_481' title='bbox 354 5079 376 5152; x_wconf 88' lang='grc'>1)</span> <span class='ocrx_word' id='word_1_482' title='bbox 394 5079 432 5134; x_wconf 86' lang='grc' dir='ltr'>Η.</span> <span class='ocrx_word' id='word_1_483' title='bbox 450 5078 500 5136; x_wconf 81' lang='lat' dir='ltr'>fol.</span> <span class='ocrx_word' id='word_1_484' title='bbox 522 5079 583 5137; x_wconf 82' lang='lat'>153.</span> <span class='ocrx_word' id='word_1_485' title='bbox 1152 5081 1175 5150; x_wconf 63' lang='grc' dir='ltr'>Β)</span> <span class='ocrx_word' id='word_1_486' title='bbox 1193 5081 1230 5136; x_wconf 87' lang='lat' dir='ltr'>H·</span> <span class='ocrx_word' id='word_1_487' title='bbox 1249 5085 1391 5140; x_wconf 78' lang='grc' dir='ltr'>ἰιλιιιιιδιίς.</span> 
     </span>
     <span class='ocr_line' id='line_1_39' title="bbox 353 5167 1379 5244; baseline -0.002 -18"><span class='ocrx_word' id='word_1_488' title='bbox 353 5167 658 5244; x_wconf 74' lang='lat' dir='ltr'><strong>²)Ood.f01.232v.,</strong></span> <span class='ocrx_word' id='word_1_489' title='bbox 677 5174 704 5224; x_wconf 76' lang='grc' dir='ltr'>τὸ</span> <span class='ocrx_word' id='word_1_490' title='bbox 724 5175 773 5243; x_wconf 81' lang='grc' dir='ltr'>γὰρ</span> <span class='ocrx_word' id='word_1_491' title='bbox 793 5170 843 5228; x_wconf 80' lang='grc' dir='ltr'>εἰσ.</span> <span class='ocrx_word' id='word_1_492' title='bbox 1152 5171 1175 5244; x_wconf 79' lang='lat'>⁶)</span> <span class='ocrx_word' id='word_1_493' title='bbox 1192 5169 1228 5225; x_wconf 80' lang='lat' dir='ltr'>H.</span> <span class='ocrx_word' id='word_1_494' title='bbox 1248 5169 1297 5226; x_wconf 88' lang='lat' dir='ltr'>fol.</span> <span class='ocrx_word' id='word_1_495' title='bbox 1319 5168 1379 5224; x_wconf 81' lang='lat'><strong>155.</strong></span> 
     </span>
     <span class='ocr_line' id='line_1_40' title="bbox 353 5257 1380 5333; baseline -0.002 -20"><span class='ocrx_word' id='word_1_496' title='bbox 353 5259 376 5333; x_wconf 78' lang='lat'>⁸)</span> <span class='ocrx_word' id='word_1_497' title='bbox 394 5259 431 5313; x_wconf 89' lang='grc' dir='ltr'>Η.</span> <span class='ocrx_word' id='word_1_498' title='bbox 450 5257 501 5315; x_wconf 84' lang='lat' dir='ltr'>fol.</span> <span class='ocrx_word' id='word_1_499' title='bbox 521 5259 581 5315; x_wconf 77' lang='lat'>154.</span> <span class='ocrx_word' id='word_1_500' title='bbox 1151 5261 1174 5332; x_wconf 62' lang='grc' dir='ltr'>ἰ)</span> <span class='ocrx_word' id='word_1_501' title='bbox 1193 5259 1231 5314; x_wconf 87' lang='grc' dir='ltr'>Η.</span> <span class='ocrx_word' id='word_1_502' title='bbox 1250 5257 1300 5314; x_wconf 80' lang='lat' dir='ltr'>fol.</span> <span class='ocrx_word' id='word_1_503' title='bbox 1320 5257 1380 5312; x_wconf 72' lang='lat'>156,</span> 
     </span>
     <span class='ocr_line' id='line_1_41' title="bbox 353 5343 1412 5422; baseline -0.002 -20"><span class='ocrx_word' id='word_1_504' title='bbox 353 5348 377 5420; x_wconf 80' lang='lat'>⁴)</span> <span class='ocrx_word' id='word_1_505' title='bbox 396 5345 443 5402; x_wconf 82' lang='lat' dir='ltr'>Sic</span> <span class='ocrx_word' id='word_1_506' title='bbox 462 5347 525 5404; x_wconf 82' lang='lat' dir='ltr'><strong>cod.</strong></span> <span class='ocrx_word' id='word_1_507' title='bbox 545 5353 691 5421; x_wconf 72' lang='lat' dir='ltr'><strong>corrupte.</strong></span> <span class='ocrx_word' id='word_1_508' title='bbox 1152 5349 1174 5422; x_wconf 81' lang='lat'>⁸)</span> <span class='ocrx_word' id='word_1_509' title='bbox 1194 5345 1261 5404; x_wconf 85' lang='lat' dir='ltr'>Cod.</span> <span class='ocrx_word' id='word_1_510' title='bbox 1281 5343 1412 5402; x_wconf 76' lang='lat' dir='ltr'><strong>f01.233.</strong></span> 
     </span>
    </p>
   </div>
   <div class='ocr_carea' id='block_1_6' title="bbox 0 0 2002 6068">
    <p class='ocr_par' dir='ltr' id='par_1_13' title="bbox 0 0 2002 6068">
     <span class='ocr_line' id='line_1_42' title="bbox 0 0 2002 6068; baseline 0 0"><span class='ocrx_word' id='word_1_511' title='bbox 0 0 2002 6068; x_wconf 95' lang='lat' dir='ltr'> </span> 
     </span>
    </p>
   </div>
  </div>
 </body>
</html>
