4022 6072
918 457 1037 535 Sanni
1056 453 1233 536 Ambrosii

610 635 751 702 lnferier
773 635 868 702 tellus
892 641 1045 718 estsere,
1069 637 1209 718 flumine,
1232 638 1378 716 flamma;

654 743 697 808 Et
720 743 752 809 ri
775 748 908 811 naturae
932 748 1126 831 praeeminet
1148 745 1206 812 illa
1227 747 1342 812 tribus.

612 849 755 916 Sustinet
777 851 856 917 haec
878 854 990 934 omnis,
1014 853 1151 919 hominis
1174 852 1327 920 fundatur
1350 854 1390 919 ad
1413 876 1516 934 usum,

656 958 756 1024 Omne
780 958 870 1024 velut
893 961 1022 1044 pecudis
1046 966 1131 1027 terra
1154 960 1288 1028 fovendo
1312 983 1424 1046 genus.

610 1067 770 1148 Quidquid
795 1090 876 1153 opus
898 1069 981 1134 vitae
1004 1070 1183 1135 viventibus
1205 1069 1263 1134 illa
1286 1070 1465 1148 ministrat;

654 1173 814 1259 Quidquid
837 1175 933 1242 homo
956 1176 1043 1242 diree
1066 1179 1216 1262 possidet,
1239 1176 1296 1242 illa
1319 1177 1416 1242 dedit.

609 1283 753 1367 Respicit
775 1284 933 1351 humanae
957 1285 1039 1349 vitae
1061 1307 1133 1368 spes
1156 1285 1258 1350 omnis
1281 1285 1321 1350 ad
1344 1284 1443 1365 illam,

654 1389 746 1455 Illius
770 1395 807 1455 ut
831 1391 944 1456 matris
967 1396 1080 1457 cuncta
1104 1390 1253 1456 foventur
1276 1413 1346 1476 ope.

610 1496 654 1563 Et
676 1497 829 1582 quidquid
851 1499 964 1583 pennis
986 1503 1101 1564 natura
1125 1521 1181 1582 per
1203 1521 1277 1565 aera
1299 1499 1397 1580 tollit,

654 1605 874 1690 compellente
897 1606 990 1686 fame,
1015 1607 1161 1688 protinus
1184 1607 1248 1672 ima
1271 1608 1363 1691 petit.

609 1713 752 1780 Plurima
775 1719 908 1781 naturae
931 1713 1080 1778 tellurem
1104 1713 1186 1779 dona
1209 1715 1369 1793 decorant,

655 1821 689 1888 Si
712 1843 776 1888 non
800 1826 918 1902 exacte,
941 1842 1043 1906 pauca
1066 1821 1186 1886 referre
1208 1819 1299 1886 libet.

609 1927 655 1992 Ex
680 1928 740 1993 hac
763 1949 835 1992 oum
858 1948 989 2011 prorsus
1013 1927 1055 1992 rit
1078 1929 1270 1994 sustentatio
1292 1931 1412 2008 nostra,

652 2038 723 2113 Quo
746 2037 909 2102 consuevit
932 2056 1020 2119 spem
1050 2034 1143 2114 ferre,
1167 2035 1273 2101 videre
1296 2035 1413 2120 placet.

607 2145 775 2210 [terminat
797 2144 853 2210 illa
876 2165 949 2209 suos
973 2143 1128 2228 quidquid
1151 2147 1311 2208 sustentat
1334 2143 1491 2222 alumnos,

651 2252 795 2318 Parturit
817 2251 878 2318 hoo
900 2253 985 2336 quod
1007 2251 1062 2317 dat
1086 2251 1205 2316 fetibus
1227 2250 1285 2316 illa
1307 2251 1383 2317 suis.

610 2360 735 2426 Diversi
758 2359 884 2445 generis
907 2359 1031 2444 prefert
1054 2357 1205 2424 animalia
1228 2359 1324 2438 natis,

650 2469 774 2534 Diversi
797 2469 899 2534 victus
924 2467 1073 2553 providet
1095 2467 1153 2532 illa
1175 2488 1288 2552 genus.

606 2575 834 2642 Distribuenda
856 2597 949 2660 seges
972 2576 1119 2642 humanis
1142 2579 1191 2641 est
1214 2574 1388 2653 alimentis,

649 2683 776 2750 Vermis
799 2685 904 2750 nutrit
927 2705 1011 2763 eres,
1036 2683 1149 2748 educat
1173 2683 1272 2749 herba
1295 2702 1401 2766 pecus.

605 2790 687 2857 Sunt
709 2790 764 2856 alii
788 2789 910 2856 fructus
933 2810 1013 2873 quos
1036 2795 1221 2874 procurant,
1245 2790 1397 2856 alimenta

649 2898 758 2964 Rebus
782 2902 869 2964 terra
891 2897 978 2982 parit
1000 2897 1258 2984 multiplicatque
1281 2917 1406 2982 parens.

604 3005 730 3072 Educet
752 3005 830 3072 haec
843 3005 1024 3086 hominem,
1047 3007 1216 3086 sustentat,
1240 3010 1273 3070 et
1296 3005 1415 3088 exeipit
1437 3002 1529 3069 illum

646 3113 725 3178 Post
748 3116 896 3194 mortem,
920 3112 1047 3196 quando
1071 3117 1159 3178 terra
1182 3113 1219 3177 fit
1241 3113 1311 3196 ipsa
1335 3133 1418 3178 oaro.

603 3219 753 3286 Materies
777 3220 914 3286 hominis
938 3219 1034 3285 limus
1057 3219 1130 3298 fuit,
1156 3223 1189 3284 et
1212 3218 1295 3284 bona
1317 3223 1409 3284 tanta

647 3326 857 3412 Numquae,
881 3350 947 3394 non
970 3351 1034 3409 aer,
1058 3350 1122 3393 non
1144 3328 1232 3393 dedit
1254 3328 1339 3414 ignis
1362 3328 1401 3393 ei.

604 3434 749 3502 Christus
773 3437 850 3502 item
873 3441 975 3502 terras
998 3436 1174 3502 humanum
1196 3435 1274 3500 feeit
1297 3435 1337 3500 ad
1360 3456 1472 3500 nsum:

646 3544 737 3629 Ergo
761 3545 931 3629 praedictis
957 3549 1129 3629 praerogat
1152 3543 1209 3609 illa
1232 3543 1347 3608 tribus.

603 3653 646 3718 Et
669 3652 746 3719 licet
768 3652 916 3718 humanis
940 3655 1130 3737 processerit
1154 3656 1243 3718 ortus
1265 3652 1306 3717 ab
1330 3637 1429 3732 imies

645 3760 809 3826 Christum
832 3761 998 3845 quaerenti
1021 3781 1086 3826 non
1109 3761 1184 3826 licet
1206 3760 1271 3825 ima
1294 3760 1393 3844 sequi.

603 3867 682 3934 Cum
706 3869 748 3934 sit
770 3873 857 3934 terra
880 3890 964 3948 caro,
987 3890 1052 3934 non
1075 3871 1124 3932 est
1147 3867 1178 3932 id
1202 3889 1265 3951 qno
1288 3861 1362 3934 caro
1386 3867 1464 3932 vivit

646 3975 832 4055 Terrenum,
856 3997 914 4043 nee
936 3975 1026 4040 humi
1049 3974 1120 4041 vult
1142 3973 1289 4040 habitare
1312 3974 1431 4040 domos.

603 4081 666 4148 Sed
689 4083 793 4167 ruptis
816 4082 930 4148 animis
953 4082 1063 4148 mundi
1086 4080 1266 4166 spretisque
1290 4081 1425 4162 caducis,

643 4188 682 4253 In
705 4189 829 4256 coelum
852 4189 963 4255 tendat
986 4189 1117 4274 spiritns
1141 4188 1328 4272 empireum.

600 4295 699 4363 Plura
722 4297 816 4364 velim
840 4319 921 4382 qnae
944 4303 1031 4364 terra
1054 4297 1139 4383 gerit
1163 4297 1380 4382 perstringere
1402 4295 1522 4382 paucis,

646 4405 708 4473 Sed
731 4427 795 4472 non
819 4407 1026 4490 consequitur
1048 4407 1095 4471 vis
1119 4427 1190 4471 mee
1213 4405 1294 4471 velle
1318 4426 1436 4471 meum.

599 4513 748 4601 Namque
772 4515 860 4582 brevi
884 4515 959 4580 dum
983 4518 1074 4580 tanta
1097 4512 1185 4598 stylo
1208 4532 1396 4596 percurrere
1419 4513 1521 4589 tento,

644 4623 705 4690 Vie
727 4623 814 4690 rudis
837 4623 956 4708 ingenii
980 4643 1098 4706 magna
1121 4621 1228 4686 ridere
1251 4617 1373 4702 nequit.

601 4729 716 4796 Omnia
738 4730 901 4796 stellarum
928 4731 999 4815 quie
1022 4729 1163 4812 concipit
1185 4727 1314 4810 agorina
1337 4724 1462 4790 menti?

645 4838 816 4904 Astrorum
840 4861 1008 4904 numerum
1032 4859 1162 4904 cernere
1187 4857 1279 4900 nemo
1302 4837 1420 4918 potest.

599 4943 630 5010 A
652 4945 749 5010 simili
773 4949 863 5010 tanto
887 4945 1009 5010 ditatur
1032 4965 1164 5009 munere
1190 4947 1286 5024 terra,

645 5053 785 5118 Dotibns
808 5056 845 5118 ut
866 5056 986 5118 metam
1008 5074 1071 5117 non
1095 5051 1178 5118 sinat
1201 5051 1268 5134 ipse
1291 5048 1367 5115 suis.

598 5157 673 5226 Non
696 5159 801 5226 estin
823 5163 986 5244 promptu,
1011 5179 1070 5223 nec
1093 5157 1141 5223 fas
1165 5161 1214 5222 est
1236 5153 1504 5240 cunctaridere:

643 5267 763 5334 Verum
786 5267 918 5334 tentabo
942 5266 1063 5332 viribus
1087 5268 1164 5350 apta
1185 5264 1274 5330 meir.
