4006 6074
261 475 280 529 8
801 464 958 538 Fabulae.
973 487 1104 558 scopus,
1117 466 1268 556 justitia.

262 637 332 702 τινά
355 633 458 726 ψυχὴν
481 641 516 703 ἐκ
539 647 597 714 τῆς
621 637 780 727 ὑπερορίας
804 636 940 726 ἄγγελον
957 627 1026 700 ’τῶν
1044 640 1075 702 ἐν
1092 629 1166 722 ᾅδου
1184 636 1237 700 καὶ
1255 647 1318 702 τῶν
1342 630 1399 716 ἔξω
1423 637 1569 727 σώματος
1592 637 1803 727 παθημάτων,

263 740 304 810 ὧν
328 745 443 834 ύπομέ-

263 961 287 1027 f.
307 962 368 1027 118
396 962 508 1045 [νουσιν
526 965 558 1023 αἱ
573 956 671 1049 ψυχαί
687 961 848 1043 ποικίλων,
872 961 1042 1051 γενομένην
1059 959 1161 1052 ψυχὴν
1178 960 1220 1026 τά
1236 960 1341 1052 ψυχῶν
1368 963 1587 1053 ἱστορήσασαν,
1611 965 1720 1029 ἔπειτα
1744 977 1810 1042 τοῖς

263 1059 355 1145 ζῶσιν
378 1069 408 1142 ἒς
426 1069 449 1154 ¹)
472 1067 527 1132 τόν
552 1059 629 1154 τῇδε
655 1070 721 1153 βίον
746 1071 984 1159 ἀπαγγειλασαν
1009 1067 1288 1157 ὑποστησάμενος).

694 1409 747 1458 τιε
767 1410 790 1459 ιι
810 1409 977 1460 ιιοοοεειι
998 1411 1064 1462 τοι
1085 1412 1212 1475 [ιιιοοι
1231 1411 1384 1476 ιιιυτοεη

225 1631 239 1674 ε
335 1604 401 1676 Τὴν
427 1604 481 1695 μὲν
506 1601 557 1670 ούν
581 1605 723 1697 πρόθεσιν
753 1610 788 1672 ού
816 1609 945 1692 [πολλοῦ
978 1598 1180 1694 δεήσεσθαιθ)
1206 1606 1317 1695 λύ)γου
1346 1599 1472 1694 νομίζω,
1501 1605 1560 1677 τὴν
1583 1603 1712 1696 πρώτην
1736 1612 1811 1694 ημῖν

267 1723 371 1802 σαφῶς
397 1715 462 1798 [καί
479 1717 587 1801 αύ)τοῦ
604 1725 659 1779 τοῦ
685 1714 867 1805 Σωκράτους
893 1721 934 1791 εἰς
957 1715 1017 1786 τὴν
1042 1715 1207 1803 σύμπασαν
1236 1715 1315 1799 [τῆς]
1341 1705 1536 1789 δικαιοσύνης
1562 1712 1687 1804 θεωρίαν
1712 1713 1812 1786 αὐτὴν

268 1823 516 1910 ἀναπέμποντος,
534 1824 587 1888 καί
603 1822 652 1899 οὓς
668 1835 844 1914 καρποῦται
860 1822 984 1913 μισθούς
1000 1823 1085 1913 παρά
1098 1832 1160 1888 τῶν
1177 1823 1374 1913 κρειττόνων,
1391 1827 1407 1885 ό
1423 1821 1483 1893 τὴν
1500 1827 1530 1888 ἐν
1550 1825 1634 1906 αὐτῷ
1650 1825 1812 1889 πολιτείαν

266 1930 513 2017 κατακοσμήσας
530 1921 582 1995 διά
607 1941 664 2007 τῆς
689 1935 802 2021 ἀρετῆς
828 1931 994 2020 συμπάσης
1011 1932 1065 1995 καί
1082 1923 1279 2006 δικαιοσύνης
1291 1931 1316 2013 3)
1334 1922 1550 2020 διαφερόντως,
1569 1932 1672 2021 ὥσπερ
1697 1922 1734 2004 δι)
1760 1931 1814 1994 καί

266 2036 322 2113 τάς
346 2040 488 2113 ἐναντίας
512 2049 577 2113 τοῖς
602 2049 729 2128 καρποῖς
752 2038 875 2114 τούτοις
894 2039 1053 2127 τιμωρίας,
1079 2039 1152 2113 όσας
1175 2037 1338 2126 ὑπομένειν
1361 2037 1482 2127 ἀνάγκη
1510 2037 1564 2102 τύν
1588 2037 1647 2110 τὴν
1671 2040 1813 2104 ἐναντίαν

214 2164 239 2203 ιο
267 2136 327 2220 ἕξιν
351 2141 410 2215 τόν
434 2135 540 2209 ἄδικον
559 2148 589 2209 έν
607 2156 647 2230 τῇ
665 2144 749 2236 ψυχῇ
769 2145 972 2234 κεκτημένον.
990 2144 1092 2210 Ἀλλά
1108 2147 1182 2235 πρός
1201 2145 1254 2235 μὲν
1273 2156 1384 2210 τοῦτον
1405 2147 1460 2211 τόν
1485 2147 1600 2212 σκοπόν
1627 2146 1814 2237 βραχύτατα

266 2261 329 2316 τῶν
353 2255 384 2315 ἑν
408 2261 453 2334 τῷ
471 2252 557 2342 μύθῳ
574 2253 698 2328 πάντως
717 2253 752 2318 ἀν
769 2247 931 2345 ἐξήρκεσεν
944 2251 981 2340 ⁴),
999 2255 1056 2318 ὅσα
1072 2256 1253 2317 κατατείνει
1269 2253 1417 2342 περὶτῶν
1439 2258 1469 2318 ἑν
1494 2247 1570 2338 ᾅδου
1594 2248 1724 2337 λήξεων,
1747 2257 1816 2345 περί

266 2384 303 2426 τε
327 2359 366 2426 τό
390 2361 518 2450 στόμιον
543 2362 583 2426 τό
600 2362 791 2451 μυκώμενον,
809 2363 862 2426 καί
884 2362 926 2427 τά
948 2360 1083 2454 τραγικά
1097 2359 1122 2448 ⁵)
1139 2359 1208 2451 περὶ
1223 2361 1277 2424 τόν
1294 2352 1448 2450 Ἀρδίαιον
1466 2351 1614 2450 δράματα
1638 2353 1815 2450 διατρίύων,

266 2468 321 2531 καί
336 2467 393 2542 τάς
417 2469 600 2558 ἐπικαρπίας
625 2479 688 2534 τῶν
712 2471 802 2547 ὁσίως
820 2463 1026 2554 βεύιωκόπων.
1045 2459 1132 2533 Τι’δέ
1148 2474 1223 2557 ημῖν
1241 2475 1273 2531 αἱ
1287 2467 1451 2557 περιφοραὶ
1474 2477 1519 2550 τῷ
1537 2467 1623 2556 μύθῳ
1649 2467 1817 2552 βούλονται

267 2585 330 2640 τῶν
356 2578 515 2665 οὐρανίων,
539 2577 592 2640 καί
616 2582 635 2649 η
661 2587 719 2652 τῆς
744 2576 884 2669 ἀνάγκης
910 2577 1064 2662 βασιλεία,
1088 2575 1143 2640 καί
1167 2581 1199 2639 αἱ
1214 2586 1295 2665 τρεῖς
1321 2586 1434 2664 μοῖραι,
1451 2573 1544 2660 xoe1⁸)
1568 2581 1596 2639 υί
1619 2579 1739 2666 κλῆροι,
1763 2575 1818 2640 καὶ

215 2699 241 2736 ¹⁵
269 2687 297 2748 οἱ
322 2685 394 2768 βίοι,
409 2684 461 2748 καί
478 2691 510 2748 αἱ
525 2694 588 2750 τῶν
606 2675 745 2751 καθόδων
763 2695 825 2749 τῶν
850 2681 989 2774 ψυχικῶν
1012 2675 1215 2749 παντοδαπαί
1239 2675 1500 2772 διαρορότητεςθ)
1517 2683 1652 2774 ἀλόγων,
1669 2689 1817 2773 λογικῶν,

270 2791 408 2881 ἄμικτοι,
433 2792 640 2884 μεμιγμέναις
664 2791 769 2858 πάντα
792 2791 851 2882 γάρ
875 2803 978 2857 ταῦτα
1004 2798 1077 2883 μίαν
1103 2792 1251 2882 ἁρμονίαν
1276 2793 1450 2879 ἐκπληροῦν
1475 2781 1524 2856 δεῖ
1537 2802 1594 2867 τῆς
1618 2790 1818 2882 μυθολογίας,

269 2902 288 2970 ί)
315 2897 422 2987 μάτην
447 2898 529 2964 αύτά
552 2891 868 2990 προσερραψῳδῆσθαι
891 2909 937 2982 τῷ
963 2899 1134 2990 Σωκράτει,
1158 2909 1253 2963 τοῦτο
1277 2900 1315 2962 τό
1340 2888 1377 2970 δὴ
1400 2897 1539 2974 πάντων,
1553 2903 1593 2975 ὡς
1613 2903 1719 2981 εἰπεῖν,
1745 2903 1820 2964 ἀτο-

269 3005 427 3071 πώτατον·
451 3007 570 3095 μήποτ’
595 3002 647 3074 οὐν
671 2999 778 3080 ἐπειδὴ
804 3017 862 3084 τῆς
887 2999 1084 3083 δικαιοσύνης
1107 3007 1198 3072 ἕνεκα
1222 3007 1277 3072 τόν
1298 3006 1367 3096 περὶ
1383 3015 1441 3081 τῆς
1454 3003 1480 3093 ⁸)
1506 3007 1635 3095 ἀρίστης
1657 3009 1819 3084 πολιτείας

269 3118 346 3204 ἡμῖν
370 3116 402 3180 ὲν
425 3107 504 3202 τῇδε
527 3127 568 3201 τῇ
594 3139 742 3206 πραγμα-

216 3343 244 3381 ²⁰
270 3330 293 3394 f.
313 3331 375 3396 118
396 3353 426 3396 v.
445 3331 527 3415 [τείορ
543 3330 691 3420 συμπάσῃ
710 3329 805 3421 λόγον
831 3321 1046 3421 διεπεράνατο,
1071 3329 1126 3394 καί
1148 3331 1199 3396 έπί
1215 3329 1335 3407 ταύτης
1357 3331 1447 3395 ἕνεκα
1471 3329 1524 3394 καί
1547 3329 1604 3406 τάς
1629 3332 1779 3406 παντοίας
1794 3332 1818 3413 ⁹)

270 3437 432 3512 πολιτείας
458 3432 678 3528 διερευνήσατο
702 3448 764 3502 τῶν
782 3442 812 3502 ἑν
830 3438 948 3529 γενέσει
964 3434 1070 3528 ψυχῶν
1089 3440 1290 3528 ἀντίστροφα,
1315 3438 1368 3502 καί
1392 3439 1546 3527 περὶτῶν
1571 3440 1659 3516 ἐκτός
1684 3451 1738 3504 τοῦ
1762 3438 1821 3504 σώ·

273 3567 371 3632 ματος
395 3547 426 3608 ἑν
451 3536 533 3628 τῷδε
555 3555 601 3629 τῷ
626 3544 711 3634 μύθῳ
736 3538 867 3611 διελθεῖν
890 3543 1085 3637 προθέμενος,
1110 3550 1144 3610 ού
1169 3544 1239 3621 τούς
1264 3543 1388 3634 μισθούς
1413 3546 1506 3636 μόνον
1530 3545 1601 3623 τοὺς
1625 3551 1656 3612 ἐν
1680 3557 1748 3623 ταῖς
1763 3548 1821 3620 λή-

274 3644 357 3729 ξεσιν
381 3656 475 3741 ημᾶς)
504 3643 693 3732 ἀνεδίδαξεν,
719 3653 802 3719 ἀλλά
827 3652 880 3718 καί
907 3653 976 3739 [τὴν
1001 3657 1032 3718 ἐν
1057 3655 1174 3742 οὐρανῷ
1197 3657 1314 3738 πᾶσαν)
1339 3653 1513 3729 πολιτείαν,
1538 3645 1740 3746 παράδειγμα
1763 3665 1821 3730 τῆς
1841 3691 1844 3698 «

273 3760 402 3850 ἀρίστης
418 3759 458 3846 ¹⁰)
482 3755 585 3826 οὖσαν·
609 3767 648 3837 ὡς
672 3761 726 3826 καί
749 3771 845 3826 τοῦτο
868 3763 1050 3852 προείρηκεν
1069 3764 1084 3823 ό
1102 3760 1285 3850 Σωκράτης,
1301 3765 1331 3825 ἑν
1349 3765 1467 3850 οὐρανῷ
1485 3761 1586 3851 λέγων
1611 3762 1710 3834 αὐτὴν
1734 3757 1820 3840 εἶναι,

218 3879 246 3916 ²⁵
275 3865 331 3930 κάν
356 3872 386 3931 ἑν
405 3867 575 3959 ἀνθρώποις
592 3869 807 3944 ἀνυπόστατος
824 3877 855 3956 η·
872 3869 925 3933 καί
940 3868 999 3945 τάς
1015 3871 1045 3932 ἐν
1062 3877 1108 3951 τῷ
1125 3870 1184 3932 ὑπό
1202 3868 1385 3951 σελήνηνῃ)
1404 3869 1489 3953 τόπῳ
1506 3879 1568 3934 τῶν
1585 3866 1691 3959 ψυχῶν
1716 3870 1820 3960 ῳοράς,

273 3977 327 4040 καί
349 3975 477 4066 αἱρέσεις
500 3977 555 4041 καί
578 3971 763 4056 ἐπαλλάξεις
787 3987 849 4042 τῶν
875 3978 960 4061 βίων,
978 3980 1029 4066 ἀρ’
1048 3969 1089 4040 ὧν
1106 3975 1161 4040 καὶ
1178 3981 1210 4040 αἱ
1227 3974 1310 4064 μετά
1327 3975 1482 4064 σωμάτων
1499 3980 1657 4042 πολιτεῖαι
1681 3978 1822 4042 ποικιλαι

274 4083 405 4173 φύονται
428 4074 614 4174 διῃρημέναι
637 4095 702 4160 τοῖς
727 4086 852 4176 ἀλόγοις
878 4075 986 4149 εἴδεσιν
1010 4095 1068 4159 τῆς
1092 4078 1189 4170 ζωῆς,
1215 4085 1290 4148 ὥστ’
1315 4077 1390 4148 εἶναι
1414 4083 1468 4148 τόν
1492 4084 1599 4149 πάντα
1623 4087 1736 4149 σκοπόν
1761 4085 1822 4148 ἀπό

274 4200 337 4255 τῶν
353 4191 422 4281 περί
446 4183 642 4269 δικαιοσύνης
667 4191 845 4282 ὁρμηθέντα
868 4192 982 4282 λόγων·
1005 4191 1167 4258 κάνταῦθα
1183 4192 1253 4283 περὶ
1267 4191 1370 4266 πάσης
1391 4203 1448 4267 τῆς
1473 4203 1625 4282 κοσμικῆς
1648 4194 1822 4268 πολιτείας,

274 4315 315 4368 -::-
330 4299 368 4373 ἣν
386 4303 416 4364 ἑν
434 4297 530 4388 μύθου
548 4301 692 4390 σχήματι
707 4300 841 4366 Πλάτων
860 4302 1007 4390 Ιεκῳαίνει,
1024 4311 1087 4366 τῶν
1103 4325 1140 4365 τε
1157 4301 1304 4391 οὐρανίων
1320 4299 1374 4365 καί
1390 4310 1452 4365 τῶν
1469 4301 1528 4365 ύπύ
1545 4301 1599 4366 τόν
1617 4301 1743 4391 οὐρανόν
1760 4299 1820 4371 τὴν

219 4410 246 4447 ³⁰
275 4402 374 4486 τάξιν.
391 4408 452 4474 Καὶ
475 4419 638 4499 πανταχοῦ
656 4409 711 4500 μὲν
728 4413 744 4473 ύ
761 4420 819 4486 τῆς
837 4400 1034 4485 δικαιοσύνης
1049 4409 1124 4500 πρός
1141 4407 1200 4484 τὴν
1223 4399 1346 4474 ἀδικίαν
1369 4407 1462 4499 λόγος
1486 4411 1607 4499 γίνεται
1629 4407 1823 4498 καταφανὴς,

277 4510 425 4605 μειζόνως
442 4514 481 4601 1²)
506 4507 539 4580 δὲ
563 4517 624 4580 ἀπὸ
640 4528 698 4593 τῆς
715 4519 746 4582 ὲν
762 4525 809 4600 τῷ
825 4517 932 4600 κόσμῳ
948 4518 1119 4594 πολιτείας,
1136 4521 1167 4582 ἐν
1184 4513 1203 4603 ᾖ
1221 4515 1284 4582 θεοί
1301 4517 1356 4605 μέν
1374 4522 1432 4580 εἰσι
1453 4515 1598 4605 φύλακες,
1622 4521 1661 4590 ὡς
1687 4515 1822 4598 ἀληθῶς,

276 4626 330 4689 καί
354 4625 503 4715 ἄρχοντες
528 4635 590 4689 τῶν
615 4635 770 4714 κοσμικῶν
795 4625 909 4716 νόμων,
933 4624 982 4701 οθς
1007 4627 1026 4696 ἥ
1052 4649 1089 4690 τε
1113 4624 1309 4717 ἀνάγκηκαὶ
1334 4630 1364 4688 αἱ
1383 4625 1504 4699 ταύτης
1527 4614 1634 4701 παῖδες
1651 4629 1692 4699 εἰς
1708 4625 1745 4688 τό
1761 4631 1823 4688 πᾶν

325 4839 347 4912 ¹)
366 4840 402 4893 ίτι
420 4837 527 4896 Maius.
1127 4840 1150 4912 ⁷)
1169 4839 1344 4912 διαῳιρόπητις
1363 4838 1401 4893 H.

327 4929 351 5000 ²)
370 4931 503 4986 θεήσασθαι
523 4928 562 4984 M.
1126 4931 1148 5000 ⁸)
1169 4934 1212 4991 τοῖς
1232 4946 1288 4985 om.
1308 4929 1346 4984 Η.

325 5017 349 5090 ³)
369 5022 409 5070 διὰ
428 5022 471 5079 τῆς
492 5022 580 5090 ἀριτῆς
599 5039 620 5071 σ.
641 5039 663 5070 κ.
683 5021 836 5082 δικαιοσύνης
855 5035 911 5077 om.
930 5018 970 5075 Η.
1125 5018 1148 5088 9)
1168 5025 1201 5070 τὰ
1219 5019 1340 5079 παντοίας
1359 5016 1398 5072 Μ.

324 5109 348 5179 ⁴)
367 5107 478 5170 ίΕήκισιν
497 5108 535 5164 Η.
1116 5105 1150 5179 ¹⁰)
1171 5105 1274 5179 ἀκριύῆς
1292 5107 1332 5161 Μ.

326 5195 350 5270 ⁵)
371 5203 403 5250 τὰ
421 5206 476 5268 περὶ
496 5203 535 5252 τόν
556 5200 664 5269 ἂρδίαιον
683 5198 722 5255 Η.
1118 5197 1153 5270 ¹¹)
1173 5199 1275 5257 σελήνης
1294 5197 1334 5251 Μ.

325 5285 349 5357 ⁶)
367 5283 417 5342 101
436 5286 527 5342 5211.
1115 5285 1150 5358 ¹²)
1169 5287 1268 5356 μείζονα
1287 5283 1324 5340 Η.
