3944 6074
303 533 361 594 tto
745 569 747 574 ·
859 528 940 605 ant.
961 527 1091 606 Meelie.
1112 530 1304 607 uarietates.

303 701 373 767 cod.
391 701 486 787 prim.
513 705 667 791 irrepebat,
685 725 767 770 carr.
786 706 911 791 ίοτορεϊ.
935 747 975 758 -
998 703 1052 767 καί
1106 701 1160 768 ιιόν
1178 704 1232 768 καί
1247 704 1284 769 rb
1302 703 1357 793 μὲν
1370 704 1408 768 rb
1425 703 1538 793 νοερὸν,
1551 712 1597 787 τῷ
1614 695 1648 769 δε
1663 703 1701 769 τὸ
1717 703 1845 794 λογικόν.
1924 775 1925 778 ¹

304 806 445 898 μερικάς)
470 809 523 874 καί
547 808 669 899 μερικοί.
686 847 729 859 -
747 814 773 875 εἰ
797 810 862 895 καί)
887 810 906 884 ἢ
932 814 996 879 καί.
1014 853 1053 864 -
1105 849 1150 860 -
1166 812 1189 879 l.
1206 815 1226 878 5
1242 821 1305 877 τῶν
1331 803 1512 901 δαιμονίων)
1534 821 1598 877 τῶν
1624 803 1790 900 δαιμόνων,
1811 849 1846 860 -

301 917 511 1008 1.4μερικον
536 917 589 982 καί
613 927 658 1002 τῷ
683 918 737 1008 μέν
754 919 791 984 τὸ
809 920 950 1011 λογικὸν)
967 944 1053 1011 μερι-
1106 920 1129 987 l.
1145 922 1166 986 6
1182 913 1266 1010 εἶχον
1282 920 1397 1010 λέγειν)
1416 920 1576 1010 είχόμενον
1594 921 1636 1006 (ἰ)
1653 919 1759 1010 λέγειν
1775 943 1847 986 corr.

1045 1243 1105 1310 IX.

345 1455 420 1546 Περί
442 1467 501 1533 τῆς
525 1465 581 1521 τοῦ
605 1456 747 1521 ἐνυπνίου
769 1465 910 1546 πομπῆς,
935 1445 1087 1532 δοκούσης
1110 1448 1221 1546 ψεῦδος
1244 1457 1295 1522 ἐπί
1313 1455 1396 1534 θεοὺς
1421 1456 1624 1548 ἀναπέμπειν,
1648 1465 1716 1532 πῶς
1740 1460 1845 1522 ἀπολο-

302 1562 417 1656 γηθέον
442 1553 570 1652 ἀψευδές
593 1559 633 1630 τὸ
656 1562 739 1628 θεῖον
763 1554 966 1631 δεικνύουσιν.

348 1674 452 1757 Quum
474 1674 639 1741 celebritas
661 1672 829 1756 cujusdam
851 1675 969 1740 somnii
991 1673 1066 1741 eleos
1089 1674 1238 1740 videatur
1259 1675 1418 1743 mmdacii
1447 1697 1599 1760 arpnere,
1624 1675 1779 1760 quomodo
1801 1673 1845 1738 ete

298 1783 392 1867 [endi
409 1783 517 1865 possit
539 1802 657 1847 unomen
681 1802 748 1848 non
770 1802 839 1849 esse
862 1782 1011 1848 mendac.

343 1997 504 2064 Divinum
525 2017 645 2062 numen
660 1997 775 2064 bonum
791 2017 869 2077 esse,
885 1997 1083 2065 immutabile
1098 2005 1128 2065 et
1142 2019 1251 2078 verua,
1268 1997 1415 2066 Socrates
1430 2000 1671 2066 demonstravit.
1693 1996 1844 2082 Quomodo

300 2107 461 2173 Homerus
475 2106 744 2189 Apantemnanem
759 2107 807 2171 ait
824 2105 984 2186 deceptam
1000 2107 1037 2171 in
1052 2107 1175 2172 somnio
1190 2106 1274 2189 qnod
1285 2129 1304 2172 a
1316 2103 1397 2173 Jove
1407 2108 1542 2173 missum
1558 2107 1634 2173 est?
1642 2105 1845 2188 Respondent

298 2213 497 2294 interpretes,
514 2214 675 2295 deceptum
694 2213 800 2297 fuisse
815 2212 1081 2296 Apamemnonem
1096 2215 1133 2278 in
1146 2215 1235 2297 falsa
1252 2215 1514 2295 interpretatione
1528 2215 1655 2293 somnii,
1674 2215 1713 2278 in
1729 2233 1787 2296 qno
1809 2211 1841 2276 ete

299 2328 362 2388 toto
385 2323 536 2402 coercita,
559 2322 647 2388 bonel
670 2320 796 2387 excluso
819 2320 954 2401 Achille,
970 2321 1165 2387 monebatur.
1184 2357 1225 2370 -
1243 2321 1421 2402 Praeterea,
1434 2323 1505 2404 ipso
1528 2319 1659 2388 Socrate
1683 2323 1840 2404 napistro.

298 2429 482 2495 custodibus
497 2429 689 2511 reipublicae
702 2429 915 2509 praecipitur,
927 2429 978 2493 nti
987 2429 1171 2510 frequenter
1183 2429 1347 2495 urendaeio
1357 2436 1494 2511 propter
1506 2430 1678 2496 stultorum
1690 2429 1842 2494 bominum

299 2537 490 2619 opinionem,
508 2538 564 2618 qui
587 2556 675 2602 secus
697 2541 857 2618 nequeunt
873 2537 951 2602 bono
968 2537 1033 2602 sibi
1047 2537 1245 2602 convenienti
1265 2537 1376 2618 patiri.
1402 2535 1634 2618 Saepenumero
1657 2538 1775 2602 bonnm
1794 2556 1842 2617 per

299 2643 466 2709 mendacia
477 2649 678 2724 praestatur,
694 2649 723 2708 et
739 2644 818 2710 bono
831 2645 1016 2727 frustratur
1031 2645 1160 2710 ceritas.
1176 2645 1377 2728 Quapropter
1387 2647 1424 2710 in
1436 2647 1621 2712 animarum
1633 2645 1841 2728 providentio,

301 2751 429 2833 aliquae
439 2771 502 2832 per
517 2751 693 2832 veritatem,
706 2756 735 2816 et
746 2749 875 2833 aliquae
883 2771 946 2833 per
956 2751 1157 2817 mendacium
1167 2751 1242 2817 bene
1253 2752 1453 2835 afficiuntur.
1473 2753 1588 2818 Verum
1600 2754 1687 2819 ebra
1699 2753 1840 2818 dantium
1924 2735 1925 2738 ¹

298 2859 373 2926 baec
389 2859 569 2926 discernere
584 2860 854 2943 contemplarique
868 2879 934 2926 non
946 2864 1050 2941 potest
1065 2859 1198 2926 animus
1213 2859 1470 2926 adolescentium.
1483 2860 1539 2927 Ita
1556 2860 1662 2926 docuit
1679 2859 1840 2945 Sprionus,

341 3181 387 3250 M.
403 3183 461 3250 fol.
487 3182 528 3249 67
549 3182 712 3249 ν.-Ειί.
737 3205 770 3268 p.
795 3182 871 3262 381,
894 3182 917 3249 l.
944 3186 984 3248 12
1008 3181 1046 3246 rb
1146 3181 1330 3248 M.fol.68
1354 3205 1385 3248 ν.
1409 3181 1497 3248 -l.
1522 3181 1564 3248 37
1589 3171 1706 3245 διὰτὸ
1730 3169 1837 3267 ψεῦδος)

297 3287 393 3374 θεῖον)
419 3315 483 3358 om.
508 3290 656 3359 rost-1.
677 3292 717 3357 13
741 3287 936 3370 ὑπατῆσίίαι)
960 3294 1047 3364 ἠπα-
1100 3276 1152 3352 διὰ
1182 3297 1238 3352 τοῦ
1269 3279 1407 3376 ψεύδους.
1430 3325 1476 3337 -
1497 3288 1519 3355 l.
1544 3291 1585 3355 41
1613 3288 1837 3376 ουμπλυροῡοα)

297 3393 424 3469 rnaben.
440 3434 485 3445 —
499 3398 522 3464 l.
541 3391 891 3486 17είχε)έσχεν.-ί.
909 3399 951 3462 22
968 3419 1047 3485 ραν·
1100 3398 1337 3485 ουμπληροῦοα.
1362 3437 1401 3448 -
1424 3391 1504 3460 θεῖον
1537 3397 1588 3484 ἀφ’
1614 3397 1742 3479 ἑαυτοῦ)
1769 3392 1837 3456 θεῖον

296 3489 485 3592 τασμοίτων)
509 3502 695 3594 φασμάτων.
1101 3505 1173 3566 ἀλλ’
1198 3505 1250 3592 ἀρ’
1276 3506 1399 3569 ἑαυτοῦ.
1423 3539 1468 3550 -
1490 3502 1513 3568 l.
1537 3504 1579 3568 45
1604 3492 1776 3591 δεχόμενον
1797 3499 1838 3562 ἐν·

342 3613 387 3680 Μ.
411 3612 469 3679 fol.
495 3614 547 3678 68.
572 3650 614 3660 -
637 3612 660 3678 l.
685 3613 727 3678 33
751 3610 849 3701 λέγει)
881 3610 979 3700 λέγοι.
1005 3649 1046 3660 -
1100 3633 1185 3674 νοιαν
1209 3611 1263 3674 ὅτε
1285 3617 1380 3690 ποιεῖ)
1399 3600 1467 3698 δεχ,
1484 3608 1590 3672 ἄνοιαν
1608 3610 1686 3673 ὅταν
1711 3617 1837 3690 ποιῇ.-

295 3720 319 3786 l.
343 3721 386 3786 35
410 3717 567 3807 ἐφίστησι)
583 3719 742 3804 ὑρίοτηοι.
761 3754 802 3764 -
818 3717 840 3782 l.
858 3719 900 3784 36
917 3727 957 3802 τῇ
983 3725 1047 3780 τῶν
1101 3718 1123 3784 l.
1147 3719 1190 3782 46
1214 3721 1254 3792 ὡς
1278 3715 1445 3798 ἐπιτέλλω)
1463 3739 1526 3783 om.
1543 3757 1582 3768 -
1598 3716 1621 3783 l.
1638 3719 1680 3783 49
1702 3718 1838 3799 ἀντιλαμ-
1924 3771 1925 3780 ,

296 3821 416 3914 ψυχῶν)
448 3849 512 3893 om.
544 3835 598 3910 τῇ.
622 3867 661 3878 -
685 3823 847 3913 εἰρημένον
880 3825 1048 3913 εὐεργετεῖ)
1102 3816 1297 3912 6ανομένοις)
1323 3815 1648 3912 ἀντιλαμέανομένης.

297 3932 459 4024 εἰρημένον
482 3932 598 4024 τρόπον
622 3936 790 4025 εὐεργετοι.

1052 4167 1094 4236 X.

337 4362 370 4432 l'.
395 4364 490 4435 Κοινὴ
516 4363 674 4455 ἀπολογία
697 4362 772 4453 ὑπέρ
790 4387 826 4428 τε
842 4372 906 4428 τῶν
927 4363 1106 4456 Ὁμηρικῶν
1124 4362 1228 4451 μίνθων
1244 4363 1298 4428 καί
1321 4371 1384 4427 τῶν
1409 4364 1631 4438 Πλατωνικῶν,
1655 4364 1688 4426 ἐν
1712 4354 1755 4433 οἷς
1776 4350 1835 4442 περί

293 4480 357 4536 τῶν
381 4475 412 4537 ἐν
437 4463 514 4557 ᾅδου
537 4471 666 4562 λέγουσι
689 4462 918 4561 δικαιωτηρίων
942 4472 995 4536 καί
1019 4481 1082 4536 τῶν
1099 4476 1130 4537 ἐν
1148 4473 1252 4548 αὐτοῖς
1276 4479 1339 4535 τῶν
1356 4467 1462 4560 ψυχῶν
1482 4469 1537 4534 καί
1560 4479 1623 4535 τῶν
1646 4461 1765 4547 λήξεων
1780 4471 1832 4526 τῶν

298 4569 464 4671 διαφόρων,
487 4579 522 4657 ἐς
539 4581 664 4670 ἔχουσιν
688 4585 722 4644 αἰ
744 4573 924 4659 ἐξελθοῦσαι
946 4589 1010 4646 τῶν
1035 4580 1190 4669 σωμάτων
1208 4577 1306 4670 ψυχαί
1321 4577 1407 4644 κατὰ
1422 4576 1464 4643 τὰ
1481 4570 1639 4668 ἰδιώματα
1652 4578 1751 4652 τῆςέν
1782 4567 1832 4636 σί)-

296 4711 378 4777 ματι
400 4683 496 4768 ζωῆς.

342 4799 528 4866 Communis
550 4799 699 4882 apolopia
716 4820 778 4882 pro
802 4799 985 4867 Homericis
1008 4805 1038 4866 et
1060 4798 1241 4866 Platonicis
1254 4799 1388 4883 fabulis,
1404 4800 1442 4864 in
1462 4799 1577 4882 quibus
1599 4803 1703 4882 opnnt
1724 4793 1761 4862 ele
1781 4790 1832 4856 loct

289 4907 489 4992 judiciorum
512 4905 600 4988 opud
623 4907 755 4990 inferos,
779 4915 808 4974 et
832 4909 870 4974 ele
885 4909 1066 4987 animabus,
1082 4927 1252 4991 earumque
1275 4907 1413 4972 (liversis
1436 4907 1586 4986 sortibus,
1604 4926 1687 4990 prcus
1707 4915 1832 4988 opresscc

294 5033 430 5096 corpora
454 5013 521 5080 sint
543 5013 711 5081 babiturae
734 5016 892 5100 sinpalae,
911 5017 1011 5100 jrenta
1028 5016 1245 5098 proprietates
1267 5016 1351 5081 ritae
1371 5034 1441 5080 eum
1464 5015 1649 5096 corporibus
1672 5018 1765 5080 actae.

336 5226 441 5310 Aepre
463 5227 539 5293 tulit
561 5225 718 5308 Socrates,
735 5229 772 5294 in
787 5229 946 5296 111nor0
962 5227 1178 5311 Reipublicae,
1196 5229 1234 5294 ete
1250 5227 1369 5311 inferis
1389 5225 1467 5294 loeis
1486 5223 1639 5314 ἐκράτεις,
1663 5225 1776 5292 verbm
1794 5232 1825 5281 nc

291 5333 469 5401 insternere
485 5335 645 5416 timeatur,
668 5356 732 5402 neu
754 5337 839 5403 bitae
853 5342 973 5403 crescat
989 5337 1112 5403 nimius
1127 5356 1226 5402 amor.
1245 5333 1309 5402 Seel
1328 5357 1350 5403 a
1369 5334 1498 5403 Socrate
1516 5340 1546 5401 et
1567 5355 1589 5401 a
1613 5333 1747 5401 Platone
1761 5341 1825 5408 pto·
