3978 6070
268 532 303 589 ιο
691 521 798 594 Varia
812 521 1033 614 μίοηοιονιιιη
1052 523 1154 597 moles
1172 529 1203 596 et
1221 524 1402 597 dista-ntia.

266 705 295 762 οἱ
319 696 416 787 ἄκροι,
442 695 555 772 θήλεις·
581 697 671 784 μέσος
689 687 722 759 δὲ
738 698 754 758 6
770 699 876 785 ἐρμῆς,
893 695 992 770 κοινός
1009 693 1050 758 ὢν
1067 699 1179 761 αύτῶν·
1199 687 1280 760 διότι
1303 687 1340 769 δή
1360 696 1397 761 τό
1415 695 1543 786 γόνιμον
1569 710 1737 787 μιμοῦνται
1756 711 1818 764 τῶν

267 807 374 871 αἰτίων
399 815 454 870 τοῦ
471 807 601 893 κόσμου,
619 804 673 868 καὶ
689 805 846 868 παντοίων
864 797 1032 880 αύξητικθν
1048 800 1068 888 ᾗ
1086 795 1236 894 προόδων·
1254 807 1324 868 ἀλλ’
1344 811 1363 878 ή
1384 805 1438 896 μέν
1463 801 1604 885 ἐνίζουσα
1629 813 1670 884 εἰς
1695 807 1737 872 τά
1760 819 1819 884 τῆς

265 915 446 1004 ἐναρμονίου
470 922 532 977 τῶν
557 915 704 977 ἐναντίων
721 912 906 1002 κράσεως·ή
933 903 966 976 δέ
989 911 1174 984 πληθύουσα
1192 904 1243 976 διά
1267 912 1325 989 τάς
1349 917 1499 991 παντοίας
1524 907 1659 994 κινήσεις
1683 919 1737 980 καί
1759 916 1819 988 τήν

267 1024 424 1088 ποικιλίαν
441 1033 505 1087 τῶν
523 1030 755 1111 σχηματισμῶν
773 1020 825 1083 καί
841 1029 904 1084 τῶν
922 1013 1121 1084 ἀναύατικῶν
1140 1012 1272 1111 δρόμων·
1289 1027 1304 1084 ὁ
1319 1014 1352 1087 δὲ
1369 1015 1407 1094 δή
1427 1022 1529 1111 μέσος,
1547 1027 1661 1114 ἀμφοῖν
1679 1026 1821 1116 συνάγων

225 1156 238 1194 ε
266 1129 323 1207 τάς
348 1129 531 1220 ἀμφοτέρων
549 1121 703 1216 δυνάμεις,
721 1130 791 1192 όσαι
808 1151 844 1192 τε
860 1127 919 1198 τήν
937 1127 1025 1217 φύσιν
1041 1129 1296 1218 πρυτανεύουσιν,
1313 1137 1352 1208 ὡς
1370 1137 1400 1195 αἱ
1420 1143 1478 1207 τῆς
1502 1135 1647 1210 σελήνης,
1671 1135 1726 1198 καὶ
1749 1136 1821 1198 ὅσαι

266 1238 337 1328 περί
360 1239 397 1302 τό
422 1238 518 1312 ὄντως
542 1239 640 1302 καλόν
666 1238 884 1327 ἀνεγείρουσιν,
909 1242 948 1311 ὡς
974 1241 1005 1300 αἱ
1027 1246 1084 1311 τῆς
1111 1229 1290 1326 ἀφροδίτης·
1314 1244 1333 1312 ή
1353 1239 1409 1327 μέν
1432 1239 1493 1330 γάρ
1518 1235 1721 1308 εἰδοποιεῖται
1745 1245 1821 1332 ἔργα

263 1357 325 1422 ,τῆς
349 1346 483 1437 φύσεως,
508 1351 527 1418 ή
555 1337 587 1410 δέ
610 1349 728 1435 πληροῖ
748 1343 884 1419 κάλλους
909 1345 963 1408 καί
992 1347 1134 1408 ἀνακινεῖ
1154 1345 1229 1436 πρός
1253 1347 1291 1411 τὸ
1314 1357 1442 1437 γεννᾶν·
1468 1354 1567 1440 Μοῖρα
1591 1351 1662 1441 γάρ,
1687 1351 1780 1440 φησὶν
1805 1355 1821 1414 6

270 1455 453 1545 Σωκράτης,
476 1455 530 1521 καὶ
555 1453 721 1534 Εἰλείθυια,
745 1452 764 1524 ή
791 1452 930 1525 καλλονή
957 1455 1042 1516 ἐστιν
1059 1456 1090 1518 ἐν
1107 1464 1147 1538 τῇ
1167 1454 1295 1543 γενέσει·
1313 1447 1365 1520 διά
1379 1447 1412 1521 δέ
1430 1467 1492 1521 τῶν
1511 1459 1683 1548 Ἑρμαῖκῶν
1710 1459 1823 1549 λόγων,

267 1573 446 1628 κυινοῢνται
471 1563 525 1651 μέν
551 1568 582 1626 αἱ
606 1571 663 1636 τῆς
688 1561 803 1651 φύσεως
828 1562 977 1637 ποιήσεις,
1001 1573 1113 1650 κρατεῖ
1135 1553 1168 1626 δέ
1191 1561 1233 1628 τά
1256 1562 1433 1630 καλλοποιά
1458 1556 1542 1654 δῶρα
1565 1577 1623 1640 τῆς
1648 1569 1727 1656 ἀφρο

215 1806 239 1843 ιο
268 1781 291 1846 f.
320 1781 380 1846 149
406 1803 448 1859 ν.,
474 1780 508 1844 in
524 1780 642 1845 lacuna
666 1780 686 1844 4
710 1799 811 1844 versa
837 1766 977 1852 δίτης...
1002 1787 1065 1842 τῶν
1090 1782 1238 1846 ύλικῶν...
1263 1769 1311 1843 διό
1332 1780 1385 1843 καί
1408 1781 1504 1871 ἄρρην
1528 1776 1617 1858 οὗτος
1641 1780 1823 1872 ἐπιρρωννύς

267 1885 339 1962 τούς
363 1885 511 1977 ἑκατέρας
535 1879 635 1961 δόσεις
659 1885 713 1949 καί
737 1877 914 1974 δυνάμεων,
940 1885 1023 1950 ἀλλά
1047 1886 1117 1977 περὶ
1145 1889 1247 1952 αὐτῶν
1337 1892 1436 1954 ἐκεῖνο
1461 1880 1495 1954 δέ
1518 1888 1681 1979 προθέντες
1706 1891 1757 1956 ἐπί
1779 1889 1822 1954 τά

219 2043 230 2068 .
267 1994 401 2085 ἐσόμενα
424 2005 583 2086 χωρῶμεν·
608 1996 656 2059 ότι
681 2003 744 2058 τῶν
770 1993 825 2083 μέν
850 1994 1079 2084 προειρημένων
1097 2001 1259 2085 γραφῶνή
1280 1999 1426 2086 προτέρα,
1451 1995 1591 2087 καθάπερ
1616 2001 1752 2087 εἴπομεν,
1778 2004 1820 2074 εἰς

268 2101 311 2168 τά
336 2101 453 2193 μεγέθη
480 2113 542 2167 τῶν
568 2101 794 2192 περιεχομένων
819 2105 849 2166 έν
874 2113 939 2178 τοῖς
971 2103 1124 2169 πλάτεσιν
1149 2104 1288 2194 ἀστέρων
1314 2105 1440 2189 βλέπει,
1466 2105 1520 2170 καί
1542 2097 1613 2171 ούδὲ
1636 2106 1678 2171 τά
1701 2106 1821 2173 τούτων

270 2209 385 2302 μεγέθη
408 2202 623 2301 διωρισμένοις
648 2222 713 2286 τοῖς
737 2211 863 2300 ὕστερον
887 2214 901 2275 έ
922 2205 1002 2289 οξεν.
1020 2214 1053 2276 ἹΙ
1070 2204 1103 2277 δέ
1120 2223 1182 2277 τῶν
1205 2211 1286 2301 μετά
1307 2224 1410 2278 ταῦτα
1434 2216 1565 2304 τήρησις
1582 2226 1647 2292 τοῖς
1664 2218 1822 2308 ἀπογείοις

215 2341 241 2380 ιι
270 2322 372 2383 αὐτῶν
389 2320 549 2409 ἐχρήσατο
566 2320 619 2383 καὶ
634 2319 798 2409 περιγείοις
811 2324 853 2394 είς
867 2310 1003 2394 δήλωσιν
1020 2331 1075 2385 τοῦ
1088 2321 1229 2397 πλάτους
1243 2331 1305 2385 τῶν
1319 2313 1508 2411 σφονδύλων,
1525 2315 1596 2388 οὐδὲ
1612 2335 1676 2400 τοῖς
1692 2325 1820 2414 ὕστερον

269 2440 327 2504 τῆς
351 2427 473 2492 τούτων
496 2424 705 2516 καταλήψεως
731 2433 840 2502 ἱκανῶς
864 2430 1056 2505 πιεστείσης·
1079 2431 1159 2494 ἔστω
1178 2429 1232 2520 μέν
1257 2429 1317 2519 γάρ
1341 2432 1447 2504 οἵωνή
1474 2433 1508 2495 ἐκ
1533 2442 1587 2496 τοῦ
1612 2431 1740 2521 κέντρου
1765 2445 1820 2497 τοῦ

269 2539 434 2629 ἐκκέντρου
460 2523 508 2617 ἶ,
533 2536 684 2601 τοιούτων
707 2542 727 2609 ή
753 2536 917 2626 ἐκκέντρου
941 2548 996 2602 τοῦ
1021 2538 1199 2603 ἑπικύκλου·
1225 2538 1276 2602 ἐπὶ
1301 2538 1355 2624 μὲν
1383 2538 1504 2628 κρόνου,
1527 2545 1553 2614 ξ
1577 2542 1630 2605 καί
1647 2527 1688 2605 X·
1713 2543 1764 2605 ἐπί
1787 2534 1821 2606 δὲ

270 2634 404 2724 &cossi
424 2646 478 2710 καὶ
494 2631 535 2710 X·
562 2645 612 2710 ἐπὶ
636 2635 669 2709 δὲ
694 2644 799 2734 ἀρεως,
821 2631 888 2710 λ-Θ-
909 2645 962 2708 καὶ
988 2633 1028 2711 K
1048 2647 1099 2710 ἐπὶ
1116 2638 1149 2710 δὲ
1165 2648 1268 2729 ήλίου,
1285 2633 1391 2710 ’ἀλκαὶ
1411 2634 1451 2712 X.
1470 2648 1521 2712 ἐπὶ
1537 2639 1570 2713 δέ
1589 2673 1625 2738 γε
1642 2640 1821 2738 ἀφροδίτης,

270 2743 326 2819 ii?
347 2755 400 2819 καὶ
421 2741 453 2819 Ῑ·
476 2754 528 2818 ἐπὶ
552 2744 585 2816 δέ
609 2738 794 2842 ἑρριυῦ,ῙίῙ
813 2740 924 2818 meff-
947 2753 997 2818 ἐπὶ
1022 2745 1055 2832 δέ
1079 2755 1225 2830 σελήνης,
1249 2759 1276 2828 ξ
1299 2755 1353 2818 καί
1372 2741 1414 2817 ἀί·
1440 2753 1523 2818 ἀλλά
1554 2765 1617 2819 τῶν
1649 2756 1820 2845 ἐκκέντρων

214 2898 241 2934 20
270 2855 424 2954 διαφόρων
448 2862 564 2942 όντων,
590 2861 684 2936 ἄλλος
715 2860 775 2951 γάρ
801 2862 871 2926 καθ’
896 2863 1046 2927 ἕκαστον·
1079 2863 1133 2926 καί
1164 2853 1313 2935 δηλονότι
1347 2857 1493 2950 μειζόνων
1524 2871 1586 2925 τῶν
1611 2860 1822 2953 ὑψηλοτέρων,

270 2971 324 3035 καί
349 2976 380 3035 αἱ
403 2972 438 3036 ἐκ
460 2971 588 3058 κέντρου
613 2967 681 3032 καθ’
707 2969 839 3033 ἕκαστον
864 2968 939 3032 εἰσὶν
964 2959 1088 3042 ἀδηλοι,
1114 2977 1176 3030 τῶν
1207 2991 1243 3032 τε
1267 2967 1437 3058 ἐκκέντρων
1462 2969 1515 3031 καί
1538 2978 1601 3031 τῶν
1627 2969 1822 3033 ἐπικύκλων·

269 3081 346 3144 ὅπου
371 3077 568 3144 καὶτούτων
594 3070 757 3158 δοθέντων,
782 3079 866 3141 ούπω
891 3068 987 3150 δῆλον
1013 3075 1149 3152 ἑκάστης
1174 3078 1304 3165 σφαίρας
1330 3080 1398 3140 ἐστι
1420 3076 1457 3139 τὸ
1484 3074 1588 3160 βάθος,
1613 3078 1683 3140 όσον
1710 3067 1761 3140 διά
1785 3077 1823 3140 τό

270 3187 313 3273 μή
338 3185 463 3264 πάντως
482 3184 663 3250 ἀκολουθεῖν
681 3195 746 3260 τοῖς
765 3183 927 3275 μεγέθεσιν
945 3193 1007 3247 τῶν
1024 3183 1198 3247 ἐπικύκλων
1223 3182 1265 3247 τά
1288 3181 1369 3267 βάθη
1388 3192 1451 3247 τῶν
1469 3193 1604 3274 σφαιρῶν
1622 3189 1652 3250 ἐν
1671 3181 1717 3260 αἷς
1735 3191 1821 3271 εἰσιν,

271 3297 354 3384 εἴπερ
379 3285 460 3382 μηδὲ
483 3303 549 3368 τοῖς
575 3291 735 3384 μεγέθεσιν
759 3303 822 3356 τῶν
848 3295 984 3382 ἀστέρων
1006 3291 1024 3364 ἢ
1050 3302 1113 3356 τῶν
1138 3290 1313 3356 ἐπικύκλων
1338 3290 1357 3362 ii
1388 3300 1450 3354 τῶν
1484 3301 1618 3381 σφαιρῶν
1651 3296 1823 3383 ἀναγκαῖον

215 3433 241 3469 ιι
269 3405 307 3466 τό
333 3400 426 3487 βάθος
450 3399 588 3466 ἕπεσθαι·
606 3391 738 3464 δυνατοῦ
756 3401 844 3476 ύντος
860 3401 914 3464 καί
931 3394 1059 3489 μείζονα
1074 3401 1242 3465 ὲπίκυκλον
1260 3404 1290 3464 ἐν
1307 3399 1453 3464 ἐλάσσονι
1471 3398 1561 3484 βάθει
1585 3399 1746 3484 κινεῖσθαι,
1768 3401 1823 3464 καί

271 3509 426 3574 ἀνάπαλιν
451 3508 506 3573 καί
529 3507 661 3597 ἀστέρας
678 3507 837 3584 ὡσαύτως.
854 3507 942 3572 Ἀλλ’
961 3509 1012 3572 ἐπὶ
1035 3507 1077 3573 τά
1092 3509 1229 3597 ἑπόμενα
1253 3519 1415 3598 χωρῶμεν,
1433 3517 1583 3574 τοσοῦτον
1600 3508 1749 3587 εἰπόντες,
1773 3511 1823 3574 ότι

270 3607 340 3682 ούδέ
364 3615 522 3681 κωλύεται
547 3626 615 3690 ταῖς

271 3836 294 3900 f.
316 3837 389 3912 150,
403 3836 437 3899 in
461 3835 612 3900 lacunam
629 3836 649 3900 3
673 3857 756 3900 vers.
772 3834 889 3900 incidit
904 3834 995 3900 locus
1011 3831 1177 3899 Platonis:
1195 3829 1270 3896 τότε
1286 3841 1326 3915 τῇ
1346 3831 1463 3920 ῥήσει...
1489 3831 1543 3895 καὶ
1567 3833 1755 3922 ἀπογείον...
1779 3831 1821 3897 τά

269 3942 307 4006 τό
333 3939 426 4026 βάθος
450 3951 512 4005 τῶν
536 3941 683 4006 ἑπτά...

539 4171 582 4233 -ζ-
607 4158 666 4221 Καὶ
690 4157 744 4221 τόν
771 4156 825 4246 μέν
841 4153 865 4240 ¹)
882 4165 937 4221 τοῦ
955 4157 1104 4247 μεγίστου
1123 4157 1274 4228 ποικίλον,
1293 4153 1348 4218 τόν
1374 4147 1407 4220 δὲ
1431 4167 1487 4219 τοῦ
1511 4169 1555 4230 -ζ-

539 4279 584 4342 -ζ-
607 4257 742 4354 ἑόδόμου
762 4265 1011 4354 [λαμπρότατυη
1029 4265 1084 4327 τόν
1102 4254 1136 4328 δὲ
1151 4274 1206 4328 τοῦ
1225 4255 1338 4353 όγδόου
1355 4263 1392 4328 τό
1409 4272 1490 4353 χρῶ·
1512 4277 1557 4338 -ζ-

539 4387 585 4448 -ζ-
608 4397 652 4460 μα
670 4373 802 4437 ἀπὸτοῦ
820 4364 954 4460 ἑθδόμου
972 4373 1054 4461 ἔχειν
1078 4371 1351 4461 προσλάμποντος,
1377 4371 1432 4435 τόν
1457 4361 1490 4435 δὲ
1513 4384 1558 4446 -·,-

539 4494 583 4557 ÷
606 4491 661 4564 τοῦ
687 4473 831 4570 δευτέρου
853 4480 906 4544 καί
921 4480 1068 4569 πέμπτου
1093 4481 1301 4570 παραπλήσια
1325 4480 1487 4561 ἀλλήλοις,
1511 4489 1556 4552 -ζ-

539 4603 584 4665 -ζ-
607 4583 777 4678 ξανθότερα
800 4589 943 4653 ἐκείνων·
967 4591 1073 4678 τρίτον
1100 4581 1133 4654 δὲ
1156 4588 1350 4653 λευκότατον
1374 4598 1487 4677 χρῶμα
1510 4599 1555 4662 ÷

539 4711 584 4773 ÷
607 4701 700 4787 ἔχειν,
721 4699 875 4788 τέταρτον
894 4689 926 4763 δὲ
943 4697 1166 4788 ὑπερέρυθρον·]
1192 4691 1338 4788 δεύτερον
1363 4687 1397 4761 δέ
1419 4700 1489 4759 λευ-
1511 4708 1555 4769 -ζ-

541 4818 584 4880 -ζ-
607 4807 723 4878 κύτητι
747 4806 801 4870 τὸν
826 4805 915 4870 ἕκτον
940 4799 1159 4896 θπερόάλλειν,
1183 4819 1228 4881 ÷

318 5019 406 5086 Μετά
423 5019 477 5085 τόν
494 5021 564 5110 περὶ
580 5029 636 5085 τοῦ
652 5019 792 5096 πλάτους
809 5029 872 5084 τῶν
890 5013 1068 5110 σφονδύλων
1081 5021 1187 5111 λόγον,
1200 5021 1343 5110 περὶτῶν
1356 5019 1534 5110 χρωμάτων
1553 5010 1747 5109 διαλέγεται,
1760 5027 1822 5082 τῶν

273 5135 305 5195 ἐν
330 5133 435 5206 αὐτοῖς
460 5129 697 5220 περιεχομένων,
721 5129 805 5220 λέγω
830 5121 863 5195 δὲ
887 5142 951 5208 τοῖς
975 5132 1127 5196 πλάτεσιν
1154 5130 1302 5219 ἀστέρων·
1327 5131 1381 5195 καὶ
1404 5129 1480 5219 φησὶ
1496 5129 1640 5193 ποικίλον
1664 5128 1719 5217 μὲν
1745 5121 1822 5193 εἶναι

313 5362 334 5435 ¹)
354 5361 491 5436 Reipubl.
509 5381 537 5436 x,
557 5381 585 5438 p.
604 5364 666 5420 313.
686 5363 752 5420 Vox
769 5362 877 5419 ultima
895 5361 1056 5434 ὑπερβάλλειν
1075 5363 1106 5420 in
1125 5363 1190 5420 odd„
1210 5363 1304 5424 deest.
