4008 6068
684 931 742 989 EX
761 931 1051 990 ΟΟΜΜΕΝΤΑΒΙΟ
1069 932 1112 989 IN
1131 933 1211 991 JOB.

330 1134 407 1220 Cep.
431 1134 458 1217 Ι,
483 1158 512 1202 ν.
539 1137 568 1202 7.
592 1131 654 1197 Καί
676 1125 759 1198 εἶπεν
784 1135 799 1196 θ
826 1132 933 1222 Κύριος
957 1141 1003 1216 τῷ
1027 1123 1181 1215 Διαθόλῳ·
1205 1130 1303 1198 Πόθεν
1327 1135 1562 1226 παραγέγονας;

560 1245 606 1310 Ei
628 1245 676 1313 uit
698 1243 861 1310 Dominus
884 1245 1042 1311 Dioboio:
1073 1243 1164 1311 Uada
1186 1246 1331 1312 uenisti?

219 1457 312 1545 ’Ἅμα
324 1455 349 1541 ¹)
360 1455 414 1520 καί
424 1459 455 1520 ἐν
467 1455 589 1532 τούτοις
600 1458 797 1546 περίσταται,
809 1457 862 1520 καὶ
872 1458 921 1521 ὅτι
1019 1459 1068 1525 Ex
1092 1460 1141 1526 bis
1165 1460 1417 1545 etiamplanum
1439 1464 1488 1546 fit,
1512 1469 1643 1532 cunctas
1670 1488 1722 1532 rer

173 1567 218 1634 τὰ
242 1565 363 1659 γενητὰ
386 1565 493 1632 πάντα
508 1568 540 1632 ὲν
558 1565 789 1657 μεμερισμένοις
813 1567 921 1643 τόποις
976 1589 1058 1652 quae
1081 1568 1212 1635 effectae
1243 1574 1334 1651 sunt,
1359 1592 1426 1637 esee
1455 1571 1489 1636 in
1519 1573 1615 1638 certis
1644 1573 1723 1640 locis

175 1677 247 1758 ιίσί,
260 1685 421 1767 φωστῆρες
438 1673 493 1763 μίν
510 1679 541 1740 ἑν
558 1685 603 1759 τῷ
620 1674 827 1764 στεριώματι,
844 1676 918 1764 νέρη
976 1677 1173 1757 distributas,
1190 1677 1361 1743 luminaria
1375 1679 1409 1742 in
1428 1678 1641 1762 firmamento,
1665 1706 1723 1749 nu·

175 1775 211 1852 θὲ
235 1789 267 1850 ὲν
290 1792 336 1866 τῷ
353 1783 426 1872 ἀέρι·
443 1781 578 1858 καὶτοῖς
595 1781 765 1872 ἀνθρώποις
789 1785 920 1856 ἔστησεν
976 1785 1032 1851 bes
1056 1786 1088 1850 in
1113 1808 1202 1865 aere;
1226 1785 1410 1853 hominibus
1431 1789 1546 1856 statuit
1568 1792 1723 1858 terminos

175 1893 246 1984 ὅρια
269 1891 381 1973 ἐθνῶν,
405 1896 434 1956 σί
458 1883 492 1956 δὲ
514 1891 646 1984 ἄγγελοι
670 1892 922 1958 ἀποστέλλονται
976 1893 1179 1978 populorum,
1203 1895 1310 1979 angeli
1326 1896 1366 1961 ad
1386 1897 1524 1962 muneris
1541 1896 1720 1966 functiones

173 2011 215 2079 είς
241 1993 413 2077 διακονίας,
438 2001 492 2065 καὶ
516 1993 717 2066 ἀναθαίνουσι
740 2001 793 2066 καί
822 2025 923 2066 κατα·
977 2005 1161 2084 mittuntur,
1178 2009 1211 2068 et
1228 2025 1285 2087 per
1300 2003 1419 2070 scalam
1435 2005 1609 2071 ascendunt
1624 2010 1721 2091 atque

173 2106 333 2178 θαίνουσιν
356 2107 407 2175 ἐπὶ
423 2119 480 2184 τῆς
497 2109 659 2197 κλίμακος·
679 2107 840 2174 κάνταῦθα
863 2105 923 2182 iit-
977 2110 1181 2177 descendunt.
1206 2110 1277 2178 Hoc
1292 2110 1369 2176 item
1393 2112 1463 2178 loco
1487 2112 1621 2180 dicitur:
1650 2113 1724 2179 ‘Et

174 2222 240 2304 θον,
252 2219 356 2311 ρησὶν,
369 2228 571 2309 παραστῆναι
584 2217 713 2284 ἐνιίνπιον
731 2220 855 2310 Κυρίου,
868 2220 923 2284 καὶ
979 2221 1143 2296 venerunt,
1167 2221 1344 2282 obstarent
1360 2240 1464 2284 eoram
1484 2219 1621 2286 Domino
1639 2271 1665 2301 ,,
1690 2226 1722 2287 ct

173 2339 282 2406 πεῦσις
305 2329 426 2419 γίνεται
454 2328 529 2417 πρὸς
552 2328 607 2392 τὸν
629 2320 798 2393 restores·
823 2327 922 2394 Πόθεν
978 2329 1112 2410 rogatur
1126 2324 1296 2392 Diabolus:
1313 2325 1601 2407 “Undeveuisti?„
1618 2329 1723 2406 Quare

175 2437 412 2528 παραγίγοναςς
434 2435 516 2502 ὥστε
532 2440 563 2501 ἐν
580 2435 668 2520 τόπῳ
686 2437 755 2513 είσὶ,
772 2437 826 2502 καί
849 2436 924 2502 ἔνθα
977 2433 1011 2499 in
1034 2433 1103 2500 loco
1125 2437 1210 2514 sunt,
1225 2438 1259 2499 et
1281 2455 1345 2519 quo
1369 2437 1553 2517 mittuntur,
1577 2435 1643 2501 illic
1666 2436 1722 2500 ad·

176 2545 440 2625 ἀποστέλλονται,
451 2542 657 2632 ἑκεῐπάρεισι,
670 2543 762 2634 μόνος
776 2535 809 2610 δὲ
820 2549 835 2608 ὁ
845 2545 923 2620 Θεὸς
978 2545 1064 2622 eunt,
1080 2539 1167 2606 solus
1183 2540 1269 2606 Deus
1285 2541 1502 2608 circumscribi
1517 2543 1638 2627 nequit.
1655 2542 1725 2608 Un-

174 2655 419 2745 ἀπερίγραπτος.
437 2650 534 2718 ’Ὀθεν
551 2655 609 2740 οὐχ
625 2658 665 2727 ὡς
689 2656 721 2718 ἐν
744 2653 843 2737 τόπῳ,
868 2659 923 2719 τον
978 2649 1017 2714 de
1040 2669 1103 2714 non
1119 2647 1210 2732 quasi
1226 2648 1258 2712 in
1282 2648 1353 2714 loco
1377 2652 1469 2728 esset,
1493 2649 1612 2734 ubique
1635 2672 1726 2734 prae·

174 2769 341 2849 πανταχοῦ
357 2759 500 2849 παρόντα
516 2752 675 2837 ζητοῦσιν,
694 2759 730 2823 ίν’
755 2761 868 2850 εὕροιεν
892 2763 923 2826 ὲν
979 2760 1101 2822 sentem
1114 2758 1283 2839 quaerunt,
1296 2760 1333 2820 ut
1345 2759 1497 2837 tanquam
1510 2757 1639 2840 regione
1652 2779 1729 2841 qua·

176 2869 282 2958 χωρίῳ
298 2865 353 2931 καί
369 2865 612 2955 σογκλτιιίμενον
630 2865 684 2931 τὸν
702 2865 856 2958 ἀόριστον·
872 2871 927 2933 ἀλ·
979 2865 1066 2949 piam
1093 2865 1277 2931 conclusum
1300 2865 1463 2930 inveniant
1490 2886 1563 2930 eum
1587 2867 1643 2948 qui
1665 2865 1726 2931 loci

175 2975 220 3040 tiz
243 2977 281 3041 τὸ
297 2985 499 3064 παραστῆναι
515 2975 609 3040 τοῦτό
627 2977 704 3058 ἐστι,
728 2977 766 3040 τὸ
791 2987 855 3053 τοῖς
880 2975 926 3042 θε-
979 2972 1113 3038 limitem
1138 2995 1202 3038 non
1225 2972 1299 3038 fert.
1323 2971 1444 3038 Verum
1474 2973 1620 3038 assistere
1644 2972 1726 3039 nihil

174 3085 316 3175 λήμασιν
334 3085 431 3148 αὐτοῦ
448 3081 642 3168 τυπωθῆναι,
659 3083 712 3148 καί
729 3084 765 3148 τὸ
780 3085 855 3172 πρὸς
872 3088 926 3150 αὐ-
980 3081 1067 3146 aliud
1079 3083 1128 3146 est
1140 3080 1200 3146 nisi
1216 3080 1339 3146 divinae
1351 3081 1526 3146 voluntatis
1542 3079 1662 3166 regulis
1675 3080 1724 3144 in·

176 3196 232 3256 τον
264 3196 375 3268 ὁλικῦς
407 3190 639 3258 ἀνατείνεσθαι·
663 3197 744 3258 Θεοῦ
778 3193 833 3282 μὲν
864 3194 925 3285 γὰρ
980 3191 1123 3269 formari,
1140 3191 1290 3274 omnique
1306 3199 1421 3256 conatu
1438 3190 1476 3255 ad
1496 3212 1570 3255 eum
1593 3195 1725 3257 conben-

177 3297 309 3364 ἐνώπιόν
334 3301 401 3363 ἐστι
424 3307 510 3362 πᾶσα
542 3305 560 3370 ἠ
587 3301 697 3376 κτίσις,
721 3299 775 3363 καὶ
798 3299 879 3370 αῦτη
904 3306 923 3375 η
981 3301 1065 3365 dere.
1089 3298 1175 3366 Nam
1206 3299 1238 3364 iu
1262 3299 1322 3364 Dei
1346 3303 1517 3384 conspectu
1547 3299 1649 3364 omnis
1679 3303 1727 3365 eet

171 3403 380 3492 Οοἰποστατικίι
403 3405 456 3469 καί
472 3405 675 3494 πονηροτάτη
695 3405 832 3471 κατὰτὸ
850 3409 927 3472 ἀπε·
982 3410 1138 3486 creatura,
1161 3407 1231 3492 ipsa
1249 3407 1347 3472 etiam
1362 3429 1444 3491 quae
1467 3406 1592 3486 defecit,
1616 3412 1727 3491 estque

179 3513 326 3604 ρίγραρον
351 3521 408 3586 τῆς
441 3514 544 3589 οὐσίας
573 3515 710 3589 ἐκείνης·
734 3505 818 3589 ἰθίως
842 3505 876 3580 δὲ
900 3521 928 3580 ot
982 3515 1218 3600 improbissima
1237 3517 1332 3600 juxta
1354 3516 1508 3580 essentiae
1532 3535 1607 3579 suae
1630 3518 1728 3578 natu-

180 3609 313 3711 ἄγ’γελοι
324 3618 449 3711 πάρεισι
461 3629 507 3704 τῷ
520 3624 588 3704 Θεῷ
602 3620 687 3687 κατὰ
699 3621 754 3686 τὀν
767 3632 826 3698 τῆς
844 3620 927 3696 θείας
985 3647 1052 3692 ram
1078 3623 1322 3708 incorporalem,
1345 3623 1478 3708 Proprie
1496 3628 1603 3697 autem
1620 3622 1729 3708 angeli

179 3728 307 3820 ἀγάπης
332 3729 501 3818 ἀκόρεστον
527 3731 639 3821 ἔρωτα.
984 3733 1052 3799 Deo
1075 3732 1239 3813 assistunt,
1263 3738 1396 3818 propter
1418 3733 1579 3800 intensum
1605 3732 1730 3797 divinae

985 3839 1152 3906 charitatis
1176 3839 1336 3913 affectum.

201 4157 278 4244 Cap.
302 4160 345 4242 Π,
362 4183 391 4227 ν.
418 4161 470 4226 10.
495 4163 531 4223 Et
553 4158 596 4224 τὰ
620 4155 725 4249 ἀγαθαί
749 4149 920 4249 ἐδεξάμεθα
944 4162 978 4226 ἐκ
1002 4159 1103 4250 χειρὸς
1129 4160 1252 4250 Κυρίου,
1270 4155 1312 4224 τὰ
1336 4157 1420 4224 κακὰ
1446 4163 1501 4223 οὐκ
1524 4159 1708 4246 ὑποίσομεν;

352 4267 391 4335 si
413 4269 495 4336 borco
517 4269 693 4352 recepimus
716 4267 754 4334 dc
776 4288 876 4334 manu
898 4267 1045 4349 Domini,
1068 4267 1156 4334 αιοίσ
1179 4288 1236 4335 our
1258 4289 1324 4334 αοιι
1347 4267 1562 4350 sufferemus?

226 4473 412 4572 Ἠγωνίζετο
431 4479 486 4571 μὲν
503 4471 554 4548 obs
573 4485 589 4545 ὁ
605 4474 687 4558 'tob
704 4479 757 4546 καί
774 4481 872 4571 μέγας
890 4475 928 4555 ἦν
1027 4481 1250 4550 Praeliabatur
1264 4483 1366 4568 igitur
1381 4482 1444 4549 Job
1457 4480 1495 4564 ί),
1512 4485 1644 4567 eratque
1661 4485 1730 4546 ten·

182 4591 198 4651 ὁ
223 4588 404 4678 πειρασμὸς,
429 4582 544 4677 μείζων
561 4589 615 4654 καί
631 4589 807 4679 ἐραίνετοὸ
831 4586 930 4660 ἀθλη-
982 4592 1065 4658 tatio
1087 4593 1228 4676 grandis,
1252 4593 1354 4677 major
1377 4597 1484 4658 tamn
1501 4591 1679 4658 tentatione
1698 4613 1730 4656 a·

182 4695 241 4772 τίς
263 4705 319 4761 τοῦ
342 4707 530 4786 πειρασμοῦ·
554 4697 607 4761 καί
629 4696 725 4774 πολὺς
750 4697 805 4786 μὲν
829 4697 929 4786 ἔρρεεν
982 4699 1104 4766 thletae
1127 4701 1229 4767 virtus
1245 4700 1432 4786 apparebat.
1458 4699 1579 4785 Magno
1602 4699 1730 4784 quidem

182 4795 374 4893 ὁπειρίζων
398 4804 453 4867 καί
475 4804 615 4894 χαλεπὸς
639 4801 677 4880 ἦν
700 4809 716 4868 ὁ
741 4806 928 4895 μαχόμενος·
982 4809 1105 4893 impetu
1136 4808 1336 4875 adversarius
1367 4808 1542 4890 ferebatur,
1570 4811 1603 4874 et
1629 4806 1731 4874 hostis

184 4900 394 5000 ἀνδρειότερος
423 4901 457 4976 δὲ
489 4913 634 5002 ἑραίνετο
658 4916 674 4976 ὁ
697 4908 929 5005 πειραζόμενος,
982 4917 1117 4984 infestus
1141 4922 1227 4997 erat;
1244 4918 1298 5002 qui
1315 4921 1422 4983 tamen
1442 4916 1640 4997 tentabatur,
1663 4913 1730 4981 ior·

222 5177 244 5252 ¹)
262 5177 309 5235 Ex
327 5193 351 5235 11
364 5177 440 5252 ch.
452 5177 517 5237 sive
529 5179 577 5238 Pii
594 5175 711 5252 IIcod,
731 5181 783 5254 qui
796 5181 880 5240 solus
893 5199 931 5240 ex
985 5183 1120 5242 continet
1137 5183 1309 5256 frumenta
1334 5180 1545 5254 commentarii,
1565 5181 1617 5254 qni
1642 5181 1731 5255 paulo

185 5264 342 5325 duodecim
361 5267 475 5326 catenis
493 5267 657 5342 Vaticanis,
671 5287 747 5342 quse
764 5270 834 5328 vide
853 5270 932 5328 dein·
984 5271 1064 5330 inira
1082 5273 1195 5330 diserte
1213 5271 1380 5330 Athanasio
1399 5271 1565 5330 ascribitur.

187 5371 256 5434 οορρ
274 5355 439 5416 τεσεοείῦιιε
463 5355 495 5415 in
519 5363 590 5418 torn.
609 5373 634 5418 11
653 5359 793 5418 Amodot.
813 5377 841 5434 p.
867 5359 930 5433 361,
1021 5362 1044 5436 ¹)
1066 5361 1141 5420 Vide
1153 5379 1242 5435 quem
1258 5360 1336 5419 belle
1349 5361 1425 5419 haec
1444 5360 1569 5419 deceant
1585 5359 1731 5418 Athenas.
