4022 6072
867 487 904 559 iu
920 484 1081 578 psalmos.
1711 496 1744 552 79

200 671 232 730 αί
248 662 319 740 τοὺς
335 672 398 728 τῶν
415 660 651 752 κατορθοίντοιν
670 654 844 736 decorietur
858 651 946 750 δεχο-

200 795 290 860 μεναι
305 769 451 858 καρπούς.
469 767 618 859 Ἐλέγετο
643 760 676 834 δέ
699 769 867 858 προλήνιον
891 767 945 832 καί

200 879 280 952 αὐτὴ
301 884 320 953 ἡ
341 877 508 970 συναγωγὴ
527 887 590 941 τῶν
606 868 775 962 Ἰουδαίων,
793 868 874 941 διότι
891 879 950 948 λη·

199 989 248 1064 νίις
279 989 389 1077 κυρίως
413 993 432 1060 ἠ
458 997 515 1051 τοῦ
540 990 620 1051 Θεοῦ
645 987 799 1059 ἐκκλησία
831 990 865 1050 έκ
889 995 948 1060 τῆς

201 1094 400 1186 πανταχόθεν
426 1098 584 1186 συλλογῆς
608 1093 794 1182 κεκοσμένη,
820 1083 871 1156 tut
895 1091 948 1155 καὶ

201 1205 243 1270 τοὶ
267 1205 413 1277 Ιεπιλνίνια
437 1204 567 1293 ᾄσματα
591 1199 676 1294 παρὰ
701 1212 747 1286 τῷ
764 1199 879 1290 ψαλμῷ
903 1209 948 1282 τῷ

200 1305 299 1378 ducib
324 1303 446 1396 deberat.

245 1419 416 1509 Προλήνιον
436 1409 468 1484 δέ
483 1417 579 1484 πάλιν
595 1417 649 1482 καί
660 1424 684 1492 ul
705 1413 945 1507 προπαρασκευὴ

199 1533 218 1602 η
236 1519 288 1591 tab.
301 1535 357 1592 τοῦ
374 1528 482 1615 νόμου,
495 1527 549 1591 καί
561 1525 791 1615 προμελέτησις
808 1529 850 1600 εἰς
864 1523 948 1588 ebci-

200 1626 286 1698 dsrar
304 1632 382 1699 καθ”ο
400 1633 643 1724 προπαρασκευὴ
662 1632 848 1722 τελειοτέρῳ
870 1636 947 1696 ἐστι.

200 1747 476 1830 ΙΙροαναρωνεϊται
500 1741 603 1806 τοίνυν
626 1732 678 1804 bric
702 1751 760 1816 τῆς
782 1737 949 1829 προκειμέ-

199 1869 254 1922 νης
279 1839 371 1930 ᾠδῆς,
397 1853 416 1922 η
443 1857 505 1912 τῶν
529 1846 623 1913 ἐθνῶν
645 1852 766 1922 κλῆσις·
790 1845 945 1937 ἑπιγράφη

200 1943 234 2020 δέ
250 1957 343 2028 αὕτη·
361 1960 402 2030 εἰς
419 1955 457 2019 τὸ
474 1955 563 2030 τέλος
581 1953 654 2044 ὑπὲρ
672 1964 734 2018 τῶν
751 1959 866 2027 ληνῶν.
888 1959 949 2034 Καρ

198 2065 236 2129 τὸ
261 2062 316 2152 μέν
340 2068 382 2138 εἰς
405 2062 443 2127 τὸ
471 2061 560 2138 τέλος
590 2054 685 2136 δηλοίΙ
710 2060 769 2135 τὴν
794 2061 846 2126 ἐπί
869 2085 945 2125 συν-

1000 665 1124 732 fructus
1155 664 1314 748 recipiunt
1345 687 1381 730 cx
1406 665 1459 750 pia
1486 667 1648 751 justorum
1679 664 1746 731 vita

1000 778 1178 858 perceptos.
1204 773 1297 839 Dicta
1316 796 1442 858 quoquc
1465 774 1528 858 fuit
1543 773 1746 857 protorcular

1001 881 1072 966 ipsa
1093 881 1289 948 Judaeorum
1317 903 1500 968 synagoga3
1524 882 1595 947 idco
1617 881 1745 966 proprie

1002 989 1143 1056 torcular
1166 989 1283 1056 dicitur
1305 989 1448 1056 Ecclesia
1472 989 1545 1070 Dei,
1570 1011 1651 1074 quae
1673 988 1746 1055 uni·

1004 1117 1092 1161 versa
1115 1096 1253 1181 undique
1277 1096 1412 1163 collecta
1428 1095 1635 1162 multitudino
1654 1095 1744 1163 decc·

1002 1207 1104 1284 ratur,
1120 1225 1157 1269 ac
1173 1203 1305 1288 proinde
1322 1203 1446 1270 cantica
1462 1205 1495 1268 in
1520 1203 1693 1269 torcularia
1708 1226 1745 1269 ax

1002 1312 1156 1396 psalterio
1179 1312 1218 1377 ad
1243 1311 1345 1377 David
1369 1315 1550 1378 cantantur.

1046 1419 1137 1486 Adde
1153 1419 1239 1504 quod
1254 1420 1417 1504 praevium
1434 1419 1576 1486 torcular
1588 1424 1636 1486 est
1652 1441 1745 1504 prae·

1001 1525 1127 1613 paratio
1151 1549 1208 1610 per
1229 1526 1343 1611 legem,
1368 1535 1401 1592 ct
1424 1527 1599 1610 anticipata
1614 1525 1745 1610 pietatis

1002 1632 1113 1714 officia,
1138 1634 1254 1717 quibus
1277 1635 1478 1720 praeparatio
1501 1635 1604 1720 magis
1620 1633 1746 1718 perfici·

1002 1747 1066 1809 tur.
1089 1743 1221 1810 Interim
1245 1766 1304 1828 per
1326 1742 1406 1809 illud
1437 1743 1597 1810 canticum
1622 1741 1745 1828 praedi·

1002 1854 1086 1922 citur
1108 1854 1232 1920 vocatio
1255 1854 1410 1938 gentium.
1434 1853 1467 1919 ls
1490 1857 1598 1919 autem
1629 1852 1745 1919 titulus

1002 1962 1038 2027 iu
1060 1963 1157 2044 (tuem
1172 1983 1237 2044 pro
1260 1960 1484 2041 torcularibus,
1514 1959 1655 2028 declarat
1684 1960 1745 2026 hoc

1002 2068 1100 2134 verbo
1124 2069 1159 2134 iu
1180 2070 1277 2151 μασιν
1296 2065 1469 2132 incolatum
1488 2067 1555 2148 siva
1569 2068 1745 2133 humanum

200 2174 309 2255 τελεία
337 2179 398 2235 τῶν
428 2168 547 2235 αἰώνων
571 2171 742 2262 γενομένην
766 2161 947 2258 ἐπιδημίαν,
1001 2175 1173 2240 adventum
1195 2173 1373 2261 Unigeniti,
1398 2173 1592 2257 completum
1615 2173 1648 2238 in
1671 2194 1746 2240 con-

200 2281 298 2372 ἤγουν
316 2277 547 2369 ἑνοινθρώιιιοοιν
564 2288 619 2343 τοῦ
636 2289 827 2371 μονογενοῦς.
846 2281 889 2344 'sb
915 2269 948 2344 bt
1002 2286 1213 2352 ruminatione
1228 2285 1438 2352 saeculorum.
1451 2285 1513 2351 Illa
1528 2289 1636 2351 autem
1649 2285 1746 2352 rerba

200 2391 274 2480 ὑπὲρ
300 2399 362 2453 τῶν
379 2392 483 2461 ληνιῖιν
500 2377 626 2452 τοιάνδε
644 2379 781 2452 διάνοιαν
802 2387 883 2476 ἔχιι;
900 2412 948 2452 τι·
994 2415 1060 2476 pro
1090 2392 1305 2462 torcularibus
1328 2413 1422 2477 quem
1446 2414 1574 2458 sensum
1598 2391 1745 2456 habent?

199 2497 247 2574 νὲς
272 2497 326 2586 μὲν
351 2495 410 2588 γὰρ
444 2495 611 2580 βούλονται
634 2495 746 2572 ληνοὺς
775 2493 947 2584 'eriperetur
1002 2499 1085 2567 Sunt
1107 2501 1161 2586 qui
1186 2500 1368 2584 voluntper
1391 2499 1565 2566 torcularia
1588 2498 1743 2564 nominari

200 2613 354 2692 τροπικῶς
384 2601 441 2678 τὰς
473 2604 642 2678 ἐκκλησίας
671 2609 822 2693 Χριστοῦ,
846 2606 887 2679 τις
911 2600 945 2677 ἃς
1001 2605 1120 2674 Christi
1132 2606 1291 2688 ecclesias,
1304 2607 1464 2690 inquibus
1476 2619 1638 2673 sacrorum
1652 2628 1745 2689 prae·

199 2707 248 2775 οἷοί
273 2735 360 2787 τινας
385 2710 517 2800 βότρυας
550 2704 789 2800 συγκομίζουσιν
814 2716 842 2775 ot
869 2733 947 2799 μοσ·
1001 2715 1087 2782 eules
1109 2715 1201 2800 quasi
1224 2737 1301 2782 uras
1323 2713 1493 2781 nonnullas
1522 2712 1673 2781 collectas
1696 2735 1746 2782 re·

200 2819 351 2911 ταγοιγοί.
1000 2821 1150 2889 condunt.

831 3142 1031 3212 PSALMUS
1054 3143 1110 3211 IX.

425 3339 428 3346 ,
525 3382 555 3425 v.
583 3362 611 3426 7.
635 3355 798 3423 Ἀπώλετο
823 3358 860 3422 τὸ
885 3356 1082 3447 μνημόσυνον
1108 3362 1210 3425 αὐτῶν
1235 3359 1304 3450 μετ’
1328 3358 1421 3450 ἤχου.

649 3469 754 3534 Periit
776 3469 928 3536 memoria
950 3489 1058 3535 eorum
1080 3490 1150 3536 cunr
1172 3471 1291 3537 souitu

245 3676 438 3773 Ὑπερίολλν
462 3693 521 3761 τῆς
544 3655 761 3776 έρημώσεωςί
786 3681 864 3774 ἦχος
889 3707 947 3756 ση-
1045 3684 1188 3752 Nimiam
1218 3683 1430 3750 vastationem
1460 3682 1538 3748 echo
1571 3679 1742 3764 significat.

144 3789 147 3796 ’
201 3792 314 3879 μαίνει·
327 3790 413 3880 pout
428 3788 487 3882 γάρ
501 3795 585 3856 ἐστιν
600 3791 818 3880 ἀνακλωμένας
835 3796 850 3854 ὁ
867 3787 945 3881 ἦχος
1000 3792 1072 3860 Vox
1089 3795 1173 3859 enim
1191 3797 1240 3859 est
1252 3813 1437 3878 repercussa
1449 3814 1468 3857 a
1479 3789 1588 3856 solidis
1601 3792 1634 3855 et
1646 3809 1743 3874 oppo-

201 3900 261 3964 ἀπὸ
279 3909 415 3991 στερρῶν
432 3899 487 3965 καὶ
504 3901 696 3986 ἀντιτύπων,
712 3900 763 3968 ἐπί
778 3901 833 3967 τὸν
856 3900 947 3990 προέ-

202 4031 291 4097 μενον
315 4007 410 4072 πάλιν
438 4011 623 4085 ἐπανιοῦσα,
647 4009 716 4084 ἥτις
740 4013 771 4074 ἑν
796 4007 851 4097 μέν
876 4017 945 4082 ταῖς

202 4116 343 4204 ἐρημίαις
367 4115 487 4205 εὺήχως
504 4114 755 4202 έπανακάμπτει·
772 4099 802 4181 ἐν
820 4106 853 4180 δὲ
876 4126 946 4192 ταῖς

203 4221 395 4310 οἰκουμέναις
420 4222 545 4286 πόλεσιν
562 4221 581 4294 ἢ
600 4222 720 4312 κώμαις
739 4223 798 4288 ὑπό
822 4247 858 4288 τε
883 4232 945 4287 τῶν

202 4331 463 4419 παραφερομένων
487 4339 603 4396 σκευῶν
627 4341 683 4396 τοῦ
708 4330 794 4421 ἀέρος
819 4321 972 4435 branca-⁶

201 4439 344 4528 τομένου,
361 4440 420 4506 ὑπὸ
437 4449 495 4515 τῆς
512 4443 546 4504 ἐκ
562 4441 696 4532 πλαγίου
712 4439 949 4530 παρεμπιπτού-

201 4567 258 4621 σης
275 4557 376 4635 ρωνῆς
394 4543 653 4638 καταθραυομένη
673 4544 896 4612 ἀποτελεῖσθαι
913 4551 947 4612 σὺ

201 4663 421 4742 συγχωρεῖται.
447 4654 653 4743 Ἐρημώσεως
678 4647 730 4717 οὖν
755 4646 945 4741 σιἰμέολονὸ

200 4755 277 4847 ἦχος
301 4758 355 4822 καί
374 4758 412 4822 τὸ
429 4764 500 4848 μετ’
518 4757 597 4850 ἦχον
614 4759 633 4831 ἢ
652 4759 712 4832 τὴν
732 4756 945 4848 πανωλεθρίαν

1000 3902 1070 3967 sitis
1093 3901 1276 3982 obstaculis,
1300 3923 1381 3987 quae
1403 3900 1520 3966 iterum
1543 3898 1576 3964 in
1602 3896 1742 3981 primum

1000 4009 1106 4076 locum
1129 4011 1310 4089 revertitur,
1335 4013 1432 4092 atqua
1454 4007 1488 4072 in
1518 4005 1742 4072 solitudinibus

1000 4116 1116 4184 clarius
1140 4118 1238 4183 boans
1262 4116 1447 4196 reflectitur,
1471 4114 1580 4180 sedin
1604 4111 1743 4180 civitati·

1000 4225 1060 4292 bus
1083 4229 1116 4291 et
1139 4223 1263 4310 oppidis
1289 4223 1454 4304 habitatis,
1477 4243 1576 4305 quum
1607 4241 1661 4286 aer
1683 4219 1744 4284 dis·

1000 4338 1126 4400 secetur
1149 4356 1168 4399 a
1190 4331 1390 4398 circumfusis
1420 4329 1573 4410 obicibus,
1596 4350 1654 4395 nec
1681 4327 1742 4394 nisi

1001 4465 1039 4508 ex
1055 4441 1185 4526 obliquo
1208 4463 1270 4507 vox
1293 4438 1408 4505 mutila
1423 4437 1551 4517 incidat,
1571 4437 1648 4502 echo
1671 4458 1743 4521 per·
1820 4499 1823 4504 ,

1000 4550 1052 4616 fici
1075 4571 1137 4616 uon
1171 4548 1381 4634 permittitur.
1411 4545 1610 4611 Vastatiouis
1639 4545 1741 4630 igitur

1001 4657 1078 4722 echo
1101 4656 1229 4743 signum
1246 4660 1304 4737 est,
1320 4659 1352 4720 et
1368 4654 1448 4720 illud
1463 4673 1533 4719 cum
1556 4653 1674 4731 soubu,
1690 4651 1741 4716 rel

1001 4762 1300 4830 exterminationem
1315 4761 1466 4840 declarat,
1482 4757 1533 4826 vel
1548 4758 1614 4824 late
1630 4763 1741 4838 exten·

201 4855 303 4940 δηλοῖ,
317 4863 336 4936 ἢ
351 4865 389 4928 τὸ
403 4856 566 4957 διωλόγιον
584 4877 646 4932 τῶν
664 4876 780 4950 κακῶν,
798 4866 946 4931 τουτέστι
1000 4891 1068 4935 sam
1083 4869 1302 4935 calamitatum
1318 4867 1447 4946 famam,
1470 4886 1584 4950 nempe
1607 4863 1742 4931 circum·

200 4971 237 5036 rb
249 4963 436 5060 crepitaret
450 4973 503 5037 καί
515 4975 670 5040 ἔκπυστον
681 4972 735 5039 καί
744 4967 947 5052 ἐξάκουστον.
1000 4976 1110 5059 latam,
1134 4981 1342 5062 pervagatam
1360 4980 1393 5041 at
1408 4973 1526 5061 ubique
1549 4970 1740 5040 exauditam.
