3944 6074
316 492 372 549 208
869 485 949 560 car.
973 487 1102 560 Medic.
1124 489 1315 562 uarietates.

317 659 389 722 οὕτε
403 655 575 722 ἀπολέσθαι
588 656 629 723 τὰ
643 658 726 724 κακοὶ
739 650 872 724 δυνατόν
887 661 970 746 (cod.
985 661 1060 728 fort.

318 757 460 846 δύναται,
484 768 529 832 sic
552 768 617 848 Η.).

362 873 405 940 Δ’.
431 873 491 937 Καὶ
514 878 544 937 ἑν
569 884 634 949 τοῖς
656 878 695 949 εἰς
712 873 771 946 τὴν
788 877 899 962 τρίτην
924 867 1062 956 ἐννεάδα,

316 969 411 1044 ποθεν
435 979 593 1047 rinnand.

363 1088 407 1155 Μ.
426 1089 482 1156 fol.
501 1093 553 1156 23.
568 1134 606 1144 -
619 1093 640 1156 l.
654 1095 695 1158 51
709 1082 873 1174 εἰδιτικλν)
889 1077 1062 1164 εἰδητικήν.

317 1240 356 1251 -
368 1199 389 1262 l.
408 1200 449 1264 52
467 1191 548 1262 εἶπεν
567 1197 704 1286 μερικδις)
718 1193 799 1262 εἶπεν
813 1198 934 1287 μερικοὶ.
951 1236 994 1248 -
1011 1198 1063 1261 καὶ

318 1295 559 1395 διεσπαρμένας)
583 1308 636 1370 καὶ
661 1297 883 1397 διεσπαρμένα,
901 1345 942 1357 -
959 1309 980 1374 l.
1002 1309 1062 1372 ult.

318 1413 428 1501 μερικα
442 1414 497 1502 μὲν
511 1409 576 1498 οὖν)
591 1440 653 1482 om.
668 1411 730 1482 chr.
745 1455 786 1464 -
800 1427 862 1480 τῶν
876 1417 986 1497 ὄντων)
1000 1426 1062 1480 τῶν

318 1523 409 1588 ὅλων.
428 1559 470 1570 -
486 1524 546 1588 Ed.
572 1547 604 1608 p.
630 1526 705 1604 359,
730 1525 750 1588 l.
779 1527 794 1588 l
821 1515 901 1586 διότι
926 1521 991 1601 καὶ)
1017 1513 1063 1586 διὸ

317 1629 381 1692 καί.
402 1667 440 1677 -
466 1631 487 1696 l.
509 1632 528 1694 2
553 1639 616 1692 τῶν
641 1630 859 1719 ὰσυμμέτρως)
883 1624 924 1694 ὧν
950 1634 1063 1718 ἀσσυμ.

318 1743 393 1822 post
417 1761 498 1803 corr.

363 1847 408 1912 M.
425 1847 482 1914 fol.
501 1850 543 1914 23
561 1872 591 1913 v.
608 1890 647 1901 —
664 1849 685 1913 l.
706 1852 743 1914 ll
763 1849 883 1932 αἰτιῶν)
896 1849 1013 1914 αἰτίων,
1027 1892 1064 1902 -

319 1955 339 2020 l.
369 1958 408 2021 17
435 1947 588 2037 ἀπαξίοις)
613 1947 758 2030 ὲπαξίοις.
784 1993 824 2002 ·-
850 1957 872 2020 l.
898 1959 939 2022 20
956 1947 1066 2044 προδέ-

319 2051 437 2131 ῧληκεν
452 2063 568 2148 σαφῶς)
581 2053 825 2149 προδεῧλημένα
842 2070 914 2149 φῶς.
930 2101 969 2108 -
984 2063 1005 2127 l.
1023 2066 1062 2128 21

1162 659 1206 726 Μ.
1224 662 1281 728 fol.
1300 663 1352 728 24.
1371 705 1409 716 -
1425 664 1446 727 l.
1464 665 1506 730 26
1524 661 1707 750 ἀσωμάτους
1725 672 1781 726 τῶν
1797 688 1844 728 σω
1921 689 1922 738 ι

1118 767 1239 854 μάτων)
1256 767 1430 856 ἀσωμάτως
1446 779 1508 834 τῶν
1526 770 1713 859 ἀσωμάτων,
1730 808 1765 818 -
1778 774 1844 859 τρίσ·

1118 873 1207 958 θητε)
1233 876 1376 965 τρίσεκτε
1401 879 1451 961 (P).
1477 919 1515 929 —
1538 880 1559 944 l.
1589 883 1629 946 27
1656 883 1755 942 αὐτῶν
1778 903 1843 968 μασ-

1119 982 1240 1068 μάτων)
1265 986 1299 1047 ἐκ
1316 993 1378 1046 τῶν
1403 1007 1501 1074 ρασμ.
1519 1023 1562 1036 --
1579 977 1643 1057 εἴδη
1663 985 1704 1051 τὰ
1726 989 1844 1074 οὐρανία)

1117 1081 1183 1162 εἴδη
1210 1089 1251 1153 τα
1276 1090 1376 1181 νοερά.
1395 1131 1435 1140 —-
1454 1095 1475 1158 l.
1497 1097 1537 1160 31
1563 1091 1622 1165 rior
1647 1097 1753 1179 αὑτοῦ)
1776 1093 1844 1168 anri

1118 1195 1177 1266 τὴν
1195 1199 1300 1264 αὐτοῦ.
1318 1237 1360 1245 -
1375 1200 1397 1264 l.
1423 1203 1465 1264 34
1491 1192 1771 1284 ἀνεπιτηδιὸτητα)
1788 1204 1845 1264 ire·

1117 1297 1362 1378 πιτηδειὸτητα.
1389 1346 1428 1384 -,--
1453 1309 1475 1374 l,
1500 1313 1543 1374 36
1572 1309 1664 1398 μόνον
1697 1310 1845 1398 τυγχάνει)

1119 1414 1220 1500 μόνων
1244 1438 1339 1504 τυγχ.
1705 1457 1708 1470 -

1164 1523 1207 1588 M.
1222 1525 1280 1588 fol.
1295 1527 1336 1588 23
1351 1548 1381 1590 v.
1395 1567 1432 1578 -
1446 1526 1467 1590 l.
1485 1527 1527 1592 40
1544 1527 1633 1588 ἔσται
1650 1524 1773 1600 κᾶλλως
1789 1527 1846 1608 (sic)

1120 1633 1175 1693 oin
1200 1633 1267 1694 ἔστι
1282 1633 1553 1721 παρατρέποντας)
1570 1636 1659 1697 ἔσται
1682 1633 1701 1704 ἢ
1729 1637 1795 1696 ἀλλ’
1817 1639 1849 1704 ὡς

1119 1740 1227 1804 Holsh.
1241 1782 1280 1793 -
1293 1741 1347 1802 οὐκ
1364 1741 1432 1803 ἔστι
1456 1741 1714 1830 παρατρέποντας
1739 1743 1803 1808 cod.
1814 1777 1849 1790 -

1120 1849 1141 1912 l.
1156 1849 1195 1912 4l
1211 1849 1241 1910 ὲν
1255 1858 1320 1922 τοῖς
1334 1851 1491 1935 ματωιοῖς)
1505 1853 1536 1912 ἐν
1553 1859 1618 1923 τοῖς
1636 1859 1804 1937 μαντικοῖς.
1816 1886 1850 1898 -

1120 1957 1141 2020 l.
1167 1959 1207 2022 47
1233 1956 1286 2018 καὶ
1310 1960 1325 2018 ὁ
1351 1955 1419 2044 μὲν)
1444 1951 1485 2020 ὧν
1510 1962 1525 2020 ὁ
1551 1958 1643 2047 μέν·

1165 2067 1209 2130 Μ.
1235 2066 1292 2132 tol.
1318 2070 1369 2133 24.
1388 2107 1426 2120 -·
1447 2067 1508 2133 Ed.
1532 2092 1564 2154 p.
1588 2070 1664 2146 360,
1689 2067 1712 2133 l.
1737 2071 1756 2132 2
1780 2067 1850 2149 ὅσον)

319 2159 482 2256 ἐξῄρηται)
503 2161 686 2258 ἐξήρτηται.
714 2207 753 2216 -
778 2171 800 2236 l.
825 2171 867 2234 24
890 2173 921 2234 ὲν
948 2172 1065 2256 αὐτοῖς)
1120 2167 1193 2239 οἷον.

320 2300 383 2342 om.
408 2299 448 2346 εν.

910 2427 1281 2436 ———-——---———-——-

1002 2709 1117 2778 onor
1140 2711 1183 2779 V.

367 2928 443 3016 Περὶ
467 2936 635 3002 ποιητικῆς
661 2927 715 2992 καὶ
738 2936 799 2991 τῶν
824 2932 875 2991 ὑπ’
900 2930 998 3003 αὐτῆς
1023 2917 1111 2992 εἰδῶν
1136 2927 1189 2991 καὶ
1212 2937 1269 3002 τῆς
1288 2928 1416 3016 ἀρίστης
1433 2936 1490 3000 τῆς
1508 2927 1655 3014 ἁρμονίας
1676 2925 1731 2988 καὶ
1754 2922 1854 3015 ῥυθμοῦ

322 3036 364 3102 τὰ
387 3036 534 3102 Πλάτωνι
555 3028 718 3104 δοκοῦντα.

366 3147 420 3214 Dc
443 3155 514 3214 arte
529 3151 659 3229 poetica
675 3155 704 3214 et
720 3149 788 3232 ejus
804 3148 1026 3228 varictatibus,
1044 3153 1073 3214 et
1090 3147 1128 3213 de
1144 3149 1265 3228 optimo
1281 3149 1432 3214 armonio
1448 3167 1485 3212 oc
1508 3145 1654 3230 rhythmo
1664 3145 1767 3228 juata
1789 3141 1855 3208 Pto·

321 3259 408 3323 tonis
430 3259 632 3323 sententiam.
682 3320 685 3326 .

368 3474 478 3557 Lanae
500 3473 704 3554 amplissima
727 3476 870 3540 omnium
894 3479 1093 3539 caeterarum
1117 3471 1262 3538 diatriba
1285 3471 1444 3537 cumulate
1465 3471 1617 3552 impletur
1640 3491 1678 3535 ee
1703 3467 1856 3536 decemdc

317 3583 448 3662 poetica
471 3583 681 3663 ornamentis,
706 3603 787 3662 quae
811 3602 849 3646 ea·
872 3581 987 3646 ordine
1010 3580 1212 3660 disputanda
1228 3583 1478 3659 proponuntur:
1501 3577 1647 3642 uidelicet
1663 3577 1693 3642 1.
1712 3577 1769 3642 An
1790 3573 1858 3658 auid

323 3690 360 3752 in
384 3708 421 3752 eo
445 3685 590 3752 dioirmm
606 3690 669 3768 sit,
684 3691 738 3754 sin
753 3710 826 3754 uero
843 3689 937 3764 nihih,
954 3710 1011 3753 cur
1027 3709 1095 3752 uno
1111 3708 1180 3753 cum
1198 3687 1264 3752 diis
1280 3686 1472 3765 honoretur,
1490 3685 1541 3750 II.
1562 3685 1650 3768 Quid
1659 3685 1856 3766 potissimum

323 3795 360 3858 in
383 3795 550 3876 traaoediu
574 3801 603 3859 et
626 3797 787 3861 comoedia
803 3796 971 3860 citandum
987 3797 1040 3871 sit,
1058 3816 1098 3860 ne
1114 3798 1195 3862 citio
1211 3797 1423 3861 nobilitentur
1431 3819 1440 3875 ;
1466 3794 1540 3860 ΙΙΙ.
1567 3791 1635 3860 Cur
1660 3791 1808 3859 Socrates
1828 3793 1856 3854 in

328 3900 479 3966 Convicio
502 3903 674 3983 cunradum
698 3904 883 3986 trayoediac
900 3909 928 3968 et
945 3903 1123 3968 comoediae
1145 3905 1365 3969 necessitatem
1388 3903 1548 3980 concedat,
1566 3899 1714 3966 erchcrdot
1738 3921 1808 3966 uero
1830 3901 1856 3961 in

325 4006 521 4088 Repudium
547 4010 572 4072 I
576 4009 611 4074 V.
633 4010 700 4076 Cur
715 4011 797 4076 notit
812 4011 894 4075 idem
912 4011 1091 4076 carminatis
1108 4016 1222 4074 cantus
1239 4016 1269 4075 et
1282 4009 1404 4088 ltehiies
1421 4009 1553 4084 edoceri,
1571 4029 1614 4072 on
1630 4027 1704 4072 uero
1722 4013 1752 4070 et
1774 4023 1857 4087 qnam

323 4115 527 4180 harmoniam
550 4118 696 4196 requirat
719 4118 926 4199 adjacenum
945 4120 1182 4183 institutionem
1193 4120 1392 4200 proficuam·
1419 4117 1453 4182 V.
1476 4116 1589 4198 Qualis
1606 4117 1650 4180 sit
1659 4115 1761 4196 juata
1784 4133 1858 4178 eum

325 4223 396 4288 dem
418 4245 494 4289 cero
517 4226 650 4302 musico,
676 4231 704 4290 et
728 4228 875 4306 quaesit
898 4225 958 4290 iila
980 4226 1128 4304 secundi,
1153 4227 1278 4290 tertiive
1298 4227 1442 4308 acrioris,
1467 4228 1611 4303 respectu
1634 4221 1679 4287 od
1702 4223 1858 4302 poeticm;

333 4331 391 4396 VI.
413 4331 513 4412 Quale
528 4331 718 4396 harmoniae
730 4353 833 4414 ycnus
849 4333 972 4397 edoceri
981 4334 1180 4414 juventatem
1205 4333 1321 4409 deccat,
1346 4337 1375 4396 ct
1394 4330 1487 4411 quate
1511 4329 1732 4411 rhythmorum
1756 4327 1859 4392 disai-

325 4460 415 4518 men,·
448 4438 526 4503 VII.
553 4439 720 4520 Quaenam
744 4442 812 4504 sint
822 4447 994 4520 poctarum
1010 4443 1100 4518 vitia,
1125 4439 1288 4504 undenam
1312 4439 1473 4512 oriantur,
1490 4435 1635 4517 airolisoe
1656 4437 1701 4500 sit
1726 4436 1858 4515 oporteat

324 4548 438 4614 horum
455 4567 591 4612 censura
602 4549 731 4627 poetica
741 4572 751 4625 ;
773 4547 873 4612 VIII.
894 4549 1009 4630 Qualis
1024 4551 1078 4626 sit,
1097 4568 1134 4612 cn
1149 4547 1310 4611 sententia
1327 4543 1485 4620 Plutonia,
1498 4548 1596 4623 poeta
1613 4543 1764 4622 optimus,
1782 4544 1859 4622 anot·

325 4677 385 4738 quc
403 4653 490 4719 dotes
505 4655 541 4718 in
559 4675 592 4718 co
610 4656 840 4735 requirantur,
859 4654 925 4719 IX.
947 4655 1026 4736 Quis
1034 4675 1166 4735 poeseos
1178 4655 1223 4718 sit
1235 4654 1314 4733 finis
1329 4671 1424 4716 cerus
1440 4657 1470 4715 ct
1485 4651 1688 4715 necessarius
1698 4673 1707 4728 ,·
1728 4649 1773 4714 X.
1790 4648 1859 4730 Quis

325 4761 456 4828 tandem
479 4763 523 4826 sit
546 4762 601 4826 iiie
625 4765 725 4841 pocta
741 4761 915 4841 perfectus.
941 4797 982 4806 —
1008 4761 1156 4845 Lonyrnn
1179 4767 1226 4826 est
1243 4759 1396 4840 persequi
1415 4758 1565 4841 sinyu1a5
1588 4757 1776 4840 siccatorio
1797 4773 1859 4820 vcro

326 4891 421 4952 quum
441 4889 551 4949 pauca
573 4871 651 4944 Sint,
676 4889 732 4934 nec
755 4871 824 4934 nisi
846 4865 914 4930 καθ’
940 4868 1013 4929 ὅλον
1039 4869 1262 4952 aryumentari
1279 4863 1493 4946 philosophus
1515 4865 1625 4942 soleat,
1646 4885 1685 4929 eo
1706 4864 1859 4944 resm'cons

327 4997 408 5058 quac
430 4977 467 5040 in
490 4975 607 5040 scholis
632 4976 949 5057 circumferebantur,
966 4975 1071 5040 taedet
1087 4975 1187 5040 urulto
1205 4973 1318 5050 dicere,
1339 4991 1440 5052 neque
1463 4971 1559 5034 etiam
1581 4974 1675 5034 cocat
1697 4969 1859 5052 nraaistros

327 5083 494 5160 adducere,
511 5105 605 5165 aarum
623 5105 714 5150 norico
731 5105 838 5150 eorum
853 5104 911 5148 suo
927 5085 972 5148 sit
987 5082 1116 5146 nouu'ne
1132 5085 1270 5145 uocatus.
1284 5077 1338 5142 Ea
1354 5082 1461 5142 tamen
1477 5074 1745 5150 commendentur,
1763 5073 1858 5136 ruiuus

326 5193 519 5258 inconcinna
543 5197 618 5276 typo
642 5192 777 5269 tradito,
802 5213 883 5274 quae
906 5191 950 5256 ad
972 5190 1186 5264 harmoniam,
1211 5187 1365 5252 musicam
1389 5191 1419 5250 et
1438 5183 1602 5268 rhythmos
1622 5185 1797 5264 pertinent.
