3978 6070
4 679 9 754 ί

706 497 848 593 Triplex
866 497 1029 574 Sirenum
1045 519 1164 592 φοηιιο.
1675 501 1709 561 79

160 675 213 740 ἕνα
239 672 338 758 τόνον,
361 672 488 763 λογικαί
503 672 628 748 πάντως
647 671 705 738 είσί
729 672 799 737 κατ’
826 673 940 752 ούσίαν,
966 677 1079 748 ἁπλαῖς
1102 671 1263 762 χρώμεναι
1287 670 1340 736 καί
1364 669 1520 748 συνθέτοις
1544 673 1710 763 ἐνεργείαις

162 782 216 846 καὶ
240 784 298 870 ούχ
321 783 398 858 οἵαις
423 786 455 846 αῖ
478 780 640 872 ήμετέραι,
665 775 926 873 συλλογιζόμεναι
949 780 1003 846 καί

162 998 186 1065 f.
205 999 246 1063 72
264 1023 305 1078 ν,
322 997 356 1063 in
372 998 489 1064 lacuna
506 999 526 1062 4
543 1021 643 1066 versa
669 995 774 1061 ...τά
791 996 868 1061 ὄντα
885 1005 1103 1087 γνῶσιν...σιν
1121 997 1323 1088 ἁρμονίαν...
1346 997 1399 1062 ἕνα
1415 1006 1580 1086 κορυφαῖον
1596 996 1656 1069 τήν
1667 1047 1673 1061 .
1684 1048 1709 1061 ..

166 1115 313 1197 Σειρῆνας
331 1105 384 1193 μέν
403 1099 454 1170 ούν
472 1109 509 1170 αύ
524 1155 529 1169 .
545 1156 571 1170 ..
594 1108 642 1170 ἵνα
659 1097 836 1182 ἐνδείξηται
852 1103 911 1176 τήν
930 1108 1078 1195 ἁρμονίαν
1091 1156 1099 1170 .
1114 1157 1120 1170 .
1135 1157 1140 1169 .
1153 1096 1283 1181 τοειδεῖς
1299 1104 1423 1181 πάντως
1441 1100 1544 1170 οὖσαν·
1561 1105 1599 1179 ήν
1618 1101 1714 1172 αύται

124 1243 136 1278 ι
164 1227 230 1292 τοῖς
253 1213 379 1291 κύκλοις
403 1205 595 1280 ἐνδιδόασιν·
620 1215 759 1304 οὐρανίας
784 1205 817 1279 δέ
841 1218 1000 1304 Σειρῆνας,
1026 1217 1075 1278 ἵνα
1098 1222 1161 1278 τῶν
1186 1224 1405 1305 γενεσιουργῶν
1430 1203 1568 1304 διακρίνη
1595 1214 1714 1290 ταύτας

166 1324 329 1413 Σειρήνων,
355 1322 389 1400 ἀς
415 1315 452 1395 δή
479 1323 532 1387 καί
556 1323 649 1398 αύτός
674 1327 817 1413 ἀλλαχοῦ
842 1316 1046 1414 συμύουλεύει
1070 1322 1155 1389 κατὰ
1178 1325 1233 1388 τὀν
1251 1323 1400 1413 ὁμηρικόν
1422 1327 1536 1388 ἐκεῖνον
1561 1313 1715 1388 Ὀδυσσέα

164 1435 350 1524 παραπλεῖν·
377 1433 448 1496 ἀλλ’
473 1436 586 1497 ἐκεῖναι
609 1432 664 1520 μέν
690 1431 751 1497 ἀπό
776 1423 888 1507 δυάδος
912 1431 1073 1522 ἄρχονται·
1097 1431 1182 1523 λέγει
1204 1441 1278 1524 γοῦν
1303 1436 1319 1495 ό
1343 1431 1479 1508 ποιητής
1494 1431 1529 1515 ¹)·

580 1645 730 1739 Φθογγήν
757 1649 927 1738 Σειρήνοιιν
953 1653 992 1723 ὡς
1017 1647 1053 1712 ἀν
1079 1638 1161 1712 δύειν
1186 1649 1303 1731 ούσαιν,

167 1867 261 1931 αύταί
285 1854 327 1942 δέ,
353 1865 415 1930 ἀπό
440 1856 583 1953 μονάδος·
599 1870 617 1938 ή
637 1863 697 1955 γὰρ
714 1875 769 1929 τοῦ
787 1864 851 1940 ἐνδς
868 1864 984 1929 κύκλου
1002 1875 1057 1930 τοῦ
1074 1859 1233 1944 ἐξωτὰτου
1251 1875 1437 1955 προηγεῖται
1454 1875 1512 1942 τῆς
1535 1856 1718 1956 ἑύδομὰδος·

113 1994 140 2030 ¹⁰
167 1977 248 2040 ὥστε
272 1976 397 2061 κάκείνῃ
424 1985 464 2059 τῇ
491 1965 582 2038 δυάδι
605 1972 725 2049 πλῆθος
749 1978 860 2038 οἰκεῖον
885 1973 1101 2064 ὑπεστρῶσθαι
1123 1973 1248 2048 πάντως
1274 1974 1371 2049 εἰκός·
1395 1972 1449 2038 καί
1476 1979 1503 2039 εί
1525 1984 1566 2060 τῇ
1593 1977 1718 2065 οὐρανία

168 2074 280 2171 μονάδι
311 2071 535 2169 ἐόδομαδικόν,
560 2093 600 2166 τῆ
627 2092 833 2174 γενεσιουργῷ
866 2073 957 2147 δυάδι
986 2082 1111 2160 πάντως
1144 2075 1188 2157 δίς
1212 2072 1437 2170 ἐόδομαδικόν·
1464 2083 1545 2148 οὕτω
1579 2084 1718 2148 καὶτῶν

169 2189 322 2282 θεολόγων
346 2195 509 2280 πολλαχοῦ
533 2189 590 2266 τὰς
615 2193 756 2282 οὐρανίας
780 2185 878 2270 ζώνας
903 2182 1173 2272 διπλασιαζόντων
1197 2195 1228 2256 ἐν
1252 2203 1317 2266 τοῖς
1340 2193 1399 2256 ὑπό
1423 2193 1569 2266 σελήνην.
1596 2193 1663 2258 Εἰσὶ
1687 2185 1721 2257 δὲ

170 2299 229 2390 ἀρα
252 2297 332 2374 τινές
357 2298 410 2362 καί
434 2291 509 2383 ᾅδου
536 2306 688 2389 Σειρῆνες,
711 2299 781 2389 περί
805 2293 846 2363 ὧν
872 2301 964 2375 αύτός
988 2293 1069 2365 εἶπεν
1087 2303 1118 2364 ἐν
1136 2297 1289 2389 Κρατύλῳ
1306 2308 1419 2388 σαφῶς·
1435 2305 1474 2376 ὡς
1499 2291 1570 2365 ούδέ
1593 2301 1720 2374 ἐκείναις

170 2409 350 2473 ἀπολείπειν
374 2409 429 2472 τόν
455 2399 534 2491 ᾅδην
558 2410 658 2496 φίλον,
684 2405 885 2499 θελγομέναις
909 2409 968 2472 ὑπὸ
992 2417 1050 2484 τῆς
1074 2418 1129 2472 τοῦ
1150 2405 1332 2483 Πλούτωνος
1356 2409 1473 2498 σοφίας·
1500 2409 1582 2472 ὥστε
1606 2407 1720 2498 τριττὰ

116 2547 142 2584 ιε
170 2519 244 2608 γένη
271 2521 343 2580 κατ’
370 2517 463 2580 αὐτόν
482 2517 646 2606 Σειρήνων·
665 2515 791 2606 οὐράνια
808 2516 887 2593 Διός,
905 2515 1106 2607 γενεσιουργὰ
1123 2507 1321 2592 Ποσειδῶνος,
1340 2515 1510 2605 όποχθόνια
1529 2515 1720 2591 Πλούτωνος·

174 2626 276 2689 κοινόν
295 2616 328 2689 δὲ
343 2624 470 2689 πάντων
487 2634 549 2688 τῶν
566 2633 673 2717 γενῶν,
692 2626 840 2715 ἁρμονίαν
857 2623 1036 2713 ύφιστάνειν
1053 2613 1265 2712 σωματοειδῆ,
1290 2633 1353 2688 τῶν
1379 2629 1507 2688 Μουσῶν
1532 2624 1591 2697 τήν
1615 2624 1722 2715 νοεράν

177 2734 325 2823 ἁρμονίαν
352 2732 492 2823 μάλιστα
510 2725 719 2823 δωρουμένων,
738 2724 785 2798 διὸ
803 2733 856 2796 καί
872 2742 998 2821 κρατεῖν
1014 2731 1164 2821 λέγονται
1180 2739 1242 2795 τῶν
1262 2731 1415 2821 Σειρήνων
1439 2731 1493 2796 καί
1511 2743 1576 2808 τοῖς
1599 2744 1723 2823 πτεροῖς

172 2843 269 2916 οὕτως
293 2839 530 2928 στεφανοῦσθαι·
547 2841 599 2903 καί
615 2838 675 2931 γάρ
692 2841 808 2915 ἐκείνας
826 2839 1003 2931 ἀνάγουσιν,
1027 2845 1154 2916 ἑαυταῖς
1177 2863 1213 2905 τε
1238 2837 1446 2905 συνάπτουσιν
1464 2839 1520 2917 τάς
1542 2839 1724 2933 ἀναγωγοὺς

173 2950 275 3012 αὐτῶν
300 2937 454 3035 δυνάμεις,
478 2940 669 3025 ἑξάπτουσαι
691 2957 749 3024 τῆς
773 2951 892 3013 ἑαυτῶν
917 2948 1052 3025 νοήσεως

119 3189 146 3227 ιο
174 3165 198 3232 f.
224 3166 276 3246 73,
300 3164 335 3231 in
358 3164 476 3232 lacuna
499 3167 520 3230 4
544 3187 642 3232 νοτες

443 3392 487 3454 -ζ-
502 3378 626 3454 Ἀλλας
659 3367 732 3460 δέἐ)
757 3376 938 3466 καθημένας
966 3370 1053 3467 πέριξ
1078 3369 1113 3442 δι’
1141 3379 1208 3443 ίσου
1237 3388 1334 3468 τρεῖς,
1358 3382 1390 3443 ἐν
1415 3391 1460 3453 -ζ-

443 3500 488 3561 ÷
512 3486 607 3575 θρόνῳ
623 3485 773 3568 ἑκάστην,
799 3485 983 3576 [θυγατέρας
1002 3491 1060 3561 τῆς
1085 3485 1254 3578 Ἀνάγκης,
1277 3487 1391 3576 Μοίρας
1414 3499 1459 3561 -ζ-

444 3609 489 3671 -ζ-
511 3593 785 3684 λευχειμονούσας,
796 3595 967 3684 στέμματα
980 3594 1030 3658 ἐπὶ
1043 3603 1105 3657 τῶν
1116 3598 1259 3684 κεφαλῶν
1269 3591 1295 3676 ³)
1309 3594 1397 3682 ἐχού-
1418 3606 1463 3669 -ζ-

444 3717 489 3778 -ζ-
511 3728 578 3788 σας,
602 3704 739 3792 Λαχεσίν
764 3727 799 3767 τε
816 3703 870 3766 καί
886 3701 1004 3768 Κλωθὼ
1021 3702 1075 3767 καί
1095 3702 1264 3791 Ἀτροπον,
1289 3707 1393 3792 ὑμνεῖν
1418 3716 1463 3776 -ζ-

445 3825 490 3885 -ζ-
511 3812 586 3901 πρός
610 3810 749 3880 τὴντῶν
770 3811 923 3900 Σειρήνων
942 3813 1100 3900 ἁρμονίαν·
1118 3809 1252 3900 Λάχεσιν
1278 3810 1332 3899 μὲν
1353 3809 1395 3874 τὰ
1418 3823 1463 3885 -ζ-

446 3932 491 3994 ÷
514 3919 689 4008 γεγονότα,
714 3917 832 3983 Κλωθὼ
858 3910 891 3984 δὲ
923 3918 965 3984 τὰ
994 3919 1087 3996 όντα,
1105 3919 1264 4010 Ἀτροπον
1293 3912 1326 3985 δὲ
1356 3917 1397 3984 τά
1420 3933 1465 3994 ÷

447 4042 492 4104 ÷
516 4031 684 4117 μέλλοντα·
701 4028 755 4092 καὶ
771 4027 831 4101 τήν
850 4028 904 4118 μέν
922 4027 1041 4094 Κλωθὼ
1057 4040 1097 4114 τῆ
1117 4019 1203 4113 δεξιᾷ
1219 4030 1301 4120 χειρὶ
1325 4032 1398 4118 ἐφα-
1420 4042 1465 4103 -ζ-

447 4149 491 4210 ÷
514 4137 675 4226 πτομένην
700 4137 949 4226 συνεπιστρέφειν
981 4147 1037 4201 τοῦ
1070 4136 1229 4225 ἀτράκτου
1254 4135 1313 4207 τήν
1337 4128 1396 4212 ἔξω
1419 4147 1464 4210 -ζ-

448 4257 493 4320 ÷
515 4244 691 4336 περιφοράν,
712 4237 934 4311 διαλείπουσαν
958 4244 1078 4335 χρόνον·
1095 4243 1154 4317 τήν
1180 4235 1393 4334 δέἈτροπον,
1417 4257 1462 4320 -ζ-

448 4366 492 4430 -ζ-
515 4365 556 4440 τῇ
583 4357 729 4444 ἀριστερᾷ
745 4353 802 4430 τὰς
819 4354 905 4430 ἐντός
922 4348 961 4419 αύ
978 4353 1149 4440 ὡσαύτως]·
1167 4352 1228 4424 τήν
1252 4345 1285 4419 δὲ
1300 4353 1401 4444 Λάχε·
1422 4366 1467 4428 ÷

447 4474 493 4536 ÷
517 4485 563 4527 σιν
580 4465 610 4528 ἐν
629 4461 713 4553 μέρει
730 4463 878 4554 ἑκατέρας
891 4463 1024 4553 ἑκατέρᾳ
1040 4473 1081 4549 τῇ
1096 4462 1176 4552 χειρί
1191 4461 1397 4551 ἐφάπτεσθαι.
1420 4473 1465 4536 -ξ-

186 4697 304 4750 ...νας
328 4673 363 4752 ἀς
387 4677 512 4767 εἴπομεν
537 4676 593 4753 τὰς
611 4675 695 4754 θείας
712 4672 789 4742 εἶναι
805 4688 863 4754 τῆς
881 4670 947 4746 δε...
964 4675 1063 4767 ψυχάς
1080 4671 1122 4742 ὧν
1139 4677 1227 4752 καίή
1247 4678 1335 4741 ούσία
1353 4675 1442 4750 καὶή
1466 4669 1529 4755 ζωή
1556 4675 1733 4765 ἐναρμόνιος

183 4787 203 4856 ή
229 4781 367 4872 ἐνέργεια
390 4783 479 4875 νοερὰ
495 4785 599 4870 κύκλῳ
616 4785 814 4876 κινουμένων·
833 4791 863 4852 ἐν
881 4783 941 4877 γάρ
960 4786 1137 4878 ἀσωμάτοις
1155 4792 1174 4860 ή
1194 4786 1299 4869 κύκλῳ
1319 4789 1437 4861 κίνησις
1461 4785 1567 4876 νοερὰν
1591 4786 1734 4875 ἐμφαίνει

222 4976 244 5052 ¹)
263 4975 422 5035 Undenam
441 4979 555 5037 oriatur
574 4987 605 5038 εί
623 5000 712 5055 aquo
731 4988 819 5056 poeta
838 4983 932 5040 versi·
1023 4983 1046 5058 ³)
1065 4985 1124 5038 Ἐπὶ
1143 4986 1191 5036 τῶν
1211 4985 1326 5052 κεφαλῶν
1340 4982 1492 5054 glossema
1505 4985 1552 5037 σεο
1571 4979 1737 5036 Ηεττετὰο·

185 5068 271 5124 culus
291 5085 428 5140 sequens,
448 5069 478 5126 id
498 5089 551 5128 nos
570 5073 656 5145 plane
675 5073 764 5144 fugit.
986 5071 1035 5128 nio
1055 5072 1159 5129 aienti:
1184 5072 1297 5129 «Plato
1316 5071 1343 5129 εἰ
1366 5070 1439 5146 quid
1464 5069 1644 5138 addidisset,
1664 5069 1736 5125 scri-

221 5158 401 5233 ²)Reipub1.
421 5177 450 5232 x,
468 5179 496 5233 p.
515 5160 576 5232 313,
595 5162 657 5218 314.
677 5163 793 5220 Ultima
819 5163 870 5220 vix
888 5162 933 5219 in·
986 5162 1098 5234 psisset
1118 5170 1173 5234 περὶ
1199 5169 1243 5223 τὰς
1268 5167 1417 5235 κεφαλάς».
1439 5164 1584 5218 Μιιεηιοε.
1610 5159 1672 5215 335.
1692 5158 1735 5216 of.

185 5245 402 5319 trospiciuntur
421 5247 477 5303 sub
495 5248 628 5320 maligna
647 5250 801 5323 pellicula:
822 5253 865 5314 ἕως
890 5257 933 5306 τοῦ
986 5249 1065 5307 infra
1082 5268 1149 5325 pag.
1169 5251 1206 5307 84
1223 5269 1252 5307 n.
1271 5250 1296 5307 θ.

185 5338 230 5392 τήν
250 5341 275 5388 δέ
295 5342 403 5406 Λάχεσιν
423 5336 446 5391 ἐν
467 5339 532 5410 μέρει
552 5347 606 5393 κτλ
