3944 6074
294 513 352 574 226
848 505 927 579 Cat.
946 502 1075 580 Medic.
1097 509 1290 583 uarietates.

292 683 420 765 crocitat,
446 686 484 746 ut
506 679 661 746 mnndum
679 680 850 769 perfectae
871 683 914 746 sit
922 705 934 763 ,·
958 682 1012 746 illc
1035 691 1132 747 totam
1156 683 1336 748 maclinam
1360 682 1460 768 fabro
1485 691 1631 766 exornat,
1655 692 1683 747 et
1703 705 1724 747 c
1745 685 1823 768 poesi

282 791 425 878 fingitur
450 791 537 853 eirca
559 789 680 854 coelum
704 790 822 875 oipinti
845 790 986 876 tripodes
1010 793 1205 872 constituero,
1223 796 1253 856 cl
1269 791 1366 856 lunae
1381 791 1500 856 multas
1523 791 1676 878 subjicere
1691 791 1822 877 fornos‚·

290 905 430 984 aterque,
443 919 481 962 cn
492 897 587 963 ,Ionis
599 897 742 972 consilio,
757 920 854 986 opera
870 899 993 984 indiqet
1017 898 1166 964 Veneris:
1183 898 1284 982 Mars,
1302 909 1337 964 ut
1349 901 1522 965 contrariis
1535 899 1630 965 rebar
1643 901 1822 964 harmoniam

291 1008 432 1086 incerat;
467 1005 645 1086 Vulcanus,
679 1015 714 1070 ut
744 1005 870 1091 opificio
897 1007 1178 1092 pulchritudinem
1208 1007 1349 1074 inducat.
1380 1009 1539 1073 Mulciber
1570 1009 1659 1073 mitis
1686 1009 1824 1094 conjugio,

291 1113 385 1179 Mars
400 1113 557 1179 violentas
573 1113 733 1179 adstiteris
743 1114 886 1201 fruitur.
909 1113 1015 1190 Quam
1032 1137 1098 1180 rem
1115 1115 1242 1182 coelitus
1257 1126 1416 1206 aspectam
1432 1116 1488 1182 Sol
1510 1116 1651 1181 Vulcano
1668 1115 1781 1201 prodit,
1796 1123 1824 1175 ut

291 1224 347 1310 qui
369 1223 478 1287 omnia
494 1223 595 1286 cernit
618 1231 646 1285 et
670 1221 820 1286 illustrat.
840 1221 974 1287 Vincula
990 1246 1053 1288 non
1078 1225 1203 1290 cunctis
1225 1234 1300 1288 sunt
1316 1225 1496 1309 conspicua,
1513 1225 1590 1311 quia
1609 1245 1746 1287 arcanae
1766 1232 1826 1286 sum

290 1351 397 1394 rerum
413 1331 648 1416 conjunctiones
672 1338 700 1394 et
722 1330 969 1395 contrarietates.
996 1331 1167 1396 Interceclit
1188 1339 1345 1417 sequester
1361 1332 1543 1418 Neptunus,
1560 1333 1618 1418 qai
1637 1332 1706 1418 ipse
1728 1327 1825 1393 munli

290 1434 454 1500 vinculum
478 1442 524 1502 est
546 1442 577 1500 el
601 1436 725 1525 opifex.

335 1543 489 1631 Profecto
516 1545 644 1630 primus
667 1556 695 1612 ct
722 1546 980 1635 perfectissimae
1002 1571 1110 1614 rerum
1134 1547 1246 1635 opifex
1271 1548 1397 1613 uidetur
1425 1547 1578 1612 mustelam
1609 1567 1649 1610 esc
1673 1543 1826 1610 contrariis

291 1653 450 1718 elementis
474 1656 685 1735 constitutae,
710 1659 890 1742 conjunctis
913 1659 948 1721 in
971 1679 1003 1722 se
1025 1658 1126 1722 simul
1153 1657 1301 1740 Vulcano,
1326 1657 1432 1721 Marte
1455 1666 1484 1720 et
1507 1655 1627 1720 Venere.
1659 1652 1827 1718 Producem

291 1763 377 1826 enim
401 1763 638 1827 contrarietates
661 1763 900 1846 elementorum,
925 1765 1097 1829 secandum
1129 1763 1266 1829 Martem
1293 1767 1380 1851 apit;
1403 1763 1580 1828 amicitiam
1603 1782 1676 1825 acro
1699 1757 1825 1838 moliens,

284 1871 390 1954 juata
414 1869 559 1934 Venerem
581 1881 742 1956 operatur.
769 1871 896 1938 Martia
919 1883 1023 1937 autem
1047 1882 1074 1938 ct
1097 1874 1234 1940 Venerca
1256 1881 1447 1955 connectens,
1472 1869 1609 1936 Vulcani
1631 1877 1702 1932 arte
1725 1867 1827 1931 utitur.
1919 1893 1920 1904 ι

289 1977 364 2064 Ipse
387 1978 490 2064 ipitor
512 1980 619 2044 omnio
642 1990 696 2066 cst,
720 1990 841 2046 etcum
866 1983 1014 2047 omnibns
1039 1981 1105 2046 eliis
1128 1991 1290 2067 operatur.

336 2407 379 2478 M.
404 2411 462 2478 fol.
487 2411 539 2478 82.
562 2454 600 2464 -
624 2412 683 2480 Ed.
709 2437 741 2500 p.
767 2415 843 2482 388.
860 2416 882 2482 l.
908 2417 950 2483 40
975 2418 1039 2481 ἐνε-
1093 2415 1227 2504 νόμενοι,
1246 2403 1296 2477 διαί
1319 2407 1379 2482 τὴν
1396 2419 1453 2484 τῆς
1473 2405 1608 2482 ἑνώοεως
1634 2397 1830 2496 ἀμυδρότητα

291 2519 412 2608 γείρων)
430 2521 606 2607 ἁνεγείρων,
620 2563 659 2573 -
670 2522 693 2586 l.
710 2525 752 2587 43
767 2522 970 2606 τελειυταίτῳ)
988 2547 1039 2588 τε·

290 2625 454 2708 λεωτοίτῳ.
467 2670 506 2679 -
519 2627 540 2692 l.
551 2631 593 2694 46
606 2627 773 2718 γνιίμπτας
788 2627 828 2712 θ’)
842 2629 985 2719 γνάπτας
1000 2628 1039 2696 θ’.

290 2769 334 2780 -
350 2732 456 2807 ἕλικάς
480 2737 529 2817 τε)
553 2736 658 2811 ἕλικας
683 2734 814 2812 καίλικσίς
831 2761 878 2804 τε.
896 2739 972 2803 -1,
997 2740 1038 2804 47

290 2842 451 2930 ἁρμονίας)
474 2844 634 2931 ἁρμονίαν.
654 2887 692 2896 -
709 2845 730 2910 l.
748 2848 789 2910 48
807 2847 896 2929 ὅσην)
913 2847 984 2918 ὁση.
1003 2889 1041 2898 -

288 2949 311 3012 l.
336 2949 378 3013 49
404 2943 679 3040 έναρπηγοίζηται)
700 2952 973 3044 ἐναρπηγοίσηταα
998 2991 1040 3001 -

289 3055 381 3140 ὅσην)
398 3056 467 3133 όση,
486 3060 567 3124 -1,
586 3062 628 3126 50
645 3059 824 3150 ὑπερτέρας,
848 3057 923 3145 οἷον)
949 3067 1041 3150 ὑπερ-

288 3162 390 3252 τέρας,
416 3164 544 3254 μετέχει
560 3159 657 3244 τάξις·
676 3171 691 3230 ὁ
709 3158 742 3232 δέ
755 3167 853 3258 Ἀρης
874 3168 959 3234 κατὰ
982 3167 1039 3246 τίς

288 3265 522 3365 ὑποδεεστέρας,
547 3271 609 3340 οἷον
633 3281 670 3344 εἰ,
696 3319 734 3328 -
758 3279 780 3344 l.
809 3280 850 3344 52
876 3276 1040 3368 ἄγκεσθαι)

290 3378 432 3470 ἄγεσθαι.

337 3485 496 3554 Scholion.
521 3494 630 3553 Ταῦτα
655 3489 735 3572 μόνα
756 3489 864 3562 ἱκανὴν
889 3493 955 3581 ἔχει
979 3492 1038 3564 τλν

289 3591 430 3658 εὔθικτον
455 3587 605 3670 ἐπιθολην
629 3599 703 3688 πρὸς
729 3600 783 3662 τόν
808 3599 914 3690 μῦθον.

334 3703 378 3769 Μ.
402 3703 450 3769 fol
474 3707 516 3770 82
540 3706 646 3772 nEd.
670 3729 701 3792 p.
728 3710 1039 3774 389.-].6ἑναν-

286 3806 421 3891 τιώσεις)
443 3810 629 3887 ἐναντίωσις,
649 3857 687 3866 -
703 3816 725 3881 l.
744 3818 761 3882 7
781 3815 898 3904 μιμόει)
918 3816 1037 3904 μηνόει.

287 3953 332 3964 -
346 3918 368 3983 l.
394 3920 413 3984 8
429 3911 609 3984 έπιὸαλλειν
635 3926 751 4005 αὐτοῖς)
769 3915 969 4012 περιθαίλλειν
988 3929 1039 3989 αό-

285 4023 369 4098 τοός.
394 4067 432 4076 -
456 4026 477 4092 l.
499 4029 518 4092 9
544 4031 702 4105 παντοίοις
727 4047 766 4100 -;;·
790 4069 833 4079 -
857 4034 878 4098 l.
906 4037 944 4098 ll
971 4033 1036 4097 ἐπεὶ

286 4133 352 4216 καί)
377 4135 441 4198 ἐπεὶ
466 4125 510 4201 δέ.

328 4253 369 4306 -::-
394 4241 565 4309 Selroliarn.
584 4243 619 4306 ‘0
639 4235 672 4309 δὲ
698 4245 840 4328 βασιλεὺς
857 4247 966 4325 Ἤλιος
986 4249 1036 4314 λέ-

286 4366 380 4434 γεται
411 4346 538 4434 μηνύειν
569 4349 629 4420 τλν
654 4362 709 4415 τοῦ
734 4352 853 4442 Ἀρεως
877 4357 951 4442 πρός
975 4356 1035 4426 ris

287 4444 477 4541 Ἀφροδίτην
502 4459 673 4536 κοινωνίαν,
687 4453 793 4533 ἐπειδὴ
820 4463 888 4552 περί
912 4465 966 4526 τὸν
984 4465 1037 4551 ἐμ·

287 4569 368 4644 φανῆ
403 4561 535 4650 κόσμον,
561 4557 596 4627 οὗ
618 4566 813 4655 προέστηκεν
843 4574 860 4633 ὁ
892 4568 1035 4653 βασιλεὺς

289 4663 408 4750 Ἥλιος,
433 4673 452 4741 ἡ
479 4671 657 4760 συμπάθεια
682 4679 784 4739 αὐτῶν
809 4678 978 4768 θεωρεῖται.

332 4777 444 4842 Atirrt.
462 4778 578 4842 Λεπτοί
595 4770 628 4845 δὲ
644 4785 672 4845 ci
690 4773 807 4870 δεσμοί,
825 4785 878 4849 καί
895 4783 937 4874 μθ,
965 4808 1035 4876 φαι-

1092 2535 1155 2588 ror
1181 2513 1270 2608 τηλε.

1139 2634 1251 2700 Αίιίιιί.
1270 2629 1401 2702 Μήποτε
1413 2625 1542 2690 κάλλιον
1556 2635 1596 2710 τῇ
1616 2624 1745 2689 πάντων
1757 2627 1830 2688 ἐναν-

1095 2739 1224 2812 τιότητι
1249 2731 1477 2805 ἀνεπαίσθητον
1494 2743 1559 2808 τοῖς
1577 2722 1773 2821 διῃρημένοις
1789 2729 1832 2794 καί

1097 2859 1136 2932 τῇ
1167 2838 1310 2922 συντάξει
1338 2847 1438 2908 αὐτῶν
1463 2848 1502 2918 ὡς
1531 2842 1764 2931 ὁπερφυεστέρᾳ
1786 2840 1831 2900 τόν

1094 2967 1152 3032 τῆς
1177 2955 1331 3028 ὁλότητος
1356 2943 1470 3040 δεσμόν
1497 2961 1576 3015 νοεῖν
1601 2940 1765 3014 ἐνδιδόντα
1787 2949 1831 3010 τόν

1090 3061 1279 3150 Ἧφαίστον,
1303 3057 1356 3121 καί
1380 3061 1421 3138 ὡς
1444 3053 1710 3144 ὑποκρυπτόμενα
1735 3051 1786 3142 μὲν
1806 3057 1831 3115 ἐν

1094 3179 1140 3252 τῷ
1159 3177 1248 3259 μυχῷ
1265 3176 1323 3242 τῆς
1340 3165 1494 3239 ὁλότητος
1511 3163 1554 3228 ταί
1578 3165 1707 3228 ἐναντία
1724 3161 1831 3248 θεωρεῖν

1095 3279 1245 3353 ἀλλήλοις
1269 3275 1348 3343 ὄντα
1364 3275 1547 3364 προσήγορα
1565 3263 1616 3336 διαί
1640 3295 1727 3346 τινος
1749 3291 1834 3357 ιιρυπ-

1094 3386 1227 3477 τομένης
1244 3375 1441 3474 Ἀφροδίτης,
1459 3381 1554 3470 φανὸν
1573 3371 1606 3445 δὲ
1621 3379 1662 3444 τό
1688 3381 1758 3443 ὅλον
1781 3377 1830 3439 tet

1093 3505 1155 3560 τῶν
1174 3495 1266 3576 Ἡλίῳ
1283 3497 1422 3580 ἀτεχνῶς
1439 3488 1716 3578 ὁπερηπλωμένον·
1734 3489 1767 3551 οὐ
1781 3482 1832 3574 ll?

1069 3659 1071 3662 .
1094 3595 1234 3668 διέλαθεν
1253 3599 1347 3664 αὐτόν
1365 3599 1436 3661 εἵσω
1453 3605 1510 3672 τῆς
1528 3596 1686 3670 ὁλότητος
1707 3598 1748 3668 είς
1770 3590 1834 3680 ὁμό-

1093 3733 1177 3774 νοιαν
1202 3706 1356 3771 τάναντία
1381 3701 1569 3794 συνείροντα.
1593 3701 1713 3766 Λόεται
1736 3721 1834 3786 τοιγα-

1094 3828 1161 3902 ροῦν
1186 3815 1240 3880 καὶ
1271 3812 1440 3879 ἀναλύεται
1471 3815 1526 3876 οὐκ
1557 3803 1772 3900 ἀφανιζόμενα
1797 3809 1831 3876 είς

1091 3923 1151 3994 τὴν
1176 3926 1311 3994 ὁλοτελῆ
1338 3923 1410 4010 μίαν
1443 3919 1548 3983 ’ένοισιν
1573 3916 1615 3982 τὰ
1642 3915 1753 3990 πλήθη
1777 3921 1831 3976 τῶν

1090 4034 1238 4097 ἐναντίων
1265 4021 1316 4095 διὰ
1342 4019 1519 4092 Ποσειδῶνα
1543 4026 1598 4090 τὸν
1623 4035 1682 4089 τοῦ
1711 4027 1833 4113 γενητοὸ

1090 4140 1207 4214 παντός
1230 4145 1250 4223 ν)
1276 4137 1411 4226 γενητόν
1436 4133 1634 4204 ὑποστάτην.

1136 4251 1180 4317 Μ.
1203 4250 1261 4315 fot.
1287 4249 1338 4313 83.
1365 4245 1448 4312 -1,
1476 4247 1515 4311 16
1539 4243 1645 4332 φασὶν)
1677 4241 1779 4331 φησίν.
1801 4277 1833 4289 -

1090 4360 1112 4424 l.
1140 4360 1180 4423 17
1212 4355 1363 4444 γέννητα)
1395 4351 1526 4445 γενητό.
1553 4389 1594 4399 -
1618 4351 1640 4416 l.
1667 4355 1711 4417 20
1741 4351 1832 4422 ἑαυτῷ

1091 4467 1206 4554 φιλίας)
1228 4467 1259 4527 έν
1277 4464 1363 4544 αὐτῷ
1380 4462 1496 4549 φιλίαν.
1514 4501 1553 4510 -
1569 4460 1591 4524 l.
1616 4461 1660 4524 23
1684 4457 1776 4521 πάντ’
1793 4443 1829 4540 ἄρ’

1090 4577 1186 4657 ἐστιν)
1202 4569 1307 4636 πάντα
1331 4575 1362 4662 γ’
1381 4568 1426 4659 ἄρ’
1452 4573 1548 4634 ἐστιν.
1574 4604 1615 4615 -
1639 4567 1662 4633 l.
1689 4567 1731 4632 25
1755 4583 1833 4626 συνα-

1089 4678 1316 4769 πογεννῶντας)
1341 4683 1640 4766 συναπογεννῶντες.
