3940 6072
863 525 956 604 Pers
983 525 1016 605 1.

169 708 337 786 Πλάτωνος
361 705 470 799 ἐχθρὸν
495 709 583 786 ὄντα,
604 709 661 787 καὶ
689 719 745 774 τοῦ
768 708 917 773 Ἐπικου-

169 819 255 909 ρείων
279 816 406 882 πάντων
431 817 486 882 καὶ
509 821 621 882 ἑαυτοῦ
645 816 870 908 καθηγεμόνος.

211 927 306 994 Nunc
330 927 457 994 Schoell
476 929 584 993 cadem
608 928 654 993 ita
678 928 827 1012 supplet:
854 925 915 990 Καί

168 1035 223 1100 τὸν
241 1033 422 1125 θαυμαστὸν
440 1037 554 1098 ἐκεῖνον
574 1031 746 1108 Κωλώτην,
763 1032 816 1096 τὀν
835 1031 917 1096 11λά-

166 1165 264 1218 τωνος
296 1139 424 1231 ἐχθρὸν,
447 1140 654 1229 Ἐπικούρειον
685 1141 762 1204 ὄντα
789 1139 914 1216 πάντως

167 1253 263 1340 ἐχρην
287 1259 343 1314 τοῦ
367 1248 583 1340 καθηγεμόνος
607 1259 670 1313 τῶν
698 1247 915 1340 Ἰἰπικουρείων

167 1357 209 1424 et
232 1359 302 1447 περὶ
322 1358 442 1424 τούτων
459 1357 663 1450 γεγραμμένα
681 1357 724 1447 μὴ
751 1362 915 1450 ἀγνοῆσαι.

168 1469 258 1535 Haec
280 1469 356 1550 fere,
373 1470 540 1553 sequentia
555 1474 661 1534 eutem
678 1470 815 1554 recepit:
834 1457 917 1553 μηδὲ

168 1576 370 1666 ἀγνοήσαντα
394 1570 519 1659 ζητεῖν,
543 1584 608 1652 πῶς
633 1576 687 1640 τὀν
717 1575 916 1640 ἀποθανόντα

168 1683 264 1748 πάλιν
289 1675 458 1748 stateem
476 1673 621 1756 δυνατόν·
640 1675 711 1748 οὐδὲ
734 1681 794 1776 γάρ
819 1688 834 1746 ὁ
859 1681 917 1746 θοί-

169 1814 262 1867 νατος
286 1787 324 1866 ἦν
349 1791 566 1877 ἀποσάλευσις,
584 1797 624 1867 ὡς
642 1793 731 1868 ἔοικε,
757 1803 814 1866 τῆς
838 1815 917 1878 συμ-

170 1897 273 1974 πάοης
306 1892 387 1976 ζωῆς
411 1910 466 1964 τοῦ
491 1898 649 1988 σώματος,
675 1899 744 1963 ἀλλ’
770 1900 828 1964 ὑπὸ
862 1899 916 1989 μὲν

169 2010 296 2095 πληγῆς
313 2029 396 2082 τινος
412 2007 484 2082 ἴσως
500 2017 555 2071 τοῦ
572 2006 751 2096 τραύματος
776 2017 916 2098 παρεῖτο,

169 2125 227 2191 τῆς
252 2105 285 2180 δὲ
316 2112 418 2204 ψυχῆς
444 2115 565 2204 οἱπερὶ
588 2117 643 2180 τὸν
669 2117 782 2207 μυελὸν
807 2118 916 2204 ἔμενον

170 2226 217 2289 ἐτι
241 2215 350 2311 δεσμοί
380 2217 650 2314 κατερριζώμενοι,
675 2225 770 2298 naid
804 2217 916 2315 καρδία

170 2331 207 2395 τδ
231 2331 413 2421 ἐμπύρευμα
437 2341 495 2406 τῆς
519 2325 600 2410 ζωῆς
625 2326 707 2422 εἶχεν
739 2335 915 2422 ἐγκείμενον

169 2449 215 2522 τῷ
241 2438 337 2524 βάθει·
356 2441 409 2503 καί
424 2437 539 2504 τούτου
557 2439 702 2527 μένοντος
719 2435 804 2516 αὖθις
830 2445 917 2506 ἀνεκ-

170 2550 295 2621 τήσατο
311 2547 373 2622 τὴν
397 2541 612 2621 ἀπεσθηκυῖαν
629 2543 711 2627 ζωὴν
735 2543 917 2624 ἐπιτηδείαν

169 2657 244 2746 πρὸς
274 2655 335 2728 τὴν
368 2654 505 2746 ψύχωσιν
540 2658 723 2747 γενομένην.
754 2661 918 2728 Hactenus

172 2768 259 2848 haec,
284 2768 423 2833 noudum
447 2768 594 2836 absoluta
617 2769 828 2835 restitutione.

213 2876 290 2941 lude
313 2877 398 2962 apud
422 2876 444 2943 S
460 2877 556 2944 series
573 2901 678 2945 rerum
695 2879 854 2946 turbatur.
872 2915 917 2930 -

168 2982 191 3049 l.
209 2984 289 3048 8-10
308 2981 368 3046 Καὶ
384 2979 443 3071 γάρ
461 3007 561 3069 usque
577 2986 616 3051 od
632 2988 764 3059 ἑστωτες
785 2986 830 3070 (in
847 2988 918 3072 qui-

170 3089 229 3154 bus
253 3113 314 3157 em.
338 3089 502 3178 ὤφθησαν)
518 3095 721 3161 omittuntur.
746 3094 918 3180 Sequentia

173 3192 320 3284 Καθάπερ
337 3199 376 3264 ad
393 3197 556 3287 γενόμενος
574 3206 685 3267 extant
701 3202 732 3266 in
749 3202 850 3268 ultera
864 3225 918 3287 pn·

171 3301 248 3384 gina
271 3326 310 3368 ex
334 3303 434 3371 Mero.
451 3305 528 3374 Var.
546 3305 687 3394 καθάπερ
703 3331 741 3398 γε
757 3332 845 3375 και...
868 3332 918 3398 γε-

171 3405 293 3494 νόμενοι
310 3417 421 3477 contro
437 3414 505 3479 cod.
524 3414 679 3500 Proponit
696 3415 884 3504 Ἰἐρμίτιμος
901 3419 916 3479 ὁ

172 3510 314 3607 Κλαζομ.
326 3519 437 3586 Rhode
452 3523 772 3604 (Μιιε.11]ιοκ.αιιιιιι
786 3547 816 3610 p.
828 3525 917 3610 334).

215 3625 335 3692 Iterum
360 3625 382 3693 S
406 3649 468 3694 om.
492 3628 514 3695 l.
541 3631 593 3713 12,
613 3633 652 3696 13
670 3629 731 3694 Καὶ
746 3632 779 3693 τί
795 3621 843 3694 δεῖ
865 3655 918 3700 us·

170 3759 231 3821 que
254 3736 293 3803 ad
318 3733 505 3824 θαυμασίαν.

215 3845 324 3912 Morus
348 3851 473 3914 caetera
495 3849 580 3914 dedit
603 3872 703 3935 usque
726 3852 766 3917 ed
789 3852 918 3939 ἀπεριη-

170 3950 282 4041 γήτοις
306 3951 371 4037 (Ad
393 3954 463 4021 loca
486 3953 528 4021 N.
553 3955 589 4022 F.
613 3979 644 4041 p.
666 3959 721 4038 09)
738 3980 804 4024 var.
828 3958 850 4023 l.
878 3960 917 4023 17

170 4067 225 4122 τοῦ
250 4081 285 4123 τε
309 4083 394 4148 προς.
409 4061 531 4128 Rohde.
546 4097 591 4112 -
609 4061 683 4128 Post
699 4067 917 4151 καταφιλοῦσα

170 4169 277 4253 pergit
293 4168 419 4234 Morus:
436 4167 491 4230 τὀν
508 4167 613 4256 νεκρὸν
637 4166 752 4252 ᾔσθετο
770 4171 917 4260 βραχείας

171 4277 328 4350 ἀναπνοῆς
346 4279 431 4357 αὐτῷ
446 4298 529 4350 τινος
546 4275 738 4365 ἐγκειμένης·
763 4287 915 4367 περιχαρῆ

170 4373 195 4443 δ’
222 4382 321 4453 αύτλν
345 4384 516 4474 γενομένην
548 4387 687 4474 ἐπισχεῖν
712 4383 770 4457 τὴν
795 4386 916 4474 ταρήν·

169 4491 224 4555 τ“ον
243 4481 277 4556 δέ
293 4490 479 4584 Κλεώνυμον
497 4493 690 4583 ἀναφέροντα
707 4492 791 4559 κατά
809 4496 917 4585 μικρὸν

168 4595 342 4688 ἐγερθῆναι,
367 4599 421 4662 καὶ
445 4601 541 4664 εἰπεῖν
559 4601 616 4663 ὅσα
632 4623 668 4664 τε
692 4592 798 4674 ἐπειδή
824 4601 917 4690 χωρὶς

168 4703 207 4779 ἧν
232 4705 284 4771 καὶ
301 4699 351 4770 οἷα
371 4718 426 4772 τοῦ
443 4706 589 4795 σώματος
606 4711 675 4794 (τοῦ
694 4708 840 4798 σώματος
865 4712 918 4775 καί

169 4810 219 4878 οἷα
241 4815 272 4883 S.
290 4817 411 4898 Rohde)
430 4806 489 4880 ἴδοι
512 4817 565 4880 καί
590 4817 758 4882 ἀκούσειεν·
776 4816 835 4890 τὴν
861 4819 916 4908 μέν

170 4914 221 4985 οὖν
236 4923 331 4985 αὐτοῦ
344 4919 448 5011 ψυχὴν
463 4926 547 5008 (inde
559 4931 668 4992 nostra
681 4927 702 4992 l.
716 4928 767 5007 18,
778 4933 852 5011 post
863 4951 918 4994 sex

170 5031 314 5115 integros
337 5054 446 5098 versus
469 5032 619 5115 abolitos)
636 5031 730 5120 ράναι
754 5031 838 5120 παρά
862 5033 916 5096 τὀν

170 5132 315 5213 θάνατον,
339 5131 401 5200 οἷον
419 5139 453 5201 ἐκ
470 5127 590 5224 δεσμῶν
609 5129 697 5216 δόξαι
713 5147 805 5202 τινῶν
831 5143 918 5228 ἀρει-

120 5303 126 5313 ,
172 5243 267 5332 μένην
281 5247 338 5329 (sic
351 5247 432 5328 cod.)
448 5256 505 5310 τοῦ
518 5245 663 5336 σώματος
676 5245 862 5337 παρεθέντος
876 5249 918 5330 (U

169 5377 241 5422 oum
266 5355 334 5422 cod.
353 5391 393 5402 -
411 5353 604 5448 παραθέντος
621 5357 702 5423 Mor.
722 5354 920 5446 παραταθέν-

1664 547 1718 602 255

975 731 1026 782 τος
1051 708 1174 792 Rohde)
1199 708 1354 796 μετέωρον
1380 705 1520 798 ἀρθῆναι,
1546 711 1598 774 καὶ
1623 709 1722 799 ἀρθεῖ-

972 841 1029 880 σαν
1055 814 1128 906 ὑπὲρ
1152 827 1211 906 γῆς
1237 809 1309 892 ἰδεῖν
1340 818 1454 894 τύπους
1478 824 1509 884 ἐν
1535 825 1614 906 αύτῇ
1641 845 1720 884 παν-

970 915 1127 998 τοδαπούς
1152 924 1205 987 καί
1228 934 1293 998 τοῖς
1310 925 1453 1012 σχήμασι
1473 925 1526 988 καὶ
1550 937 1614 1002 τοῖς
1638 927 1705 1016 χρώ

970 1053 1063 1118 μασι,
1093 1031 1146 1094 καί
1179 1029 1319 1121 ῥεύματα
1350 1043 1501 1119 ποταμῶν
1532 1035 1719 1123 ἀπρόσαπτοι

971 1139 1028 1220 (sic
1052 1138 1120 1204 cod.
1146 1137 1330 1226 ἀπρόσοπτα
1355 1139 1395 1223 U,
1420 1141 1452 1206 S.
1473 1178 1516 1189 —
1534 1134 1720 1230 ἀπρθσύατα

970 1243 1078 1326 Heitz)
1096 1242 1277 1334 ἀνθρώποις·
1302 1245 1356 1310 καί
1379 1247 1467 1322 τέλος
1494 1246 1657 1336 ἀφικέσθαι
1679 1253 1720 1326 εἵς

971 1375 1042 1414 τινα
1066 1361 1166 1442 χῶρον
1194 1355 1269 1443 ἱερὸν
1294 1364 1351 1430 τῆς
1368 1357 1483 1432 ἑστίας,
1509 1357 1541 1420 ὃν
1565 1357 1719 1446 περιέπειν

971 1450 1139 1549 δαιμονίων
1165 1453 1308 1550 δυνάμεις
1325 1466 1507 1554 γυναικείων
1532 1470 1562 1532 ἐν
1588 1479 1719 1557 μορφαῖς

971 1569 1205 1659 ἀπεριηγήτοις.

1015 1679 1052 1745 P.
1079 1683 1118 1746 19
1136 1685 1262 1748 tuntum
1279 1689 1435 1750 memoret
1453 1683 1474 1752 S
1490 1687 1549 1751 sub
1566 1710 1654 1752 num.
1672 1705 1722 1752 vn

972 1810 1004 1872 p.
1029 1791 1083 1854 04.
1108 1826 1147 1836 -
1174 1789 1195 1857 l.
1221 1791 1377 1858 sineere
1399 1816 1507 1861 versus
1531 1797 1649 1880 partim
1672 1797 1721 1862 la-

972 1919 1070 1979 ceros,
1087 1897 1154 1965 fere
1170 1922 1276 1966 erasos
1292 1923 1380 1982 aevo,
1397 1903 1621 1988 introspicitur
1637 1905 1720 1973 fere:

972 2027 1001 2070 ν.
1028 2008 1040 2071 1
1070 2005 1150 2092 ἔχων
1169 2003 1273 2080 τοὺς...
1290 2030 1321 2074 v.
1339 2010 1358 2073 2
1375 2007 1544 2098 καθαρὸν...
1561 2035 1590 2077 ν.
1609 2015 1628 2078 3
1652 2023 1722 2076 τοῦ·

970 2134 1041 2178 το...
1067 2137 1094 2179 v.
1119 2117 1141 2179 4
1164 2121 1255 2200 σῶμα
1275 2113 1445 2202 φυλάττειν
1471 2115 1620 2193 ἀπαθές...
1645 2143 1674 2187 u.
1700 2124 1719 2186 5

970 2217 1110 2310 καθάπερ
1134 2226 1206 2290 κτλ.
1233 2261 1273 2272 -
1298 2225 1320 2292 l.
1348 2228 1388 2290 17
1412 2226 1483 2312 lege
1507 2227 1722 2316 ὑποστρωννύ-

971 2352 1066 2396 ουσιν.
1087 2367 1126 2378 -
1142 2331 1164 2398 l.
1183 2335 1222 2398 10
1239 2333 1421 2400 lacerantur
1437 2341 1503 2402 tres
1518 2359 1628 2403 versus
1652 2338 1719 2404 fere

973 2439 1112 2506 omnino.
1139 2477 1178 2490 -·-
1203 2439 1226 2507 l.
1244 2443 1284 2506 21
1311 2433 1494 2526 ἀποδούσηθ
1513 2480 1553 2492 -
1571 2445 1593 2510 f.
1618 2453 1663 2528 τῷ
1688 2435 1721 2510 δέ

973 2543 1052 2636 σώμ.
1078 2550 1216 2636 -lege
1240 2542 1444 2639 συζυγέντων.
1464 2589 1503 2600 -
1532 2557 1560 2619 1.
1585 2555 1627 2620 34
1651 2578 1722 2622 cor·

973 2657 1097 2722 roditur
1121 2679 1233 2744 margo
1256 2659 1343 2724 intus
1368 2664 1401 2725 et
1431 2659 1521 2728 foris.
1545 2661 1622 2728 fort.
1646 2685 1676 2730 v.
1701 2667 1721 2730 3

972 2774 1068 2828 τοῦτο
1084 2755 1251 2833 δυνατόν...
1268 2790 1296 2832 v.
1315 2770 1335 2832 4
1352 2769 1551 2840 συνέστηκεν.
1575 2771 1649 2838 Huc
1672 2796 1722 2839 re·

972 2873 1049 2938 ferri
1073 2880 1181 2958 potest
1205 2876 1227 2943 S
1247 2900 1279 2961 p.
1304 2879 1347 2942 04
1370 2901 1458 2943 nuni.
1481 2897 1540 2943 vn.

1017 2981 1052 3049 P.
1078 2985 1120 3050 20
1144 2988 1235 3050 vocat
1259 2983 1290 3050 S.
1317 3022 1359 3031 -
1382 2985 1404 3051 l.
1432 2988 1472 3052 10
1494 2986 1572 3052 fort.
1595 2986 1628 3051 in
1652 2986 1721 3052 eod.

971 3112 1001 3154 v.
1021 3092 1036 3154 1
1055 3087 1280 3175 μανθάνεται...
1299 3113 1326 3156 v.
1346 3093 1365 3155 2
1383 3091 1420 3154 τὸ
1437 3099 1532 3179 φῶς...
1558 3115 1586 3158 v.
1612 3095 1632 3158 3
1655 3099 1720 3165 πῶς

972 3185 1005 3258 δέ
1030 3195 1183 3264 τούτων...
1200 3221 1230 3263 v.
1248 3201 1268 3264 4
1286 3197 1448 3261 ἀκούουσιν
1467 3189 1550 3266 διαί...
1571 3237 1611 3247 -
1636 3199 1658 3266 l.
1679 3201 1716 3265 ll

970 3303 1136 3389 ήμερεσίαν
1166 3295 1199 3367 δέ
1230 3305 1415 3390 π[οιοῦν]τες
1440 3296 1538 3372 otte?
1565 3345 1605 3355 -
1628 3307 1650 3374 l.
1675 3309 1719 3372 24

974 3432 1082 3476 versus
1106 3413 1125 3475 5
1149 3433 1168 3476 a
1191 3411 1313 3478 laciniis
1333 3414 1455 3480 ineunt.
1479 3415 1502 3479 f.
1528 3438 1556 3480 ν.
1584 3417 1599 3480 1
1627 3413 1720 3488 αὐτὸς

972 3515 1061 3605 μὲν...
1084 3542 1114 3586 s.
1140 3521 1159 3584 2
1184 3541 1339 3590 στησαν...
1363 3545 1393 3588 τ.
1418 3525 1438 3589 3
1463 3523 1554 3597 αὐτὸς
1580 3513 1637 3588 dt?

1017 3625 1052 3692 P.
1078 3628 1117 3691 21
1151 3631 1244 3693 vacat
1274 3627 1296 3694 S
1323 3651 1423 3714 usque
1447 3630 1487 3695 ad
1516 3630 1539 3696 l.
1566 3631 1618 3695 15.
1642 3628 1721 3697 Post

972 3740 1039 3800 tres
1061 3757 1171 3800 versus
1188 3735 1317 3801 omnino
1333 3737 1491 3818 evanidos,
1508 3760 1538 3802 ν.
1555 3739 1576 3801 4
1596 3735 1633 3800 τ“ο
1658 3735 1718 3826 γάρ

972 3839 1131 3930 χρώμενον
1156 3839 1208 3904 καὶ
1232 3851 1360 3909 τοῦτο...
1383 3867 1413 3910 v.
1438 3846 1457 3908 5
1483 3841 1526 3929 μὴ
1552 3846 1584 3907 ἐν
1612 3847 1721 3927 ’πολλῷ

969 3948 1071 4038 ,χρόνῳ
1095 3951 1168 4015 κτλ.
1187 3951 1304 4017 -1.2
1328 3947 1382 4012 καί
1405 3954 1432 4014 εί
1456 3941 1493 4023 δή
1517 3973 1564 4025 τις
1589 3947 1720 4024 ἄλλος...

971 4057 1101 4148 λέγεται
1117 4055 1247 4146 τυχώνθ
1263 4093 1307 4108 ·-
1321 4060 1344 4124 l.
1365 4063 1404 4125 10
1420 4060 1493 4146 lege
1510 4057 1660 4147 ἐχομένῳ.
1682 4097 1721 4106 -

971 4167 995 4234 l.
1015 4169 1054 4233 15
1079 4168 1218 4234 succedit
1234 4167 1343 4234 Morus
1360 4173 1392 4233 et
1415 4167 1512 4252 incip.
1537 4167 1586 4230 ὅτι
1611 4157 1645 4230 δὲ
1668 4165 1722 4230 καὶ

973 4274 995 4342 S
1011 4297 1043 4359 p.
1061 4277 1104 4340 64
1124 4297 1155 4340 n.
1172 4293 1244 4340 v111.
1262 4311 1302 4324 -
1320 4275 1342 4341 l.
1363 4277 1403 4341 16
1425 4274 1507 4342 Mor.
1530 4271 1722 4362 ψυχιουλκῷ.

975 4419 1012 4430 -
1028 4384 1050 4448 l.
1068 4385 1108 4449 18
1125 4383 1205 4449 Mor.
1225 4376 1464 4471 ἀραχωρίζεται.
1483 4383 1505 4451 S
1525 4385 1541 4415 “
1554 4384 1627 4469 lege
1645 4384 1721 4444 ἀνα·

972 4483 1141 4580 χωρίζεται
1156 4543 1182 4573 ,.
1196 4527 1237 4540 -
1251 4493 1274 4558 l.
1288 4496 1341 4558 20.
1356 4492 1378 4560 S
1391 4485 1568 4568 ἐξελκύσας.
1580 4491 1723 4578 Bernoys

972 4592 1141 4677 ἐξείλκυσε.
1171 4601 1253 4668 Mor.
1277 4593 1477 4677 ἐξελκύσειεν.
1502 4637 1543 4652 -
1567 4601 1649 4668 Mor.
1673 4601 1721 4663 ὅτ’

973 4709 1081 4782 αὐτῆς.
1099 4709 1243 4794 Bernuys
1260 4705 1310 4770 ὑπ’
1336 4711 1445 4782 αὐτῆς.
1462 4741 1507 4759 -·-
1523 4709 1544 4775 l.
1570 4711 1623 4774 20.
1642 4707 1723 4774 Ber·

973 4839 1051 4902 noys
1068 4815 1238 4904 ἀκήρατον.
1253 4816 1397 4901 Pergunt
1413 4816 1494 4884 Mor.
1512 4815 1551 4882 S:
1570 4815 1719 4886 ἀκίνητον

972 4913 1103 4998 ἐνέδειξε
1119 4923 1157 4986 τὸ
1171 4931 1262 5008 σῶμα
1278 4923 1332 4986 καί
1349 4914 1475 4996 &dueta
1495 4923 1530 5006 (S
1542 4923 1606 5010 leg.
1621 4915 1722 4986 ἀύλα-

971 5023 1060 5115 θὲςθ)
1078 5025 1253 5120 σωζόμενον
1273 5029 1507 5104 ἀναισθητεῖν...
1522 5031 1631 5122 πρὸς...
1649 5055 1724 5122 γρα-

972 5139 1093 5227 φόντων
1120 5141 1274 5226 (Bernuys
1299 5139 1506 5212 ἀναισθητοῦν
1523 5127 1557 5204 δέ
1572 5140 1647 5230 πρὸς
1663 5138 1720 5216 τὰς

970 5246 1098 5338 πληγάς
1115 5255 1178 5311 τῶν
1195 5247 1412 5338 γναπτθντων.
1437 5249 1559 5316 Usener
1575 5246 1722 5320 ἀναισθη-

973 5365 1038 5421 τεῖν
1070 5355 1124 5420 καί
1156 5357 1230 5446 πρὸς
1262 5354 1389 5449 πληγάς
1419 5356 1578 5450 γναρέντα
1609 5355 1721 5449 ὁμοίως
