3944 6074
590 525 766 619 Remota,
787 523 923 616 circulo,
943 527 1077 618 triplice
1096 529 1167 604 οίίο
1185 535 1246 604 etc.
1641 539 1694 596 169

147 691 259 788 τράδος
284 697 500 787 ἐννεάσφαιρον
524 699 579 763 τόν
604 701 676 765 ὅλον
694 699 809 787 κόσμον
825 699 994 783 προσθεῖσα
1011 703 1048 766 τό
1064 703 1122 767 ὑπό
1140 703 1274 774 σελήνην
1299 707 1338 776 ὡς
1355 705 1470 791 λῆμμα
1494 715 1549 768 τοῦ
1566 705 1693 782 παντός·

149 807 230 897 μετά
254 797 287 872 δὲ
311 810 424 896 ἀμφοῖν
450 798 702 896 δωδεκάσφαιρον
726 800 880 893 διελοῦσα,
898 810 951 873 καὶ
975 810 1012 872 τό
1036 811 1095 874 ὑπο
1120 811 1254 882 σελήνην
1280 808 1361 873 αότά
1385 815 1415 874 ἐν
1441 814 1524 892 αύτῷ
1542 822 1695 901 στοιχεῖα,

151 916 204 981 καί
219 909 360 1002 ἐξάψασα
377 925 438 979 τῶν
457 906 578 980 δωδέκα
594 917 700 980 πάντα
719 915 806 981 θεῶν·
824 915 872 994 ούς
889 917 942 982 καί
958 922 973 981 6
991 921 1020 983 ἐν
1039 909 1166 1009 Φαίδρῳ
1185 917 1354 1008 Σωκράτης
1368 918 1525 1007 ήγεμύνας
1543 921 1698 992 ἐπέστησε

147 1033 224 1088 πᾶσι
246 1033 311 1098 τοῖς
335 1024 526 1113 ἐγκοσμίοις.

944 1341 950 1364 Ι

889 1357 961 1415 Ax.

195 1564 229 1626 ‘0
256 1561 310 1651 μέν
335 1562 447 1640 κύκλος
462 1561 486 1648 ¹)
511 1564 600 1630 εἰκών
625 1569 692 1630 ἐστι
713 1575 774 1630 νοῦ·
792 1565 875 1653 μένει
892 1565 951 1657 γάρ
969 1565 1053 1630 κατά
1069 1566 1106 1630 τό
1131 1567 1217 1642 ἐντός
1242 1570 1346 1650 αὐτοῦ,
1372 1566 1425 1632 καί
1449 1565 1586 1652 προεισὶν
1612 1565 1696 1632 κατὰ

148 1668 205 1746 τάς
229 1673 373 1760 γονίμους
397 1675 493 1736 αὐτοῦ
519 1664 671 1762 δυνάμεις·
698 1675 751 1738 καὶ
773 1676 951 1762 ἐπιστρέφει
967 1676 1168 1763 πρόςέαυτόν
1186 1675 1270 1740 κατά
1294 1674 1353 1748 τήν
1378 1673 1579 1764 πανταχόθεν
1604 1677 1698 1740 αότδν

149 1771 443 1867 περιλαμόάνουσαν
468 1781 580 1868 ὁμοίως
604 1791 733 1871 γνῶσιν·
758 1783 811 1846 καί
835 1785 872 1846 τό
898 1783 952 1870 μέν
977 1785 1120 1872 κέντρον,
1146 1781 1236 1848 εἰκὼν
1261 1793 1316 1846 τοῦ
1341 1788 1371 1848 ἐν
1397 1786 1482 1865 αύτῷ
1507 1792 1621 1854 νοητοῦ
1646 1782 1699 1846 καί

152 1890 281 1975 ἀμεροῦς
299 1889 352 1952 καί
368 1894 487 1977 ἐφετοῦ·
504 1895 536 1954 αἱ
553 1881 637 1954 δὲέκ
653 1901 707 1954 τοῦ
725 1891 852 1980 κέντρου
868 1892 1014 1980 γραμμαί
1030 1894 1164 1956 ἐοίκασιν
1182 1901 1250 1965 ταῖς
1269 1891 1402 1978 ἀπείροις
1421 1893 1514 1954 αὐτοῦ
1536 1880 1698 1979 δυνάμεσι,

151 1985 190 2056 δι’
216 1989 257 2058 ὧν
281 1995 416 2086 παράγει
439 2006 500 2061 πᾶν
524 1999 563 2061 τό
586 2001 617 2062 ἐν
641 2003 742 2082 ἐαυτῷ
767 1999 886 2075 πλῆθος
910 2009 973 2063 τῶν
994 2009 1126 2072 νοητῶν·
1143 2005 1163 2071 ή
1183 1991 1216 2064 δὲ
1232 1998 1408 2086 περιφέρεια
1434 1988 1473 2061 δι’
1498 1993 1534 2072 ής
1560 1999 1700 2061 συνελέσ-

152 2125 241 2166 σεται
271 2102 365 2166 πάλιν
390 2110 432 2178 είς
456 2107 493 2169 τό
518 2105 662 2195 κέντρον,
687 2107 741 2171 καί
764 2107 1008 2196 περιπτύσσεται
1031 2107 1231 2197 πανταχόθεν
1264 2109 1340 2172 αὐτὸ
1371 2118 1439 2183 ταῖς
1463 2108 1605 2180 νοήσεσιν
1630 2117 1699 2183 ταῖς

151 2215 192 2283 είς
209 2212 246 2274 τό
263 2208 294 2274 έν
310 2212 365 2275 καί
382 2214 419 2277 τό
436 2215 549 2284 νοητόν
568 2215 844 2304 ἑπεστραμμέναις·
863 2214 945 2304 μετά
963 2205 996 2280 δὲ
1012 2227 1091 2293 νοῦν,
1110 2217 1142 2280 ’όν
1160 2218 1231 2300 (fol.
1250 2219 1305 2299 52)
1330 2217 1455 2280 ...ἀπό
1472 2227 1523 2279 νοῦ
1540 2227 1699 2305 προϊοῦσα·

152 2323 361 2408 αί...ρεῖται
385 2321 438 2384 καὶ
462 2321 546 2386 κατά
571 2321 629 2393 τήν
655 2327 799 2389 αύτο...
824 2323 883 2394 τήν
908 2327 1033 2399 ἑαυτῆς·
1057 2323 1167 2399 καίὼς
1185 2324 1239 2412 μὲν
1258 2323 1412 2400 είκὼν.,.
1435 2322 1495 2396 τήν
1519 2328 1560 2399 είς
1585 2324 1699 2386 κύκλον

153 2427 262 2516 ἀνάγει
286 2427 420 2492 ΙΙλάτων
437 2483 444 2496 .
459 2482 488 2497 ..
514 2435 555 2504 εἰς
580 2429 721 2506 κύκλους·
740 2432 776 2494 τό
794 2422 940 2496 δυαδικόν
957 2433 1049 2496 καί..
1065 2457 1152 2509 .πον,
1171 2437 1247 2520 όμοῦ
1272 2441 1317 2513 τῷ
1341 2441 1433 2520 νοερῷ
1459 2425 1655 2519 συνθήματι.
1672 2479 1699 2495 ..

151 2540 191 2609 ὡς
216 2527 249 2599 δέ
273 2532 376 2624 ψυχήν
402 2540 608 2608 αύτοκίνητον
634 2533 727 2601 οὖσαν
742 2590 748 2601 .
764 2590 769 2601 .
784 2590 790 2602 .
805 2563 866 2628 φυη
893 2535 986 2616 ζωήν,
1006 2546 1045 2614 εἰς
1063 2544 1222 2630 τρίγωνον·
1246 2547 1277 2603 αἱ
1294 2539 1353 2631 γάρ
1377 2539 1509 2605 εὐθεῖαι.
1525 2563 1620 2603 ..ται
1644 2538 1701 2614 τάς

152 2638 240 2720 ζωάς·
266 2646 384 2720 κίνησις
402 2645 461 2734 γάρ
478 2639 540 2722 ζωή
559 2655 646 2710 πᾶσα
662 2700 669 2712 .
684 2699 691 2713 .
706 2699 713 2712 .
727 2645 816 2710 θόσον
834 2643 897 2726 ζωή
916 2651 1035 2722 κίνησις
1052 2642 1137 2724 οὖσα,
1155 2647 1279 2721 πάντως
1303 2640 1431 2732 ἔξοδ[ος]
1455 2646 1510 2710 καί
1533 2646 1613 2736 ῥύσις
1639 2647 1700 2708 ἀπό

153 2761 207 2813 τοῦ
234 2752 379 2841 μένοντος
403 2754 454 2816 ἐπί
470 2777 511 2815 τι·
528 2753 581 2816 καί
597 2751 721 2842 ή[μῶν]
741 2749 803 2833 ζωή
822 2754 925 2830 πάσης
943 2749 1019 2818 ούσα
1036 2751 1116 2833 ζωής
1135 2755 1259 2844 μέτρον,
1277 2759 1304 2818 εἰ
1327 2755 1380 2817 καί
1404 2777 1472 2817 κ...
1497 2758 1591 2831 ἐστιν,
1618 2754 1701 2818 ἀλλά

152 2859 381 2950 ἀπαρέγκλιτος
396 2862 525 2937 κίνησις,
543 2862 624 2926 ὥστε
641 2867 673 2926 ἐ.
689 2913 715 2925 ..
740 2866 871 2951 τριπλάς
890 2857 941 2926 ούν
959 2865 1074 2950 ἔχουσα
1092 2858 1172 2940 ζωάς
1190 2869 1208 2934 ή
1228 2859 1310 2950 ψυχή
1329 2861 1428 2951 τρισίν
1452 2860 1544 2936 θείαις
1561 2863 1702 2950 ὥρισται·

151 2964 282 3053 τριπλάς
307 2957 340 3030 δέ
364 2968 429 3055 ἔχει
453 2961 550 3047 ζωάς,
576 2967 691 3057 νοεράν,
718 2960 939 3048 διανοητικήν,
965 2961 1170 3045 δοξαστικήν·
1197 2968 1230 3044 ἀς
1252 2975 1309 3056 οὐχ
1333 2975 1373 3044 ὡς
1397 2967 1525 3057 γνώσεις
1553 2969 1701 3053 [νοήψσεις

153 3082 290 3155 σκοπεῖν,
315 3076 386 3136 ἀλλ’
411 3079 451 3148 ὡς
475 3076 610 3150 κινήσεις
635 3076 729 3163 μόνον
754 3069 903 3152 ζωτικάς·
929 3078 1096 3162 ήνωμένων
1121 3068 1154 3138 δέ
1179 3077 1333 3150 ἀλλήλαις
1362 3075 1492 3158 τούτοιν,
1517 3075 1571 3138 καὶ
1593 3083 1700 3138 πασῶν

153 3181 385 3270 συμφυομένων,
411 3193 468 3258 τῆς
492 3182 626 3258 ἑνώσεως
651 3184 740 3248 εἰκὼν
764 3190 783 3257 ή
810 3187 907 3274 γωνία
931 3185 1102 3274 γενομένη,
1126 3185 1164 3246 τό
1189 3185 1339 3273 τρίγοινον
1365 3184 1572 3258 ἀπετέλεσεν,
1597 3182 1701 3246 εἰκόνα

153 3285 265 3377 ψυχῆς·
291 3290 345 3352 καί
369 3289 429 3379 γάρ
454 3300 499 3372 τῷ
523 3301 617 3378 νοερῷ
635 3303 792 3364 συνῆπται
808 3294 844 3354 τό
863 3283 1071 3366 διανοητικόν,
1090 3283 1257 3379 δεχόμενον
1276 3295 1347 3379 παρ’
1367 3294 1461 3353 αὐτοῦ
1485 3289 1545 3360 τήν
1569 3291 1701 3362 κίνησιν·

152 3396 205 3459 καί
227 3395 311 3486 παρά
335 3397 449 3462 τούτου
474 3399 510 3462 τό
537 3391 721 3474 δοξαστικὸν
746 3390 915 3486 δεχόμενον
940 3399 1086 3474 ὡσαύτως
1111 3398 1170 3468 τήν
1195 3400 1326 3478 κίνησιν,
1352 3398 1418 3485 ἔχει
1441 3397 1500 3466 τήν
1525 3398 1599 3486 πρός
1624 3398 1701 3461 αὐτὸ

153 3505 301 3590 συναφήν·
325 3506 379 3568 καί
403 3496 441 3576 δή
467 3505 574 3570 καὶτὸ
592 3497 776 3582 δοξαστικὸν
795 3509 856 3570 ἀπὸ
874 3518 928 3571 τοῦ
947 3519 1050 3596 νοεροῦ
1076 3509 1144 3596 ὅρον
1169 3509 1252 3594 έχον,
1277 3507 1492 3596 έπέστραπται
1514 3508 1588 3596 πρὸς
1614 3506 1700 3569 αύτό·

153 3615 168 3673 ὁ
192 3612 281 3688 τέλος
297 3614 327 3700 ἐ),
346 3613 427 3703 ἀρχή
454 3613 619 3678 συνάπτον·
637 3615 690 3678 καί
707 3615 803 3689 οὕτως
820 3613 861 3678 τά
877 3615 983 3678 πάντα
1000 3617 1151 3690 ἀλλήλοις
1173 3615 1355 3702 συνημμένα
1380 3617 1528 3703 τρίγωνον
1554 3617 1705 3678 ἀποτελεῖ

153 3717 211 3787 τήν
237 3720 313 3790 ὃλην
338 3715 441 3806 ψυχήν
467 3724 508 3795 εἰς
532 3719 648 3792 ἑαυτήν
673 3719 886 3789 συννεύουσαν.
913 3727 947 3785 Εἰ
973 3713 1006 3787 δέ
1031 3723 1145 3807 βούλει,
1163 3723 1215 3786 καί
1232 3723 1362 3802 ταύτης,
1383 3724 1418 3784 τό
1440 3721 1495 3809 μέν
1520 3721 1552 3785 ’όν
1578 3732 1703 3786 σκοπεῖν

153 3823 236 3889 κατά
261 3826 298 3889 τό
322 3816 491 3915 τριαδικόν·
515 3827 575 3898 τήν
601 3821 634 3893 δὲ
657 3823 751 3906 ζωήν,
775 3829 861 3894 κατά
878 3830 914 3894 τό
938 3821 1132 3920 τετραδικόν·
1158 3831 1213 3895 τόν
1232 3822 1266 3894 δέ
1281 3839 1362 3906 νοῦν,
1388 3829 1472 3894 κατά
1496 3831 1565 3914 (fol.
1591 3833 1632 3896 52
1658 3835 1702 3914 ν.)

155 3985 162 4000 .
178 3985 184 3998 .
200 3925 315 3999 ,οὖσαν
340 3933 459 3998 είκόνα.
472 3984 493 3998 ..
520 3926 553 4001 δέ
575 3947 645 4011 ταῖς
661 3928 802 4026 προύδοις
820 3962 870 4027 τρι
886 3992 892 4005 .
907 3992 913 4006 .
929 3991 936 4006 .
952 3963 996 4028 ροι
1019 3938 1078 4031 γάρ
1104 3937 1218 4003 εὐθεῖαι
1234 3949 1297 4002 τῶν
1313 3962 1421 4028 προ...
1439 3937 1473 4013 ἀς
1491 3939 1527 4002 τό
1553 3939 1702 4027 τρίγωνον

153 4041 228 4104 ὥστ’
247 4046 286 4106 εί.
298 4091 321 4104 ..
347 4043 528 4133 τριγωνικόν
547 4044 647 4130 ταύτῃ
666 4055 780 4110 τῶν...
804 4046 1022 4112 πλεονάσασαν
1039 4047 1093 4110 καί
1110 4039 1160 4111 διά
1178 4058 1281 4110 ταῦτα
1298 4045 1526 4136 ἄρα...γώνων
1550 4049 1660 4136 πληγῇ
1677 4045 1702 4127 ⁸)

154 4147 208 4210 καί
231 4149 334 4225 πάσης
360 4144 638 4242 ζωής...όγωνο’ν
663 4156 747 4218 ἐστιν
780 4160 910 4219 οἰκεῖον·
935 4162 974 4229 ὡς
999 4161 1014 4218 6
1039 4155 1215 4230 κύκλος...
1239 4165 1297 4230 τῆς
1330 4153 1387 4236 θεῷ
1410 4163 1456 4236 τῷ
1488 4153 1699 4243 ἀγκυλομθτῃ

154 4257 316 4344 φα[νέντι],
342 4261 418 4347 ἀμφ’
444 4253 486 4322 ὧν
510 4261 563 4323 καὶ
587 4261 628 4324 τά
654 4263 901 4350 ἀποτελέσματα
924 4265 1061 4352 πρόεισιν
1077 4317 1084 4331 .
1100 4289 1178 4330 ..αν
1204 4255 1237 4328 δέ
1260 4263 1358 4326 όντων
1383 4271 1445 4326 τῶν
1470 4261 1639 4352 τριγώνων,
1665 4261 1703 4322 τό

156 4363 210 4451 μέν
236 4365 425 4455 ἰσόπλευρον,
443 4372 483 4442 ὡς
508 4369 560 4430 καί
577 4369 774 4458 Ξενοκράτης
791 4371 910 4463 ἔλεγεν,
928 4375 1049 4436 ἀνεῖται
1065 4382 1134 4448 ταῖς
1158 4371 1253 4445 θείαις
1272 4373 1370 4456 [πᾶσι]
1397 4367 1509 4459 ψυχαῖς
1534 4376 1573 4445 ὡς
1597 4377 1642 4450 τῷ
1659 4365 1704 4430 ἑνί

154 4475 412 4561 κεκρατημέναις·
437 4481 457 4548 ή
483 4473 543 4566 γάρ
562 4477 678 4557 ίσύτης,
696 4476 805 4554 ἑνότης
823 4482 918 4561 ἐστιν,
936 4471 983 4544 διὸ
1000 4481 1053 4545 καί
1071 4479 1149 4544 θεῖαι
1167 4484 1347 4543 καλοῦνται·
1366 4479 1402 4542 τό
1421 4477 1480 4567 γάρ
1498 4476 1528 4542 έν
1554 4475 1703 4548 θεότητος

154 4569 248 4655 ἴδιον,
273 4572 379 4652 ἐπειδή
406 4573 440 4646 δέ
464 4585 519 4645 οὐκ
542 4578 580 4656 ήν
605 4583 681 4646 αὐτὸ
695 4581 721 4664 ⁴)
746 4586 777 4648 ἐν
802 4581 913 4674 ψυχαῖς
938 4587 987 4670 ἐν,
1012 4587 1095 4653 ἀλλά
1124 4589 1336 4678 μετεχόμενον
1361 4588 1419 4650 ὑπό
1452 4596 1507 4649 τοῦ
1538 4589 1569 4649 ἐν
1594 4587 1703 4658 αὐταῖς

154 4685 303 4764 πλήθους,
329 4688 434 4764 ἰσότης
457 4695 476 4762 ή
502 4690 611 4766 ἑνότης
635 4694 798 4782 γενομένη,
822 4704 891 4768 ταῖς
915 4693 1113 4783 πανταχόθεν
1130 4693 1370 4783 ἐκτεθεωμέναις
1392 4691 1515 4781 ψυχαῖς·
1541 4689 1595 4755 καί
1617 4688 1703 4753 κατά

155 4794 254 4869 πάσας
280 4794 335 4872 τάς
361 4791 456 4879 ζωάς,
481 4799 518 4862 τὸ
542 4799 741 4888 πανταχόθεν
767 4804 831 4866 ἴσον
856 4794 1053 4867 ἀποδέδωκεν
1078 4805 1227 4894 τρίγωνον
1253 4794 1292 4864 δι’
1317 4795 1358 4864 ὧν
1391 4801 1444 4864 καί
1475 4789 1549 4864 τόδε
1580 4799 1617 4863 τό
1642 4806 1704 4861 πᾶν

155 4903 308 4968 ἐκθεοῦσιν
326 4902 383 4981 τάς
400 4905 454 4995 μέν
473 4908 619 4990 κινήσεις,
637 4919 704 4984 ταῖς
724 4909 864 4986 εὐθείαις·
882 4909 938 4986 τάς
956 4901 989 4974 δέ
1006 4907 1137 4998 συνοχάς
1154 4919 1216 4973 τῶν
1235 4907 1397 4988 κινήσεων,
1414 4917 1484 4981 ταῖς
1501 4906 1636 4996 γωνίαις.
1661 4939 1704 4954 -

193 5169 215 5243 ¹)
234 5171 347 5229 Locum
367 5172 492 5231 adduxit
510 5175 608 5240 Maius
621 5177 666 5236 De
679 5179 794 5250 republ.
815 5179 860 5236 ed.
880 5197 901 5251 1,
993 5175 1016 5250 ²)
1036 5174 1105 5234 cod.
1124 5173 1252 5247 primum
1272 5177 1311 5228 ὅτι
1330 5174 1414 5246 λόγος.

154 5261 223 5327 226;
243 5276 275 5332 11,
294 5263 388 5318 22711.
402 5266 426 5318 1.
439 5264 549 5339 Μοῖρα
565 5271 595 5318 Ὁ
610 5271 653 5338 μέν
672 5265 710 5321 οὖν
730 5271 828 5332 κύκλος.
848 5271 903 5326 Le·
994 5267 1017 5340 3)
1036 5264 1081 5320 Id.
1099 5263 1168 5319 fort.
1188 5269 1267 5338 πηγῇ.

156 5352 248 5425 gebat
267 5357 410 5425 ἐφετοῦ...
430 5357 560 5428 πιριφερία
571 5397 576 5410 .
589 5396 612 5410 ..
993 5357 1017 5432 ⁴)
1037 5357 1075 5413 In
1092 5373 1186 5428 marg.
1207 5357 1228 5408 ἓν
1249 5357 1285 5410 τό.

299 5479 395 5536 Am.
413 5495 441 5554 ν,
461 5480 519 5536 11*.
