3940 6072
811 550 1009 629 occeano.
1631 559 1683 616 301
1766 571 1768 576 ·

134 734 268 805 πλησίον
293 731 406 822 ἀρεως,
430 729 625 818 ἀντίστροφος
649 725 691 791 ὢν
716 728 827 791 αὑτοῦ·
852 725 906 791 καί
928 729 944 789 δ
968 725 1074 814 κρόνος
1099 728 1130 792 ἐν
1154 735 1200 808 τῷ
1224 715 1381 814 ὐδροχδῳ,
1408 725 1451 814 μὴ
1481 727 1561 814 ἔχων
1587 723 1683 791 ἄλλον

136 842 251 917 τόπον,
276 837 413 928 ἐφθάσθη
440 839 499 903 ort
523 837 580 912 τάς
604 838 694 911 ἠλίου
720 832 837 926 αὺγάς,
861 834 915 899 καί
938 833 1014 906 ἐκάη
1041 834 1094 898 καί
1117 828 1288 916 ἐξηράνθη·
1312 835 1366 900 καί
1389 826 1440 899 δεδι
1469 845 1564 900 τοῦτο
1589 835 1684 924 μέλας

136 947 270 1038 ἐγένετο.
296 946 358 1012 Καὶ
380 947 468 1011 ἕνεκα
493 944 596 1009 τούτω
619 945 717 1033 ἔλαχε
740 941 812 1018 τοὺς
837 933 857 1007 ε’
876 945 1008 1032 ἀστέρας
1025 940 1084 1006 ἀνὰ
1101 933 1155 1007 δύο
1173 944 1274 1020 οἴκων,
1299 944 1354 1007 τὸν
1380 933 1413 1008 δὲ
1436 944 1524 1017 ἥλιον
1549 942 1603 1006 καί
1625 941 1684 1014 τὴν

140 1057 277 1130 σελήνην
302 1055 364 1120 ἀπὸ
388 1055 452 1130 ἑνδς
477 1055 570 1120 οἴκου.

184 1155 316 1229 Είδοῦσα
340 1155 416 1236 δέη
442 1162 560 1235 σελήνη
586 1159 646 1232 τὴν
672 1159 864 1250 μετάστασιν
882 1169 944 1224 τῶν
962 1159 1110 1249 ἀστέρων,
1127 1159 1212 1224 κατά
1237 1161 1345 1250 μικρὸν
1370 1159 1538 1250 καταφέρει
1561 1160 1599 1224 rh
1624 1167 1686 1249 φῶς

140 1271 156 1338 θ
181 1266 262 1360 εἶχεν
287 1271 338 1336 ἐπὶ
361 1280 416 1335 τοῦ
441 1268 541 1335 νώτου
566 1271 682 1344 αὐτῆς,
707 1269 857 1358 φαίνουσα
880 1267 954 1356 πρδς
978 1265 1037 1337 τὴν
1061 1276 1139 1358 γῆν,
1165 1265 1218 1330 καί
1247 1267 1327 1355 μετὰ
1352 1269 1389 1332 rh
1413 1265 1557 1357 γενέσθαι
1587 1265 1687 1337 αὐτὴν

140 1383 275 1460 τέλειαν,
298 1377 397 1469 ἤγουν
421 1379 627 1461 πανσέληνον,
651 1380 803 1460 ἐκίνησεν,
820 1377 874 1440 καί
892 1375 971 1447 αι’ντλ
991 1367 1134 1466 δρομαία,
1152 1370 1353 1442 ἀναλαθοῦσα
1376 1376 1471 1442 πάλιν
1496 1375 1512 1440 θ
1536 1374 1688 1464 κατέφερε

142 1497 204 1577 φῶς
221 1485 271 1551 ἐπί
283 1495 338 1551 τοῦ
351 1483 452 1550 νώτου
469 1489 577 1561 αὐτῆς,
593 1485 649 1562 ἕως
663 1477 819 1574 προέλαθε
837 1484 891 1548 τὀν
908 1485 1007 1561 ἥλιον,
1022 1484 1197 1573 ἀφώτιστος
1214 1478 1300 1550 οὖσα.
1314 1479 1393 1550 Εἶτα
1408 1484 1578 1574 καταφέρει
1593 1483 1687 1548 πάλιν

138 1596 175 1660 rh
189 1604 251 1684 φῶς
264 1596 361 1668 αὐτῆς
373 1594 448 1682 πρὸς
460 1591 520 1666 τὴν
534 1603 606 1682 γῆν,
618 1593 770 1682 φαίνουσα
783 1591 837 1656 καὶ
849 1584 1065 1682 ὁξυπορωτέρα
1078 1591 1202 1683 ἐγένετο
1219 1591 1304 1682 παρά
1319 1591 1440 1667 πάντας
1458 1591 1529 1668 τοὺς
1542 1591 1686 1681 ἀστέρας,

138 1704 357 1793 καταφέρουσα
382 1701 490 1791 μικρὸν
515 1702 569 1765 καί
592 1701 787 1792 ἀναφέρουσα
809 1699 847 1764 rh
872 1709 934 1788 φῶς
957 1704 1066 1784 αὐτῆς,
1090 1701 1107 1765 d
1131 1700 1183 1764 ἀπ’
1208 1705 1307 1791 ἀρχῆς
1331 1693 1426 1768 ἔλαθε
1448 1698 1533 1790 παραὶ
1556 1708 1602 1783 τῷ
1627 1691 1687 1772 δη-

138 1820 285 1902 μιουργῷ.
312 1811 372 1875 Καί
395 1813 516 1900 ἐμεῐνον
541 1808 583 1875 ri
607 1810 649 1894 ιβ’
671 1801 769 1888 ζώδια
794 1810 931 1881 ἀκίνητα
954 1807 1008 1873 σὺν
1032 1817 1077 1891 τῷ
1102 1810 1243 1899 μεγίστῳ
1267 1801 1425 1898 δράκοντι,
1443 1809 1536 1899 μέχρι
1558 1812 1685 1874 πολλῶν

138 1911 287 2012 περιόδων
311 1927 374 1983 τῶν
398 1919 480 1984 έπτα
504 1919 652 2007 ἀστέρων,
677 1917 732 1992 έως
757 1918 894 1988 ἔστησαν
918 1920 949 1982 ἐν
973 1925 1038 1992 τοῖς
1064 1907 1150 1993 ίδίοις
1174 1915 1329 2008 δψώμασι.

184 2029 296 2116 Pergit
319 2029 477 2115 pardulio
500 2031 542 2095 59
567 2027 744 2094 Chaldaeus
772 2015 921 2116 ῥαψῳδὸς,
945 2031 978 2092 et
1001 2027 1027 2092 si
1051 2048 1115 2111 qua
1137 2011 1214 2092 fides
1237 2027 1429 2093 enarrationi
1454 2027 1689 2110 sapientissimi

145 2140 219 2218 oiri,
233 2159 270 2204 cn
282 2141 357 2202 suut
373 2135 603 2202 Chaldaeorum
615 2136 794 2217 peritorum
811 2140 840 2200 et
855 2135 1102 2201 scitissimornm
1112 2134 1236 2218 piacita
1253 2141 1282 2201 ct
1287 2141 1469 2217 praecepto,
1483 2134 1521 2200 ds
1533 2139 1689 2218 conceptu

145 2251 178 2312 ct
200 2251 274 2312 ortu
297 2246 447 2326 humano,
471 2247 508 2310 ut
531 2245 591 2310 nisi
614 2243 787 2331 diligenter
813 2241 1053 2308 considerentur
1074 2243 1203 2329 singula
1225 2243 1428 2328 planetarum
1452 2242 1538 2324 locu,
1562 2241 1691 2334 singula

143 2353 262 2420 zodiaci
286 2351 446 2433 animalia,
469 2351 546 2418 solis
569 2356 603 2417 ct
625 2351 721 2416 lunas
744 2371 926 2429 concursus,
951 2350 984 2414 iu
1008 2349 1118 2434 primis
1141 2350 1255 2416 solaris
1275 2349 1457 2436 triangulos
1480 2350 1565 2416 inter
1587 2337 1686 2428 ζώδια

140 2457 363 2547 πολυανάφορα
387 2464 420 2525 et
442 2461 505 2526 alia
527 2455 768 2548 δλιγοανάφορα,
793 2457 971 2541 periculum
986 2459 1029 2524 sit
1044 2481 1084 2524 ne
1107 2459 1241 2540 oriatur,
1264 2480 1323 2543 pro
1346 2458 1486 2524 formoso
1505 2479 1614 2543 puero,
1631 2459 1684 2524 dc·

143 2571 254 2636 formis
277 2569 450 2648 abortivus,
467 2572 524 2634 aut
538 2567 699 2633 belluinus
721 2568 979 2654 ἐκτρωματιαῑος,
995 2567 1093 2632 immo
1108 2567 1246 2632 immane
1270 2571 1465 2647 monstrumr
1489 2566 1604 2652 quibus
1627 2565 1685 2631 ho·

143 2678 282 2763 roscopis
306 2675 438 2744 Proclus
461 2677 558 2759 addit,
582 2698 654 2773 oum
678 2673 867 2741 Socrate.et
889 2674 1036 2757 Platone,
1052 2675 1271 2742 necessitatem
1292 2674 1493 2762 intelligendi
1516 2695 1686 2740 numerum

145 2787 387 2875 geometricum,
410 2785 461 2852 vel
484 2785 595 2873 gnaris
617 2785 865 2874 ignotissimum.

458 3321 747 3391 PTOLEMAEUS
771 3323 826 3389 ΕΤ
850 3321 1002 3390 ΤΗΕΟΝ
1026 3321 1374 3390 ALEXANDRINUS

364 3541 401 3606 in
424 3539 553 3607 scholiis
575 3539 620 3606 ad
644 3539 794 3606 Pretium
819 3536 891 3628 Περί
914 3545 977 3601 τῶν
1002 3539 1236 3625 ἀστρονομικῶν
1260 3531 1433 3600 ὑποθέσεων
1449 3533 1473 3620 ¹)

173 3788 195 3846 f.
216 3787 268 3845 173
281 3807 310 3846 v.
320 3787 416 3846 Paulo
428 3792 497 3862 post
509 3787 628 3844 initium
641 3786 680 3845 ad
692 3787 768 3844 haec
780 3785 888 3844 verba:
943 3788 976 3842 '0
997 3793 1022 3842 δέ
1038 3794 1105 3841 κατὰ
1118 3788 1271 3862 Αἰγυπτίους
1285 3773 1327 3850 τῖε
1340 3789 1422 3858 μόνον,
1436 3793 1479 3841 καί
1495 3789 1532 3840 δτι
1551 3793 1618 3840 κατά
1638 3807 1692 3840 τεσ-

141 3883 175 3933 Τδ
189 3882 233 3951 μίν
248 3887 295 3952 γαρ
307 3879 352 3936 τὴν
367 3881 471 3936 οιλῆνην
491 3877 553 3933 circu
570 3881 774 3952 πιριγειωτάτην.
792 3907 829 3920 -
847 3875 888 3928 Ἐν
943 3899 1007 3952 capu
1021 3879 1063 3935 ίτη
1078 3880 1090 3930 δ
1104 3877 1161 3930 κατ’
1176 3879 1327 3951 Αἰγυπτίους
1340 3878 1434 3948 ἡμέρας
1448 3883 1507 3947 μιᾶς
1520 3873 1692 3948 προλαμθάνει

139 3975 175 4042 τῷ
195 3971 229 4045 r(
250 3968 339 4041 βιδλίφ
351 3975 396 4032 τῆς
410 3971 546 4033 συντάξεως
557 3969 581 4044 ²)
592 3972 678 4024 λύεται
694 3973 775 4038 τοῦτο,
789 3973 835 4026 ὅτι,
845 3971 888 4026 οὐκ
944 3975 985 4024 τάν
996 3967 1270 4036 κατάἋλεξανδρείαν.
1285 3972 1358 4020 Κατὰ
1368 3970 1393 4020 δέ
1405 3971 1475 4035 χίλια
1488 3969 1636 4040 τιτρανιίσια
1649 3968 1691 4024 im

140 4064 198 4114 εἰσίν
217 4062 240 4114 ἐν
260 4064 294 4114 ἐνί
313 4061 421 4130 ἐπιειίδιρ
441 4062 453 4113 i
472 4062 539 4122 ἥλιος
559 4067 602 4114 καί
625 4063 641 4117 ir
672 4063 793 4132 ἀφροδίτη
813 4063 888 4114 acii
943 4065 986 4114 καί
1004 4058 1124 4122 ἐξήκοντα
1143 4045 1188 4120 τξῖ
1203 4057 1306 4129 ὴμέρας,
1326 4057 1439 4111 τουτέστι
1461 4057 1518 4110 κατ’
1539 4059 1690 4130 Αἰγυπτίους

140 4151 223 4221 ίρμῆς,
243 4150 318 4206 irinc
336 4149 366 4203 ἀν
384 4155 430 4211 τάς
449 4154 509 4222 πρὸς
528 4151 602 4204 αὐτὸν
627 4153 747 4205 ποιῶνται
766 4153 888 4219 συνόδους,
943 4152 1050 4204 ἐνιαυτὸν
1070 4150 1119 4202 iun·
1140 4155 1182 4202 καί
1201 4152 1277 4201 πάλιν
1296 4152 1351 4218 ἅμα
1364 4152 1459 4200 ποιεῦσι
1472 4150 1498 4201 σί
1514 4167 1541 4201 τε
1560 4154 1627 4200 κατὰ
1646 4149 1691 4204 τλν

141 4245 183 4291 καί
203 4241 240 4292 ὅτι
254 4239 395 4313 ἐγκέκλιται
408 4245 478 4310 παρὰ
491 4244 531 4294 τὸν
545 4243 586 4292 διά
600 4240 681 4311 μέσων
695 4249 727 4294 τά
739 4243 789 4293 τῶν
808 4239 890 4294 irrisi·
943 4241 1132 4312 Ἀλεξανδρείαν
1152 4245 1194 4292 καί
1207 4245 1274 4292 κατὰ
1285 4241 1331 4297 τὴν
1345 4239 1472 4312 Αἴγυπτον
1486 4240 1529 4296 τὴν
1550 4239 1629 4310 ἀρχὴν
1648 4241 1691 4292 τοῦ

140 4335 206 4379 κλων
223 4329 304 4382 αὐτῶν
319 4330 427 4403 ἀπόγεια
440 4335 482 4383 καί
495 4331 608 4403 περίγεια
620 4330 790 4400 λελοξαμίνων
804 4332 887 4384 ὄντων.
943 4329 1052 4385 ἐνιαυτοῦ
1072 4337 1114 4384 καί
1127 4329 1181 4392 ibic
1195 4334 1239 4391 τῆς
1251 4330 1346 4401 ὴμέρας
1360 4335 1403 4383 καί
1417 4332 1472 4390 τοὺς
1486 4334 1567 4401 μῆνας
1580 4335 1623 4384 καὶ
1637 4332 1691 4392 τοὺς

177 4415 261 4474 Circa
272 4417 404 4474 modium
416 4416 455 4473 ad
467 4418 573 4476 verba:
588 4421 731 4490 Εὑρὶακουσι
750 4425 790 4474 τάν
803 4421 888 4492 χρόνον
942 4420 1000 4474 κατ’
1019 4422 1159 4494 Αἰγιίπτους
1178 4421 1278 4491 χρόνους
1292 4421 1347 4472 α’λαν
1361 4420 1468 4473 ἐνιαυτὸν
1487 4419 1690 4490 προσειληφότες,

140 4503 163 4558 ἐν
185 4504 203 4578 ᾧ
224 4509 235 4560 δ
254 4509 323 4569 ἥλιος
343 4511 392 4561 ἀπδ
413 4511 455 4560 rui
474 4508 549 4562 αὑτοῦ
568 4511 724 4581 σημείου...
941 4519 985 4583 καί
1004 4514 1027 4565 ἐν
1047 4515 1080 4582 τῇ
1098 4515 1165 4583 ἀρχῇ
1183 4513 1257 4564 πάλιν
1271 4513 1314 4563 τοῦ
1327 4508 1381 4571 itur
1401 4511 1510 4564 ίνιαυτσδ
1529 4513 1648 4580 ἀρχανται
1667 4513 1690 4562 ci

176 4595 266 4649 Ἰστίον
286 4600 325 4650 δτι
344 4597 356 4650 δ
374 4597 430 4650 καθ’
445 4597 572 4660 Ἕλληνας
591 4601 667 4673 ἤγουν
686 4606 754 4653 κατά
770 4599 889 4664 Ἀλιξαν·
943 4603 1075 4675 Αίγίπτιοι
1088 4604 1124 4671 τῷ
1138 4604 1250 4671 τετάρτω
1263 4603 1307 4662 τῆς
1319 4599 1414 4670 ἡμέρας
1427 4595 1564 4669 rupitne
1578 4602 1621 4650 καί
1634 4596 1688 4658 liic

140 4689 221 4758 δριίαν
241 4689 414 4760 ἀναδιδόμενος
429 4689 534 4751 ἐνιαυτὸς
548 4691 609 4761 ἡμῖν
622 4693 674 4744 ίστι
686 4693 784 4763 ἀμερῶν
799 4679 841 4755 cfr
859 4693 888 4746 d'.
944 4697 1018 4746 πάλιν
1039 4693 1185 4759 ἀκολούθως,
1200 4697 1265 4744 aoth
1279 4695 1352 4764 φησίν
1366 4689 1433 4742 θέων
1447 4691 1460 4742 δ
1473 4685 1669 4760 Ἀλεξανδρεύς8

176 4939 198 5013 ¹)
208 4939 255 4997 Ex
263 4940 368 4998 codem
380 4948 544 5000 memorato
556 4942 650 5000 Vatic.
665 4945 716 5001 191
727 4962 754 5018 p.
764 4945 808 5002 51.
821 4945 884 5002 Ali·
938 4942 1030 5001 editio
1042 4940 1111 5000 libri
1123 4943 1155 4999 in
1167 4959 1226 5014 quo
1239 4941 1324 4998 docte
1334 4939 1529 4998 conferuntur
1541 4955 1560 4994 a
1571 4935 1688 5008 Proclo,

138 5033 185 5086 tor
212 5046 272 5086 non
300 5029 421 5102 expedit
448 5030 568 5104 signare
595 5037 714 5090 veteres
743 5033 887 5092 editiones
942 5033 1145 5100 Aristarchus,
1160 5031 1358 5105 Hipparchus,
1372 5029 1574 5100 Ptolemaeus,
1593 5027 1689 5084 'Phoc-

138 5118 334 5176 Prcciiooae'
338 5121 573 5183 trecensium
539 5143 587 5175 των
602 5125 787 5194 ἀστρονομοιων
804 5127 889 5178 treci·
943 5124 1055 5193 dusius,
1076 5123 1188 5195 Theon,
1207 5123 1297 5191 Herc,
1317 5121 1376 5177 alii.

140 5209 889 5289 crcv‚quseprodiernnta1498‚1540,1541‚qna·
978 5213 1003 5287 ¹)
1028 5212 1174 5270 Videlicet
1201 5210 1358 5284 respicitur
1383 5211 1498 5281 Μαρπα
1525 5205 1692 5264 Ptolemaei

140 5299 381 5357 rumuuliacsse
394 5299 889 5376 admanumnostrumpctuitEx
943 5303 1137 5361 Omrstrnotto.
1722 5289 1723 5292 ¹

139 5389 246 5448 multis
265 5394 296 5447 et
309 5389 429 5464 optimis
443 5388 595 5450 codicibus
609 5391 798 5452 desideratur
810 5411 889 5453 nova
978 5375 1149 5467 ³)Vscuuru
1167 5406 1235 5465 pag.
1246 5387 1377 5463 spatium
1395 5386 1482 5461 plura
1498 5403 1558 5444 nou
1575 5383 1691 5460 recipit.
