4006 6074
813 473 853 552 C.
889 477 929 554 V.
960 475 1149 573 Aquiliana
1175 475 1349 554 Jaoorreas

588 650 669 718 Post
691 651 824 735 cladem,
848 658 976 720 eentum
999 655 1127 721 fuerant
1149 677 1212 741 qua
1225 651 1250 736 ι)
1275 655 1377 723 millia
1399 655 1486 722 ferro

587 760 636 828 Ao
659 760 709 827 bis
731 761 812 828 dena
834 762 948 830 simul:
971 783 1122 830 numerus
1145 764 1198 830 hio
1221 765 1307 832 bella
1328 765 1478 844 novabat,¹

588 867 651 935 Sed
672 869 795 935 meritis
818 870 929 937 innixa
950 870 1015 937 suis
1039 891 1117 956 gens
1140 872 1278 940 oonoidit
1300 873 1403 940 omnis
1414 868 1452 954 ¹).

586 977 727 1044 Zebaeus
750 977 874 1059 ductor,
899 983 972 1064 post
995 979 1107 1046 lunera
1129 985 1221 1048 tenta
1243 1003 1384 1062 suorum,

518 1078 560 1117 ³⁷⁵
583 1084 627 1150 Et
650 1085 800 1153 Selmena
822 1086 909 1172 fugit
922 1083 966 1170 8);
989 1110 1065 1154 nam
1088 1110 1179 1155 mens
1200 1089 1303 1156 evicta
1324 1089 1446 1174 periclo

588 1191 710 1274 Haesit,
732 1193 774 1260 ad
796 1198 940 1261 extrema
962 1195 1091 1261 veniens
1114 1195 1253 1262 ludibria
1275 1197 1381 1264 sortis.

583 1299 669 1366 Nam
693 1307 803 1387 captos
827 1303 949 1388 pariter
972 1302 1100 1370 Gedoon
1122 1326 1181 1390 per
1203 1304 1331 1390 singula
1353 1303 1441 1372 duait

583 1406 796 1495 Ostentatque
818 1412 906 1494 viris,
928 1412 985 1498 qui
1007 1413 1126 1480 dudum
1149 1433 1313 1480 murmure
1336 1413 1415 1480 duro

581 1513 812 1602 Poscentum⁴)
835 1520 938 1587 victus
961 1519 1085 1588 stolidis
1109 1521 1206 1588 risere
1229 1521 1401 1588 oaehinnis.

518 1619 560 1657 ³⁸⁰
584 1624 653 1693 Neo
677 1649 784 1694 mora:
808 1650 868 1714 per
889 1625 1033 1711 sentes5)
1058 1633 1229 1714 raptantur
1251 1629 1406 1712 membra,
1428 1632 1579 1696 nocentes

582 1735 768 1820 Intonsique
791 1737 896 1802 virum
919 1741 1068 1804 rotantur
1090 1738 1245 1824 sanguine
1268 1738 1382 1804 dumis.

586 1841 671 1919 Quin
693 1849 731 1910 nt
744 1840 769 1925 ⁶)
792 1867 894 1930 neque
917 1845 1024 1912 forent
1047 1845 1174 1913 sceleris
1197 1847 1334 1933 vestigia
1357 1847 1450 1928 tenti,

582 1950 669 2017 Urbs
692 1951 779 2019 ferro
802 1954 955 2020 subversa
978 1953 1054 2036 ruit,
1078 1959 1248 2039 turresque
1270 1953 1409 2021 minaces

584 2058 760 2126 Consulens
783 2061 912 2145 penitus
934 2061 1065 2148 longam
1089 2066 1215 2128 traxere
1237 2062 1375 2129 ruinam.

518 2161 561 2200 ³⁸⁵
584 2165 662 2234 Post
685 2188 779 2255 reges
802 2168 892 2236 iubet
914 2191 981 2236 esse
1004 2170 1121 2254 palam,
1146 2189 1225 2255 quos
1248 2171 1387 2254 undique
1410 2170 1506 2237 turba

581 2275 730 2344 Mimntia
752 2276 873 2345 claudit
896 2277 1024 2364 populi:
1049 2283 1119 2344 tum
1142 2279 1247 2345 dioere
1265 2279 1362 2364 jussit

584 2384 671 2461 Quot
693 2387 868 2470 alquanto
890 2386 975 2452 viros
998 2387 1185 2452 stravissent
1208 2387 1302 2453 oaede
1324 2387 1453 2473 superbi

584 2492 656 2570 Qua
677 2491 795 2559 Iudaea
818 2494 919 2580 perit:
944 2499 1051 2562 tantos
1073 2495 1181 2562 dixere
1205 2494 1304 2562 fuisse

579 2600 625 2666 Ut
647 2622 761 2687 regum
774 2595 800 2682 ⁷)
824 2605 917 2668 natos
940 2601 1117 2668 formarum
1140 2601 1289 2687 perderet
1311 2602 1417 2669 ardor.

515 2704 559 2743 ”⁰
582 2708 642 2775 Ille
664 2730 738 2776 snos
761 2708 878 2776 fratres
901 2729 1055 2796 germano
1077 2710 1111 2775 in
1133 2713 1262 2795 pectore
1285 2714 1392 2776 versat
1403 2704 1441 2790 ⁸).
1559 2701 1560 2706 ’

581 2816 752 2884 Cossorum
775 2817 942 2904 speculans
965 2819 1106 2899 habitus,
1128 2841 1188 2886 eeu
1210 2840 1343 2904 corpore
1366 2818 1511 2884 inhaeret

581 2925 665 2993 Turn
687 2927 733 2993 sio
755 2931 861 2994 motus
884 2929 948 2994 ait:
975 2927 1121 2994 “Testor
1142 2933 1185 3009 te,
1209 2931 1318 2995 sanots
1340 2926 1482 2994 Deorum

583 3032 834 3120 ,Omnipotens,
858 3039 891 3102 et
914 3034 1000 3103 faeta
1022 3042 1098 3102 tuae
1120 3033 1270 3102 sublimia
1292 3034 1423 3101 dextrae

587 3142 784 3225 ,Femineae
807 3145 958 3212 meritum
981 3145 1072 3211 deret
1094 3143 1300 3210 memorabile
1322 3141 1409 3210 laudi
1421 3137 1447 3224 ⁹)
1465 3193 1477 3222 „

1001 3359 1101 3427 Ornur
1122 3359 1163 3427 X.

506 3571 548 3614 ³⁹⁵
617 3576 714 3644 Huno
736 3577 883 3663 sequitur
905 3574 1080 3657 Thelanem,
1103 3577 1152 3642 bis
1175 3575 1263 3642 denis
1285 3576 1342 3661 qni
1364 3575 1427 3643 fuit
1450 3575 1552 3656 annis,

572 3687 680 3772 Atque
703 3687 818 3767 tribus,
841 3684 932 3752 nulla
953 3687 1087 3752 vexatus
1109 3688 1202 3770 peste
1223 3683 1332 3766 duelli,

573 3795 698 3862 Iedirns
720 3795 796 3860 inde
816 3793 909 3879 viget
931 3791 1139 3875 Galaditiaus,
1162 3797 1260 3878 atque
1282 3792 1392 3878 quiete

573 3905 612 3969 In
634 3903 738 3970 multa
751 3898 790 3986 ¹⁰)
815 3907 978 3988 sceptrum
1001 3903 1050 3968 bis
1072 3903 1161 3968 denis
1181 3901 1323 3987 possidet
1346 3899 1436 3968 annis
1451 3893 1501 3982 ¹¹),

577 4009 746 4076 Praedises
769 4010 906 4095 genitor,
930 4010 1011 4076 deno
1033 4014 1083 4075 ter
1106 4008 1241 4094 pignore
1265 4007 1416 4095 gaudens,

510 4113 554 4152 ⁴⁰⁰
576 4116 705 4184 Nobilis
728 4117 862 4183 undenis
885 4139 1020 4204 regnum
1044 4117 1092 4184 bis
1115 4117 1254 4202 possidet
1277 4116 1380 4182 annis.

577 4227 675 4296 Cuius
698 4232 772 4314 post
795 4228 919 4295 obitum
941 4227 1061 4312 raptim
1084 4246 1167 4292 nora
1188 4223 1274 4291 idola
1296 4229 1452 4292 creseunt.

574 4336 662 4404 Nam
685 4340 815 4422 praeter
837 4339 999 4403 assuetum
1022 4333 1194 4402 Daemonis
1216 4331 1377 4399 Astaretis
1400 4355 1482 4412 arae,

330 4601 355 4675 ¹)
373 4617 465 4674 mam
485 4597 515 4658 Ο.
1096 4621 1154 4660 non
1174 4601 1269 4676 liquet
1286 4617 1341 4656 neo
1359 4599 1412 4657 lux
1429 4595 1526 4657 oritur
1541 4615 1580 4656 ex
1590 4594 1725 4671 vulgatis
1737 4611 1849 4670 granos

330 4693 355 4766 ²)
372 4708 473 4750 munes
491 4691 527 4764 A,
545 4691 579 4748 B.
599 4692 630 4750 c.
1096 4696 1151 4747 ant
1170 4689 1262 4746 latine
1280 4687 1381 4745 bibliis
1399 4705 1460 4744 non
1478 4685 1584 4744 deesse
1610 4686 1751 4746 videntur
1767 4685 1851 4744 laon·

329 4781 353 4852 8)
371 4780 432 4850 fail
450 4779 481 4837 0.
1094 4795 1151 4834 nae
1165 4783 1196 4834 et
1210 4774 1506 4834 turbasfoliorumin
1518 4775 1604 4834 oodd.
1617 4775 1727 4832 Totum
1740 4791 1802 4848 asp.
1813 4791 1849 4832 rx

327 4871 353 4943 ⁴)
367 4873 439 4943 pasl
458 4873 574 4928 sennem
592 4871 628 4942 A,
646 4869 679 4940 B,
700 4871 731 4929 O.
1096 4866 1118 4924 J
1119 4865 1239 4924 ndioum
1258 4863 1414 4922 omittitur.

327 4961 353 5032 ι)
366 4965 541 5032 praesentes
560 4961 591 5032 G,
605 4977 664 5034 per
682 4967 775 5020 sortes
795 4966 829 5031 A,
849 4961 882 5018 B.
1133 4955 1167 5029 ¹⁰)
1186 4958 1283 5012 multa
1297 4959 1404 5026 potens
1422 4956 1458 5022 A,
1476 4956 1508 5027 B,
1530 4957 1561 5013 0.

330 5047 355 5123 ⁶)
374 5053 448 5124 qnia
466 5055 494 5108 et
511 5051 547 5123 A,
565 5051 599 5125 B,
619 5049 651 5124 Ο,
670 5054 735 5108 tam
750 5051 906 5123 vestigandi
925 5051 959 5120 A,
979 5049 1013 5103 B.
1131 5045 1165 5118 ¹¹)
1183 5045 1219 5100 In
1233 5046 1270 5116 A,
1283 5045 1447 5102 suooednut
1464 5043 1523 5102 dno
1536 5061 1644 5102 verens
1656 5061 1782 5118 quorum
1794 5043 1848 5100 ini·

329 5139 353 5213 l)
371 5156 496 5214 requam
513 5141 548 5197 B.
1095 5135 1139 5192 tia
1157 5139 1275 5192 tantum
1292 5139 1430 5192 manent:
1443 5137 1605 5207 praedives
1622 5137 1717 5207 qaut...
1739 5133 1849 5191 nobilia

256 5271 257 5274 ,
328 5229 352 5302 ⁸)
371 5231 409 5285 In
422 5235 546 5302 peceato
565 5235 700 5290 reversat
717 5232 751 5290 B.
1094 5227 1237 5298 rrodeous,
1256 5225 1320 5283 bini
1337 5241 1447 5285 versus
1464 5225 1496 5282 in
1513 5226 1547 5299 B,
1567 5225 1755 5282 omittuntur.

327 5316 351 5392 ⁹)
370 5316 520 5386 Quorsum
537 5317 612 5375 haee
639 5323 669 5374 et
694 5317 849 5392 superiora
868 5315 1041 5392 respiciunt,
