4022 6072
296 519 350 578 106

296 689 373 754 αὐτὸ
399 678 450 752 διά
474 698 531 763 τῆς
556 699 739 776 σωματικῆς
768 693 945 778 ἐπιμελείας
969 715 1042 754 παι-

296 791 455 879 δευθῆναι,
479 797 517 860 πθ
541 799 623 862 οὕτω
648 789 794 888 δέχεσθαι
817 799 876 872 τὴν
903 811 958 866 τοῦ
984 807 1043 864 Κυ-

297 907 359 992 ρίου
376 896 592 988 διδασκαλίαν,
607 911 647 981 ώς
661 905 859 995 θεραπείανῑ)
876 918 938 972 τῶν
957 899 1040 972 ίδίων

294 1013 412 1096 παθῶν,
436 1019 476 1087 ώς
494 1005 621 1102 δέχεται
638 1020 654 1078 ό
672 1015 806 1080 ἀσθενῶν
824 1017 883 1087 τὴν
905 1011 1043 1106 ception-

295 1123 365 1186 λίαν
385 1130 439 1184 τοῦ
460 1125 575 1210 ἰατροῦ,
593 1122 668 1186 τότε
684 1115 797 1198 ἐξεῖναι
813 1129 951 1213 ἡγοῦμαι
967 1147 1043 1213 προ·

296 1229 403 1322 σοίγειν
426 1228 486 1300 τὴν
511 1231 689 1317 ἐπιμέλειαν
709 1230 889 1296 ἀσθενοῦντι
914 1241 957 1314 τῷ
983 1231 1044 1296 σώ-

297 1361 385 1426 ματι,
409 1337 463 1402 καί
484 1329 632 1402 δεικνύειν
648 1337 708 1408 τὴν
725 1331 758 1415 ἐξ
775 1341 873 1415 αὐτῆς
898 1341 1041 1427 όφέλειαν

297 1448 347 1512 επὶ
371 1457 430 1521 τῆς
454 1445 537 1510 και-ἀ
561 1444 664 1534 ψυχὴν
682 1445 855 1536 θεραπείας·
880 1451 953 1539 ὅπερ
977 1459 1042 1524 τοῖς

299 1555 341 1646 μὴ
368 1553 563 1644 θρεληθεῖσιν
587 1544 741 1634 ὀνειδίζων
766 1561 782 1619 ὁ
807 1557 914 1647 Κόριος
939 1559 1042 1646 φησίν·

298 1664 347 1734 lli.
369 1666 476 1754 ῥησίνη
504 1667 560 1728 οἰκ
578 1665 661 1729 ἔστιν
680 1669 711 1728 ἐν
730 1657 869 1750 Γαλαάδ,
894 1665 912 1738 ἢ
941 1667 1043 1752 ἰατρός

298 1779 353 1836 οἰκ
377 1773 461 1837 ἔστιν
478 1774 557 1848 ἐκεῐς
575 1771 631 1836 Διά
649 1797 680 1835 τι
696 1777 751 1836 οὐκ
768 1765 861 1846 ἀνέθη
887 1775 966 1849 ἴασις
991 1771 1044 1838 θυ-

298 1881 414 1971 γατρὸς
430 1884 506 1942 λαοῦ
523 1903 582 1968 μου
596 1877 640 1965 ’);
659 1882 707 1944 ίνα
724 1884 758 1944 ἐκ
775 1884 961 1972 συγκρίσεως
984 1891 1043 1956 τῆς

297 1990 368 2079 περί
391 1988 428 2053 τό
453 1991 587 2052 ἔλαττον
612 1981 749 2065 σπουδῆς
773 1989 792 2060 ἢ
825 2000 880 2054 τοῦ
905 1983 1044 2078 μείζονος

300 2096 435 2188 ῥᾳθυμία
455 2090 570 2187 ροόερά
586 2096 751 2188 γνωρισθῇ·
769 2089 850 2163 οἶδεν
867 2098 926 2189 γάρ
944 2103 959 2162 ό
984 2098 1046 2162 Κό-

302 2190 361 2296 ρίος
385 2208 550 2294 πολλαχοῦ
574 2204 748 2294 κεχρῆσθαι
778 2217 844 2282 τοῖς
867 2207 1044 2284 ἐλάττοσιν,

300 2315 401 2401 ὥσπερ
425 2304 650 2403 ὑποδείγμασιν
672 2317 712 2388 είς
729 2313 789 2386 τὴν
807 2323 869 2378 τῶν
894 2309 1044 2402 μειζόνων

299 2429 512 2512 παράστασιν,
538 2422 580 2486 ἔνι
604 2423 657 2487 ὅτε
681 2413 714 2486 δὲ
737 2423 791 2486 καὶ
814 2433 879 2497 τοῖς
909 2424 1045 2512 χείροσιν

299 2538 339 2606 ὡς
363 2530 413 2596 1επὶ
437 2541 490 2595 τοῦ
516 2521 577 2595 δεῖν
600 2528 740 2594 πάντοτε
762 2527 996 2620 προσεύχεσθαι.

934 512 1057 590 Sancti
1077 513 1207 590 Basilii

1097 692 1202 757 anime
1217 693 1258 758 ob
1274 693 1411 778 idipsum
1423 695 1615 780 corripiatur
1627 717 1684 780 per
1697 695 1839 780 corporis

1097 800 1352 880 sollicitudinem,
1376 802 1411 867 in
1434 824 1534 887 eoque
1554 803 1687 887 recipiet
1710 803 1840 870 Domini

1096 907 1305 993 disciplinam,
1330 910 1362 974 in
1386 910 1540 976 medelam
1565 934 1693 977 suerum
1717 913 1839 996 passio-

1096 1038 1183 1096 num,
1207 1023 1276 1083 tum
1292 1039 1429 1102 aequum
1446 1041 1558 1085 censeo
1574 1025 1611 1086 ut
1628 1041 1726 1105 aeger
1748 1041 1841 1105 opem

1097 1125 1210 1191 medici
1234 1126 1394 1208 admittat,
1418 1133 1454 1192 ut
1476 1129 1595 1194 infirmi
1619 1129 1761 1213 eorporis
1784 1151 1842 1194 ου-

1097 1253 1165 1298 rum
1189 1232 1314 1315 habeut,
1339 1239 1373 1298 et
1387 1236 1538 1302 exhibeat
1553 1259 1643 1302 suam
1666 1237 1839 1302 utilitatem

1097 1341 1137 1406 ud
1159 1341 1259 1425 ipsius
1283 1343 1406 1408 eninnee
1434 1346 1673 1410 recreationem.
1699 1343 1762 1410 Eos
1785 1344 1854 1428 qui'

1097 1448 1178 1513 nihil
1201 1451 1372 1534 proficiunt
1396 1453 1566 1536 exprobret
1597 1452 1768 1532 Dominus,
1792 1453 1847 1515 in·-

1098 1555 1227 1640 quiens:
1255 1556 1451 1642 “Numquid
1466 1580 1530 1624 non
1546 1564 1593 1624 est
1609 1559 1712 1624 resina
1728 1559 1760 1623 in
1777 1556 1841 1624 Ge·

1097 1662 1179 1744 lead,
1204 1685 1261 1729 nec
1284 1665 1423 1730 medicus
1438 1665 1481 1730 ibi
1500 1670 1571 1732 est?
1587 1665 1691 1743 Quare
1707 1687 1770 1731 non
1794 1688 1843 1730 as·

1099 1771 1204 1835 cendit
1227 1772 1350 1836 sonatio
1370 1771 1453 1836 filiae
1469 1773 1581 1857 populi
1604 1775 1721 1852 meil„
1747 1771 1839 1838 Unde

1098 1883 1209 1964 pateat
1232 1901 1299 1945 esse
1324 1882 1522 1947 tremendam
1542 1905 1580 1947 ex
1606 1882 1841 1967 comparatione

1099 1986 1166 2050 sive
1183 1985 1416 2072 negligentiam
1439 1988 1570 2054 minoris
1587 2009 1681 2054 curae
1696 1987 1762 2052 sive
1778 2009 1843 2051 mu·

1096 2095 1176 2178 juris
1193 2093 1396 2161 oblivionem.
1410 2096 1574 2162 Intellexit
1586 2097 1669 2161 enim
1687 2095 1841 2161 Dominus

1099 2225 1163 2268 nou
1186 2204 1287 2269 semel
1310 2226 1390 2289 opus
1407 2226 1473 2270 esse
1489 2205 1665 2270 minoribus
1688 2203 1783 2283 curis,
1808 2209 1843 2268 ut

1100 2311 1165 2376 sint
1187 2310 1277 2394 quasi
1301 2310 1335 2374 in
1367 2312 1620 2394 experimentum
1652 2313 1692 2378 ad
1722 2300 1844 2394 majore

1101 2419 1300 2505 praestanda,
1324 2441 1361 2486 ec
1383 2420 1459 2486 lieet
1482 2420 1578 2485 etiam
1602 2421 1651 2486 uti
1669 2420 1843 2505 pejoribus,

1101 2530 1175 2613 quia
1197 2551 1323 2614 semper
1345 2531 1476 2614 oportet
1499 2550 1601 2596 orere.

1051 2851 1094 2918 ll.

303 3069 472 3161 Ἐρώτησις
486 3066 522 3158 ³).
539 3073 595 3133 Ἐκ
606 3071 697 3145 ποίας
709 3068 888 3157 ἐπιμελείας
901 3066 1021 3132 τοότων
1036 3064 1066 3152 [θ
1084 3073 1142 3140 τῆς
1156 3053 1331 3153 φιλοδοξίας
1344 3065 1430 3152 γοῦν]
1450 3065 1629 3136 ἀποστῆναι
1641 3053 1773 3129 δύναταί
1785 3087 1848 3141 τιςς

377 3182 448 3264 Qua
471 3202 541 3246 σκιιι
565 3181 736 3264 dilipcntio
759 3181 832 3261 quis
849 3183 956 3260 polest
980 3177 1019 3242 ab
1042 3175 1128 3241 hisce
1151 3175 1304 3254 recedere,
1329 3175 1414 3240 idest
1437 3175 1477 3240 ab
1502 3194 1610 3241 umore
1632 3174 1786 3240 sacculi?

348 3393 535 3483 Ἀπόκρισις.
554 3397 605 3456 Ἐν
621 3392 816 3481 πληροφορίᾳ
832 3399 887 3455 τοῦ
902 3387 1048 3479 μεγέθους
1148 3389 1340 3471 Responsio.
1358 3387 1436 3453 Cum
1453 3386 1548 3471 plene
1563 3387 1764 3471 persuasione
1780 3408 1848 3451 mn·

302 3511 364 3567 τῶν
389 3501 649 3591 ἐπηγγελμένων,
674 3505 713 3576 ώς
743 3503 918 3574 ἀπόστολος
942 3498 1047 3588 λέγει,
1104 3519 1169 3583 gne
1193 3519 1260 3563 esse
1283 3519 1320 3563 ee
1352 3518 1433 3581 quoe
1466 3496 1715 3579 promittuntur,
1739 3498 1776 3560 nt
1803 3495 1849 3560 eit

303 3612 353 3673 ότι
366 3611 421 3672 οὐκ
439 3602 510 3685 ἀξια
523 3611 548 3688 ⁴)
562 3606 603 3671 τά
620 3605 797 3696 παθήματα
810 3617 864 3672 τοῦ
878 3617 928 3670 νῦν
942 3615 1048 3694 καιροῦ
1105 3605 1299 3691 Apostolus:
1327 3609 1339 3637 ⁸
1360 3604 1466 3688 Digna
1487 3625 1550 3668 non
1572 3606 1646 3668 sunt
1670 3603 1848 3686 praesentis

303 3716 377 3805 πρὸς
395 3714 453 3784 τὴν
473 3717 647 3804 μέλλουσαν
666 3706 759 3791 δόξαν
778 3712 1049 3801 ἀποκαλυφθῆναι,
1104 3712 1259 3796 temporis
1274 3710 1474 3776 incommode
1489 3731 1566 3794 pree
1583 3710 1686 3794 glorie
1702 3731 1782 3795 quoe
1799 3732 1849 3775 re·

304 3824 357 3888 καί
372 3825 423 3910 ότι
439 3823 480 3888 et
499 3824 679 3912 βλεπόμενα
696 3824 878 3914 πρόσκαιρα,
897 3811 989 3887 τὰδὲ
1006 3820 1047 3910 μὴ
1105 3820 1265 3887 velabitur
1278 3869 1304 3900 ,„
1329 3824 1362 3885 et
1384 3819 1469 3904 quod
1484 3818 1622 3884 visibilia
1637 3824 1712 3883 sunt
1734 3839 1848 3902 prece-

306 3933 484 4022 βλεπόμενα
510 3933 630 3999 αἰώνια.
1107 3930 1165 4011 rie,
1189 3933 1319 3996 aeterne
1342 3949 1417 3994 vero
1440 3950 1478 3994 ee
1496 3949 1579 4013 qnae
1602 3948 1665 3992 non
1689 3925 1848 3992 videntur.

1053 4250 1112 4318 ΙΙΙ.

709 4463 879 4556 Ἐρώτησις
894 4461 929 4550 ⁵).
947 4466 988 4530 Τί
1009 4465 1046 4529 τό
1071 4464 1184 4553 μέτρον
1208 4473 1266 4540 τῆς
1290 4466 1445 4540 ὑπακοῆς

778 4575 894 4659 Qualis
917 4579 964 4641 est
987 4575 1186 4643 obedientiae
1209 4575 1391 4641 orensuro?

350 4791 538 4882 Ἀπόκρισις.
562 4789 715 4868 θάνατος,
733 4799 789 4857 τοῦ
814 4790 993 4856 ἀποστόλου
1018 4795 1057 4856 εἰ·
1155 4791 1348 4874 Responsio.
1372 4787 1471 4868 Mors,
1486 4786 1610 4854 dicente
1634 4781 1790 4868 Apostolo
1814 4781 1853 4846 de

305 4902 419 4979 πόντος
442 4902 512 4989 περὶ
529 4903 625 4967 αὐτοῦ
642 4911 697 4966 τοῦ
714 4904 825 4993 Κυρίου
842 4906 861 4976 η
867 4927 932 4993 μων
955 4900 1055 4975 Ἰησοῦ
1109 4902 1179 4986 ipso
1203 4898 1340 4964 Domino
1356 4898 1467 4961 nostro
1482 4893 1560 4960 Jesu
1576 4891 1721 4958 Christo:
1748 4893 1761 4923 “
1775 4887 1801 4954 F
1803 4909 1854 4956 ac·

344 5185 366 5258 ¹)
385 5184 420 5241 B.
441 5189 473 5248 ιίς
493 5190 631 5258 θεραπείαν.

343 5274 369 5345 ²)
387 5275 498 5333 Jerem.
518 5291 585 5347 vm,
605 5277 649 5332 22.

343 5364 366 5440 ³)
386 5365 432 5420 Ex
450 5365 557 5423 iisdem
576 5362 736 5423 coddsssub
754 5381 834 5422 num.
855 5377 982 5422 ccxxxv.

1143 5179 1166 5252 ⁴)
1184 5179 1271 5236 Rom.
1289 5192 1355 5248 vm,
1375 5174 1418 5231 18.

1144 5268 1168 5343 ⁵)
1186 5267 1233 5322 Ex
1250 5265 1358 5323 iisdem
1376 5263 1433 5322 sub
1454 5281 1534 5322 num.
1553 5275 1647 5320 coxon
1667 5259 1710 5318 uf.
1731 5256 1855 5328 Quaest.

1107 5372 1177 5416 om
1196 5356 1250 5414 ool.
1270 5355 1350 5412 1161.
1370 5369 1376 5393 ¹
