3940 6072
958 529 1211 626 Harpocration

384 917 481 1010 Ἀρχὴ
499 928 555 986 τοῦ
572 927 604 988 li.
622 919 738 1010 Βράθυς
756 918 887 1006 βοτάνη,
905 919 1007 1011 βόρσις
1024 921 1125 986 κοινόν
1140 920 1247 1012 ὄρνεον
1264 923 1281 986 ό
1297 925 1365 987 ἐστι
1381 919 1514 1012 κορώνη,
1533 921 1632 1012 βόρσα
1651 911 1780 1011 ἔνυδρος

786 1027 807 1095 c'
830 1033 898 1095 ἐστι
921 1022 1069 1120 κοίραόος,
1094 1030 1249 1121 βήρυλλος
1272 1029 1368 1107 λίθος.

349 1252 414 1322 Τῆς
439 1237 473 1312 δὲ
503 1245 641 1339 κορώνης
656 1247 680 1334 ¹)
703 1257 758 1312 τοῦ
783 1257 903 1320 πτηνοῦ
928 1251 947 1320 ή
974 1244 1060 1335 φύσις
1084 1248 1152 1310 έστι
1182 1245 1333 1319 τοιαύτη·
1361 1245 1413 1312 ἐάν
1438 1251 1457 1320 ή
1484 1245 1594 1320 θήλεια
1617 1247 1819 1332 τελευτήσῃ,
1848 1251 1864 1310 ό

302 1353 397 1443 ἄρρην
421 1353 513 1443 ἑτέρᾳ
536 1359 595 1444 οὐχ
618 1354 764 1432 ἅπτεται,
789 1355 902 1444 ὁμοίως
926 1353 980 1417 καὶ
1003 1360 1022 1424 ή
1042 1353 1151 1427 θήλεια
1168 1354 1205 1419 τὸ
1224 1355 1301 1420 αότό
1325 1365 1417 1420 ποιεῖ·
1443 1345 1491 1420 διό
1515 1354 1656 1430 καὶτοῖς
1680 1353 1864 1445 ἀνθρώποις

301 1463 376 1549 προς
399 1473 531 1526 τοιαῦτα
554 1461 804 1550 χρησιμεόοιισιν.
829 1459 901 1526 Ἐάν
925 1459 986 1552 γάρ
1010 1465 1026 1526 ό
1051 1461 1106 1552 μὲν
1130 1461 1226 1552 ἄρρην
1251 1473 1328 1554 φορῇ
1354 1473 1410 1528 τοῦ
1434 1463 1555 1553 ἄρρενος
1578 1462 1638 1533 τήν
1663 1455 1812 1552 καρδίαν,
1839 1471 1861 1536 ᾗ

303 1560 338 1634 δὲ
360 1569 438 1659 γόνη
465 1579 523 1645 τῆς
548 1568 686 1651 θηλείας,
711 1561 762 1635 διά
778 1570 896 1647 παντός
912 1580 967 1634 τοῦ
986 1571 1054 1654 βίου
1072 1569 1270 1641 εὐνοήσουσιν
1288 1571 1448 1648 ἀλλήλοις·
1472 1564 1578 1636 λαβὼν
1603 1565 1655 1636 οὖν
1680 1571 1863 1659 βηρόλλιον

301 1677 398 1754 λίθον,
423 1675 541 1769 γλόψον
566 1678 705 1771 κορώνην
729 1683 759 1746 έν
784 1684 879 1764 αὑτῷ,
904 1681 959 1745 καί
982 1681 1194 1756 κατακλείσας
1220 1677 1351 1770 βράθυος
1377 1678 1465 1770 μέρος
1490 1677 1602 1770 βραχὺ,
1628 1677 1751 1768 [φόρει].

360 2000 460 2094 Ἀρχὴ
486 2011 542 2068 τοῦ
566 2010 598 2069 Γ.
623 1995 765 2078 Γλυκόδη
794 2004 925 2091 βοτάνη,
949 2005 1087 2096 γλαυκός
1109 2005 1240 2084 πτηνόν,
1265 2004 1392 2096 γνοίτιος
1416 2002 1511 2081 λίθος,
1534 2008 1672 2096 γλαῦκος
1696 2001 1799 2094 ίχθός.

345 2218 418 2284 Ἐάν
443 2211 477 2286 δέ
501 2245 548 2299 τις
571 2227 612 2298 είς
637 2221 765 2314 γνοίτιον
789 2221 875 2288 λίθον
900 2219 1004 2312 γλόψῃ
1030 2221 1168 2314 γλαόκον
1193 2221 1231 2288 τό
1255 2219 1377 2312 ὄρνεον,
1401 2220 1455 2286 καί
1478 2221 1537 2287 ὑπό
1567 2221 1638 2297 τοὺς
1671 2212 1776 2298 πόδας
1802 2233 1864 2288 τοῦ

300 2330 404 2421 ὀρνέου
428 2333 566 2419 γλαῦκον
591 2330 646 2396 τόν
670 2329 769 2420 ίχθὺν,
786 2331 900 2396 τούτου
918 2321 952 2396 δέ
967 2330 1037 2407 τοὺς
1055 2329 1231 2420 ὀφθαλμοὺς
1247 2331 1519 2406 ὑποκατακλείσας
1539 2340 1629 2420 φορῇ,
1654 2331 1865 2420 ἀπεχόμενος

300 2440 434 2526 χοιρείου
451 2439 579 2530 κρέατος
598 2441 650 2504 καί
666 2439 769 2516 πάσης
789 2441 937 2530 βυπαρίας
954 2443 1098 2517 σκοτείας
1113 2441 1298 2531 λεγομένης,
1315 2441 1491 2528 φανήσεται
1507 2450 1647 2531 γενναῖος
1664 2439 1722 2504 καί
1741 2439 1863 2517 ἔνθεος·

301 2549 332 2612 έν
351 2545 463 2637 ήμέρᾳ,
482 2543 524 2623 σίς
542 2547 578 2614 ἂν
595 2547 687 2639 λέγῃ,
703 2547 958 2622 πιστευθήσεται.
973 2547 1024 2614 Ἐν
1043 2541 1076 2615 δὲ
1089 2559 1128 2636 τῇ
1142 2550 1233 2636 κοίτῃ
1249 2548 1434 2639 φορουμένη,
1449 2547 1573 2624 άληθῶς
1586 2546 1699 2638 έπάγει
1717 2548 1865 2614 ἐνύπνια.

550 2867 649 2961 Ἀρχὴ
675 2881 730 2936 τοῦ
754 2879 788 2939 Δ,
812 2872 1001 2961 Δρακόντιον
1015 2872 1041 2954 ²)
1067 2873 1199 2958 βοτάνη,
1223 2862 1447 2961 δρακολάπτης
1470 2869 1602 2953 πτηνόν,

803 2969 925 3072 δράκων
952 2979 1046 3072 ἰχθὺς,
1072 2973 1233 3074 δενδρίτης
1256 2977 1352 3056 λίθος.

346 3193 390 3258 ,Ὗ
550 3196 556 3218 ,
655 3196 661 3220 ,
723 3219 730 3232 ,

392 3217 465 3284 μνος
488 3219 559 3288 περι
584 3199 720 3282 βοτανης

656 3361 825 3451 -ζ-Μοίκαρ
840 3359 865 3444 ³)
890 3360 965 3427 θεῶν
990 3362 1098 3452 Ἑρμῆ,
1124 3353 1202 3440 ζῶόν
1226 3363 1294 3425 ἑστι
1318 3359 1382 3446 σόν,

655 3469 898 3562 ξ”Αγνωστος
923 3475 1003 3556 αὐτῇ
1029 3472 1114 3534 ἐστιν
1137 3475 1157 3542 ή
1184 3469 1280 3559 φόσις,

656 3577 821 3654 -ζ-Γένους
845 3577 905 3670 γάρ
930 3569 1047 3668 ἀνδρῶν
1071 3577 1199 3666 ἡμίθεος
1225 3577 1327 3667 σοφός,

655 3694 797 3763 ἢΝοῶν
811 3687 837 3774 ⁴)
860 3687 957 3779 φέρων
982 3686 1091 3778 φρένας
1115 3687 1169 3751 καί
1193 3685 1314 3775 μύστης
1338 3682 1426 3770 θεῶν,

657 3800 779 3871 -ζ-Οόκ
803 3794 840 3860 ἄν
863 3797 931 3860 ποτ’
960 3795 1042 3885 εὕροι
1064 3798 1151 3859 τοῦτ’
1177 3791 1261 3858 ιἰλλά
1283 3803 1389 3858 πεσεῖν
1400 3791 1427 3879 ⁶)
1440 3804 1492 3867 ÷.

343 3953 544 4047 Ἀνυπέρθεος
566 3955 626 4048 γάρ
658 3960 753 4041 ἐστιν,
779 3967 878 4047 φορῶν
903 3949 947 4042 δὲ,
972 3956 1076 4046 φησὶν,
1101 3955 1235 4046 μαθήσει
1258 3955 1278 4020 ά
1303 3955 1412 4040 βοόλῃ.
1438 3952 1510 4019 Ἐάν
1535 3943 1569 4018 δέ
1599 3978 1646 4029 τις
1678 3955 1789 4046 γλόβῃ
1817 3959 1859 4028 είς

298 4055 459 4155 δενδρίτην
484 4064 571 4130 λίθον
595 4066 650 4130 τὸν
675 4056 912 4153 δρακολάπτην,
935 4066 995 4130 ὑπό
1020 4055 1053 4130 δὲ
1075 4063 1147 4139 τοὺς
1169 4055 1268 4139 πόδας
1293 4066 1387 4128 αὑτοῦ
1412 4053 1569 4152 δράκοντα
1589 4059 1773 4148 θαλάσσιον,
1803 4067 1858 4129 καί

296 4174 568 4247 όποκατακλείσας
592 4171 652 4245 τήν
678 4171 815 4256 βοτάνην
841 4166 984 4259 βαστάζῃ
1011 4171 1145 4258 ταύτην,
1160 4181 1248 4236 πᾶσα
1265 4171 1340 4262 θόρε
1365 4167 1600 4259 ἀνσιχθήσεται,
1626 4170 1680 4235 καί
1704 4161 1855 4261 δεισμοῗις

298 4280 353 4345 καὶ
377 4278 503 4370 κλεῖθρα
526 4278 623 4347 λόσει.

334 4493 355 4566 ¹)
375 4495 452 4550 Ecce
471 4493 630 4552 incidimus
642 4494 672 4551 in
685 4499 819 4552 veterem
838 4501 869 4551 et
886 4493 1046 4568 famigern-
1098 4493 1287 4568 excipiuntur
1305 4493 1449 4552 iambicis.
1464 4491 1534 4551 Ond.
1546 4492 1587 4550 M.
1599 4509 1708 4551 versus
1727 4509 1793 4550 non
1814 4493 1856 4550 di-

297 4589 362 4640 tum
380 4581 605 4656 Physiolognm,
625 4600 713 4655 qnem
731 4589 829 4640 totum
852 4583 945 4642 hebes
967 4584 1046 4658 poly-
1098 4583 1181 4656 vidit,
1201 4583 1335 4640 senarios
1354 4589 1455 4639 temen
1473 4582 1541 4656 plus
1560 4581 1661 4638 minus
1686 4581 1769 4638 mels
1790 4589 1856 4640 tor·

297 4675 429 4748 glottam
446 4673 478 4730 in
502 4673 601 4746 spicil.
620 4675 742 4732 Solcsm.
762 4679 781 4731 t.
801 4691 850 4747 111,
868 4673 921 4732 nbi
946 4675 983 4734 de
1002 4694 1047 4734 co-
1098 4677 1194 4742 natos,
1215 4671 1343 4744 quisque
1362 4670 1563 4745 deprehendit,
1585 4669 1640 4728 ssd
1658 4669 1730 4744 quis
1749 4671 1857 4745 oedip

296 4763 399 4820 lnmbs
417 4782 445 4836 p.
464 4761 526 4819 357.
1097 4777 1155 4832 pus
1174 4759 1342 4832 intelliget?

334 4853 357 4926 ²)
376 4851 446 4910 Ood.
466 4857 597 4924 δράκοντα,
617 4869 685 4908 mox
705 4857 903 4924 δρυοκολάπτης.
1134 4852 1157 4926 ⁴)
1176 4849 1246 4908 Ood.
1265 4853 1329 4908 νοήν.

332 4944 356 5020 ³)
374 4943 508 5001 Barbara
519 4943 665 5000 hactenns
679 4943 811 5002 csrmins
822 4963 901 5002 nnnc
915 4943 1046 5002 metricis
1135 4942 1159 5017 ⁵)
1177 4941 1223 4998 Id.
1243 4943 1344 4996 τίσειεν.
