3978 6070
682 497 738 570 De
754 497 878 570 virtute
896 500 927 568 et
944 495 1019 571 οἰῶν·
1037 495 1199 573 ίίύοιίαὶο.
1678 505 1713 563 99

170 677 233 732 τῶν
258 666 383 758 ἀγαθῶν
408 667 554 758 στέρεται
576 667 712 733 πάντων·
732 659 869 734 δουλεύει
885 667 946 760 γάρ
965 667 1082 758 θυμοῖς,
1106 667 1291 758 ἐπιθυμίαις,
1315 672 1507 760 φαντασίαις,
1525 672 1715 758 αἰσθήσεσιν,

169 766 324 864 δαίμοσιν,
348 777 475 854 ύλαίοις,
501 775 680 868 ἀνθρώποις,
697 787 762 853 τοῖς
779 788 841 841 τῶν
858 776 964 842 παθῶν
989 790 1158 868 πορισταῖς·
1185 773 1226 843 ὧν
1251 779 1346 869 ἀρετή
1372 783 1505 871 πέφυκεν
1530 781 1715 873 ἐλευθεροῦν,

168 883 222 947 καί
246 874 417 949 ἀδέσποτον
442 877 493 949 ούν
519 885 616 972 μόνην
635 883 744 969 αὐτὴν,
762 885 845 950 ὅσιον
862 890 979 950 καλεῖν·
998 891 1069 952 ἀλλ’
1088 891 1121 952 ού
1139 886 1198 961 τήν
1215 890 1337 974 κακίαν,
1354 888 1413 961 τήν
1432 881 1639 980 δουλοπρεπῆ,
1663 893 1716 956 καί

168 983 284 1066 δούλην
300 1004 447 1058 ποιοῦσαν
464 992 522 1065 τήν
540 991 652 1083 ψυχήν.
669 994 720 1070 Ὡς
737 987 787 1058 οὖν
806 999 835 1058 οἱ
851 993 916 1059 θεοί
930 992 954 1074 ¹)
971 995 1097 1060 πάντων
1115 987 1329 1078 δεσπόζοντες,
1347 997 1420 1063 εἰσίν
1437 988 1615 1075 ἀδέσποτοι,
1633 1000 1714 1064 οὕτω

133 1125 145 1162 ε
168 1099 256 1173 καίῆ
276 1100 382 1190 ἀρετή,
402 1091 595 1179 θεσπίζουσα
612 1095 653 1165 ὧν
672 1092 720 1166 δεῖ
735 1092 906 1184 θεσπίζειν,
925 1094 1095 1178 ἀδέσποτός
1112 1106 1195 1169 ἐστιν
1213 1105 1272 1169 ὑπὸ
1288 1115 1350 1169 τῶν
1365 1105 1500 1195 ἑχόντων
1517 1105 1576 1178 τήν
1591 1108 1714 1175 κακίαν.

167 1213 202 1271 Εἰ
226 1199 259 1272 δὲ
283 1198 321 1279 δή
347 1207 468 1280 ταύτην
492 1213 511 1282 ῆ
531 1207 625 1300 ἀρετή
644 1208 799 1282 κέκτηται
823 1209 882 1282 τὴν
907 1200 1048 1299 δύναμιν,
1065 1211 1118 1275 καί
1138 1215 1171 1276 ού
1197 1211 1288 1300 μόνον
1312 1211 1396 1277 ἐστίν
1421 1204 1605 1296 ἀδέσποτον,
1631 1212 1714 1279 ἀλλά

166 1303 227 1380 καί
245 1313 337 1403 μόνον
361 1324 424 1380 τῶν
449 1319 479 1380 έν
503 1322 579 1404 ῆμῖν
600 1308 785 1382 δεσποτικὸν
803 1311 852 1384 δεῖ
866 1314 1011 1407 νομίζειν,
1036 1319 1089 1384 καί
1110 1319 1217 1386 πάντα
1235 1323 1300 1404 βίον
1318 1324 1415 1399 αύτῆς
1431 1323 1526 1388 πλέον
1542 1321 1562 1396 ή
1583 1325 1713 1389 ἔλασσον

167 1423 324 1515 μετέχειν·
350 1424 392 1514 μὴ
419 1423 478 1517 γάρ
502 1417 572 1490 οὐδὲ
596 1417 728 1490 δυνατόν
753 1424 772 1515 ᾖ
800 1430 866 1513 βίον
890 1429 943 1493 ἕνα
966 1427 1069 1504 πάσης
1094 1431 1207 1518 ἀρετῆς
1231 1428 1358 1520 ἄμοιρον
1382 1429 1539 1521 γενέσθαι·
1564 1431 1618 1496 καί
1640 1435 1715 1497 τού-

166 1535 301 1616 ναντίον,
324 1534 428 1610 πάσης
453 1538 566 1624 ἀρετῆς
592 1535 744 1626 μέτοχον·
768 1536 837 1601 ἀλλ’
863 1541 878 1600 6
904 1539 959 1626 μέν
982 1561 1030 1613 τις
1062 1541 1198 1626 μᾶλλον,
1223 1541 1239 1601 6
1264 1529 1297 1604 δὲ
1320 1535 1418 1607 ήττον
1443 1541 1554 1628 ἀρετῆς
1580 1537 1713 1630 μέτοχός

112 1662 138 1699 10
166 1644 261 1724 ἐστιν,
278 1643 395 1715 ἥκιστα
412 1632 446 1708 δὲ
462 1640 481 1716 ῆ
499 1642 650 1731 μάλιστα,
668 1635 831 1710 ἀδύνατον·
850 1646 943 1722 αὐτὸς
960 1656 1032 1737 γοῦν
1056 1647 1140 1710 ἐστιν
1165 1644 1297 1736 ὀλίγων
1316 1649 1345 1710 ἐν
1364 1637 1549 1734 Φαίδωνιί),
1566 1646 1712 1736 φρόνησιν

165 1757 241 1839 ἡμῖν
266 1749 376 1815 τελέαν

165 1968 188 2034 f.
207 1969 249 2034 93
269 1968 385 2048 ν.,1οο.
404 1969 493 2034 συός
513 1966 762 2058 [παραγενέσθαι]
785 1957 835 2034 διά
852 1966 909 2044 τάς
925 1970 1087 2060 μυρίας...
1112 1968 1273 2058 [ἀσχολίας
1289 1967 1323 2046 ἀς
1338 1969 1377 2035 τί)
1395 1979 1485 2060 σῶμα
1500 1969 1628 2060 παρέχει
1645 1981 1714 2049 ταῖς

165 2072 277 2164 ψυχαῖς
290 2075 376 2146 καὶῆ
394 2068 554 2163 ἐξημμένη
574 2074 689 2164 γένεσις
705 2081 804 2164 ῆμῶν·
824 2082 850 2140 εἰ
867 2067 900 2141 δὲ
914 2067 964 2141 διά
980 2075 1040 2149 τήν
1058 2086 1112 2141 τοῦ
1129 2077 1297 2166 ἀλλοτρίου
1313 2077 1506 2167 προσθήκην]
1528 2077 1712 2168 κωλυόμεθα

164 2182 275 2247 τελέαν
292 2183 373 2272 ἔχειν
390 2181 449 2252 τήν
467 2185 582 2246 οἰκείαν
601 2183 725 2274 ἀρετήν,
744 2184 865 2276 ἀνάγκη
885 2185 938 2248 καί
959 2176 1010 2250 διά
1026 2184 1085 2256 τήν
1103 2187 1217 2250 οἰκείαν
1234 2191 1323 2274 ημῶν
1344 2187 1460 2264 οὐσίαν,
1477 2186 1583 2276 νοεράν
1608 2181 1713 2272 ούσαν,

112 2322 137 2359 ιε
166 2281 327 2379 μηδέποτε
342 2295 484 2364 παντελῆ
503 2291 562 2362 τήν
580 2295 692 2356 κακίαν
708 2297 791 2381 ἡμᾶς
808 2295 981 2381 ὑπομένειν,
998 2295 1167 2384 ἀλλοτρίαν
1184 2287 1289 2358 ούσαν·
1306 2292 1394 2382 φύσει
1410 2291 1470 2384 γάρ
1490 2299 1509 2367 ή
1528 2291 1612 2384 ψυχὴ
1638 2295 1712 2385 πρὸς

164 2398 304 2489 τάγαθὸν
334 2402 489 2483 ᾠκείωται
520 2404 641 2490 μᾶλλον
672 2400 692 2473 ἢ
725 2401 762 2466 τὸ
795 2401 949 2466 ἐναντίον·
974 2400 1028 2464 καί
1058 2399 1146 2490 τάχα
1170 2399 1213 2465 ἀν’
1235 2406 1261 2466 εἰ
1291 2405 1433 2475 παντελῆ
1468 2403 1578 2466 κακίαν
1611 2404 1712 2491 ἔσχεν,

165 2507 281 2597 ἐφθάρη
301 2505 348 2584 ἀν,
365 2511 448 2600 εἰπερ
464 2509 502 2575 τὸ
519 2511 615 2574 κακόν
632 2508 766 2575 ἑκάστου
784 2507 963 2600 φθαρτικόν·
982 2519 1032 2573 νῦν
1050 2499 1084 2574 δέ
1101 2501 1340 2599 διαστρέφονται
1356 2508 1410 2598 μὲν
1428 2512 1526 2586 αὐτῆς
1543 2516 1571 2575 οἱ
1590 2509 1712 2597 κύκλοι,

165 2616 258 2704 φησίν
272 2620 288 2679 6
302 2622 442 2704 Τιμαῖος,
457 2619 490 2680 ού
505 2617 612 2706 μέντοι
624 2621 796 2695 παντελῶς,
809 2619 890 2683 ὥστε
907 2608 971 2683 οὐδ’
988 2623 1007 2692 ῆ
1026 2619 1122 2683 κακία
1134 2619 1303 2694 παντελής.
1320 2623 1356 2682 Εἰ
1373 2608 1524 2683 δὲταῦτα
1541 2609 1711 2701 δέδεικται,

164 2733 224 2799 παῖς
244 2725 307 2808 βίος
325 2727 438 2813 ἀρετῆς
455 2716 586 2789 δύναται
604 2725 759 2815 μετέχειν,
776 2725 908 2790 καθόσον
924 2725 1054 2801 ἕκαστος
1071 2724 1169 2798 αύτήν
1180 2723 1205 2810 ³)
1222 2719 1340 2816 νομίζει
1358 2727 1473 2814 τίμιον,
1491 2727 1544 2789 καί
1562 2731 1617 2790 ούκ
1634 2729 1712 2791 ἀπε-

111 2859 138 2896 εο
166 2831 344 2922 στερήμεθα
370 2843 425 2898 τοῦ
450 2833 592 2923 μετέχειν
617 2837 741 2925 ἀρετῆς,
760 2823 810 2898 διά
826 2833 885 2904 τήν
904 2836 933 2897 ἐν
951 2843 1015 2908 τοῖς
1034 2833 1110 2916 βίοις
1127 2830 1209 2921 μετά
1225 2830 1282 2907 τάς
1302 2831 1429 2922 αἱρέσεις
1447 2831 1599 2923 ἀνάγκην.
1616 2833 1712 2909 Τέλος

167 2942 272 3005 τοίνυν
297 2939 342 3031 ἐφ’
367 2941 465 3005 άπασι
489 2952 553 3017 τοῖς
578 2943 748 3031 εἰρημένοις
765 2943 933 3032 ἐπήνεγκεν
959 2945 974 3004 6
997 2940 1109 3031 λόγος·
1137 2943 1250 3006 έαίτία
1273 2941 1431 3030 ἑλομένου,
1456 2939 1522 3017 θεθς
1547 2943 1711 3022 ἀναίτιος,

165 3050 349 3137 σαφέστατα
375 3039 676 3140 διαμαρτυρούμενος
700 3055 740 3127 ὡς
758 3049 817 3140 ἄρα
833 3059 895 3113 τῶν
914 3043 1147 3114 ἀπούαινόντων
1164 3058 1280 3133 κακῶν,
1305 3051 1340 3113 ού
1365 3047 1432 3114 θεὸν
1458 3049 1616 3115 αἰτιᾶσθαι
1638 3067 1714 3140 προ-

166 3167 272 3241 σῆκεν,
297 3160 369 3220 ἀλλ’
394 3163 477 3247 ῆμᾶς
502 3157 622 3234 αὐτούς·
646 3161 661 3221 ὁ
687 3158 741 3246 μέν
758 3158 817 3249 γάρ
834 3159 955 3246 κυρίους
971 3162 1054 3245 ημᾶς
1071 3155 1271 3226 κατάστησεν
1297 3156 1464 3244 ἀμεινόνων
1489 3155 1542 3220 καί
1564 3155 1712 3246 χειρόνων

167 3265 319 3355 αἱρέσεων·
343 3271 434 3354 ἡμεῖς
452 3256 543 3355 δὲμὴ
563 3267 717 3356 κρίνοντες
734 3269 786 3355 ἀφ’
803 3259 844 3328 ὧν
862 3257 909 3329 δεῖ
924 3264 980 3340 τάς
999 3265 1137 3354 αἱρέσεις,
1161 3263 1366 3353 ἐπιτρέχομεν
1390 3275 1459 3340 ταῖς
1482 3275 1616 3355 χειροσῖν
1641 3264 1712 3328 ἀντί

111 3395 138 3432 τε
166 3383 228 3436 τῶν
254 3374 431 3463 ἀμεινόνων.
457 3372 608 3438 Ἐνθαῦθα
634 3365 671 3446 δή
697 3374 752 3437 καί
775 3373 914 3462 μάλιστα
940 3365 1098 3464 διωρίσθαι
1121 3373 1299 3464 προσήκειν,
1322 3375 1394 3438 τίνα
1414 3371 1456 3438 τά
1479 3375 1624 3464 κριτήρια
1648 3382 1710 3438 τῶν

165 3480 362 3572 πραγμάτων
385 3491 449 3545 τῶν
474 3504 509 3546 τε
533 3479 659 3571 ἀγαθῶν
684 3480 822 3545 καὶτῶν
846 3491 962 3565 κακῶν,
985 3479 1039 3544 καί
1062 3481 1132 3546 τίνα
1155 3480 1198 3546 τά
1221 3485 1260 3556 ὡς
1277 3480 1401 3557 ἀληθῶς
1425 3479 1539 3572 ἀγαθά,
1563 3482 1617 3546 καί
1640 3483 1712 3546 τίνα

164 3587 206 3653 τά
223 3589 319 3664 όντως
343 3587 437 3672 κακά,
454 3588 508 3652 καί
531 3591 602 3651 τίνα
626 3580 780 3678 ἀδιάφορα
804 3587 868 3677 μὲν,
894 3587 998 3678 ἀγαθά
1015 3579 1048 3653 δὲ
1066 3584 1287 3678 φανταζόμενα
1312 3599 1376 3665 τοῖς
1392 3592 1533 3665 πολλοῖς.
1557 3589 1709 3681 Κριτήρια

165 3695 220 3786 μὲν
245 3695 304 3787 γάρ
329 3695 502 3780 άπταιστα,
525 3695 618 3788 λόγος
641 3697 695 3761 καί
719 3706 803 3772 νοῦς,
828 3695 1021 3784 ἐπταισμένα
1046 3689 1079 3762 δὲ
1103 3700 1258 3787 φαντασία
1282 3699 1336 3763 καί
1360 3697 1512 3781 αἴσθησις,
1537 3697 1590 3762 καί
1613 3702 1628 3762 ὁ
1654 3698 1708 3789 μέν

164 3805 288 3880 ἐκείνοις
313 3803 379 3896 χρώ

108 4057 136 4096 ³0
164 4024 187 4089 f.
205 4025 258 4105 94,
276 4024 430 4090 deficiunt
453 4025 474 4090 3
498 4046 598 4091 νοτες
625 4047 715 4113 μενος
732 4021 901 4114 γιγνώσκει
917 4023 954 4088 τό
971 4021 1006 4090 όν
1023 4022 1077 4088 καί
1100 4021 1137 4086 πθ
1161 4019 1283 4097 τούτοις
1307 4023 1514 4090 ἐναντίον...
1539 4021 1575 4087 τό
1594 4021 1636 4114 μή
1663 4022 1707 4087 όν·

163 4136 179 4194 6
206 4122 239 4196 δέ
262 4131 385 4207 τούτοις
409 4130 701 4222 ἐγκαλούμενον...
727 4127 850 4220 φίζεται
875 4131 929 4221 μέν
953 4143 1016 4197 τῶν
1034 4131 1130 4196 όντων
1147 4135 1188 4206 ὡς
1206 4129 1248 4220 μὴ
1267 4130 1375 4195 όντων·
1399 4122 1588 4221 ἀποδέχεται
1612 4122 1645 4197 δὲ
1668 4130 1710 4196 τά

164 4237 207 4327 μή
233 4239 310 4304 όντα
333 4245 373 4316 ὡς
398 4239 483 4304 όντα·
508 4239 550 4306 τά
574 4239 633 4331 γάρ
658 4246 755 4306 οἰκεῖα
778 4241 981 4331 προστίθησιν
998 4239 1144 4329 ἑκάτερα,
1161 4238 1332 4330 κυριώτερα
1353 4232 1386 4305 δὲ
1402 4239 1444 4304 τά
1468 4241 1622 4330 ἀῦλότερα
1645 4251 1708 4305 τῶν

164 4347 351 4437 ἐνυλοτέρων
376 4353 416 4424 εἰς
440 4350 548 4438 κρίσιν,
573 4351 626 4414 καί
649 4349 691 4414 τά
715 4349 813 4416 έαυτά
829 4349 884 4414 καί
899 4348 940 4413 τά
957 4349 1046 4438 ἕτερα
1063 4347 1290 4439 γιγνώσκοντα,
1307 4357 1371 4412 τῶν
1389 4347 1471 4436 μήτε
1494 4346 1601 4428 ἑαυτά,
1627 4347 1709 4435 μήτε

164 4451 280 4542 θάτερα
297 4445 520 4546 διεγνωκότων.
538 4463 612 4533 Νοῦς
631 4456 685 4547 μὲν
700 4451 751 4522 ούν
764 4457 817 4522 καί
829 4457 922 4548 λόγος
937 4449 1017 4522 οἶδεν
1031 4457 1085 4519 καί
1096 4457 1207 4520 ἑαυτὸν
1222 4456 1276 4519 καί
1293 4457 1466 4545 φαντασίαν
1483 4456 1536 4521 καί
1553 4453 1705 4528 αἴσθησιν·

106 4591 134 4629 οε
163 4565 319 4649 φαντασία
344 4555 377 4628 δὲ
401 4563 460 4654 άρα
484 4564 538 4630 καί
562 4564 712 4648 αἴσθησις,
738 4568 809 4630 ούτε
832 4563 931 4630 ἑαυτά
954 4563 1158 4656 γιγνώσκειν,
1182 4566 1254 4630 οὕτε
1277 4575 1346 4629 νοῦν
1370 4565 1424 4628 καί
1445 4563 1540 4654 λόγον
1564 4563 1708 4652 πέφυκεν·

162 4666 257 4732 πάλιν
282 4669 416 4742 ἀληθινοί
440 4670 494 4762 μὲν
519 4671 634 4764 ἀγαθά,
660 4665 699 4738 δι’
717 4667 758 4738 ὧν
777 4673 860 4764 ψυχή
880 4679 1055 4740 τελειοῦται
1071 4675 1126 4739 καί
1141 4669 1179 4759 ζῆ
1203 4672 1286 4738 κατά
1311 4673 1409 4763 φύσιν·
1435 4671 1518 4737 κακά
1542 4664 1576 4736 δὲ
1600 4672 1706 4748 όντως,

163 4765 203 4840 δι’
218 4770 259 4840 ὧν
276 4779 391 4852 ἑαυτήν
403 4779 427 4862 ⁴)
446 4804 481 4845 τε
496 4786 537 4856 εἰς
555 4781 591 4845 τό
609 4783 743 4871 ἔσχατον
761 4782 832 4874 ἄγει
848 4782 901 4846 καί
918 4782 959 4847 τά
971 4788 1096 4857 ἑαυτῆς·
1114 4773 1267 4871 ἀδιάφορα
1280 4772 1322 4862 δέ,
1338 4783 1395 4844 ὅσα
1414 4770 1571 4869 μηδέτερα
1587 4779 1708 4844 τούτων

162 4885 249 4962 ὄντα,
270 4896 333 4950 τῶν
359 4886 483 4977 ἀγαθῶν
508 4891 599 4954 ἕνεκα
622 4884 728 4967 ζητεῖν
753 4890 915 4981 εἰώθαμεν·
941 4895 1017 4956 όταν
1042 4894 1145 4955 τοίνυν
1171 4891 1241 4954 ἀντί
1265 4889 1320 4978 μὲν
1345 4901 1396 4954 νοῦ
1423 4887 1506 4978 ψυχή
1534 4892 1707 4979 φαντασίαν

161 4993 333 5081 ἐφέλκηται
356 4997 430 5084 πρὸς
454 4995 509 5070 τάς
534 4998 662 5086 αἱρέσεις
686 5007 748 5062 τῶν
775 5002 858 5083 βίων,
884 5001 955 5064 ἀντὶ
977 4992 1010 5064 δὲ
1026 5000 1122 5091 λόγου
1141 4999 1198 5070 τήν
1225 5001 1258 5062 αἰ
1279 4997 1378 5082 θησιν,
1404 4997 1444 5062 τά
1470 4999 1523 5087 μὲν
1549 5001 1707 5088 ἀναγκαῖα

1260 5089 1267 5108 .

197 5247 219 5322 ¹)
238 5247 274 5302 Α.
293 5247 313 5304 f.
332 5247 377 5304 82.
995 5249 1019 5324 3)
1038 5251 1072 5305 A.
1094 5250 1162 5321 αὐτῇ.
1182 5249 1266 5311 Infra
1284 5248 1348 5306 eod.
1366 5249 1401 5305 A.
1422 5251 1655 5322 διαμαρτυρόμενος.

195 5339 218 5412 ²)
235 5339 271 5395 A.
291 5343 402 5410 Φαίδρῳ.
995 5342 1018 5415 ⁴)
1036 5342 1072 5396 In
1091 5358 1185 5413 marg.
1205 5340 1283 5397 cod.:
1303 5345 1361 5412 Περί
1381 5345 1429 5394 τῶν
1450 5343 1588 5414 κριτηρίων.
