4022 6072
869 542 1018 620 Sanctus
1037 543 1192 620 Basilius

584 958 613 1002 v.
640 935 691 999 ll.
716 931 776 996 Καὶ
799 923 894 1004 ἐπέύη
921 931 972 997 ἐπὶ
994 925 1157 1023 χερουύὶμ,
1180 932 1233 997 καὶ
1256 931 1414 1005 ὲπετάσθη
1445 937 1467 1015 ).

662 1042 707 1107 Et
729 1043 873 1108 ascendit
895 1063 991 1126 sceper
1012 1043 1182 1125 cherubim,
1205 1050 1234 1110 et
1257 1043 1383 1110 colavit.

300 1248 398 1312 Πάλιν
424 1237 476 1312 διὰ
499 1244 652 1310 τούτωνὸ
676 1235 773 1308 dauid
797 1245 835 1311 τό
859 1261 918 1327 της
940 1277 1002 1316 πη-

257 1357 376 1445 ρουσίας
408 1354 461 1419 καὶ
491 1365 548 1429 τῆς
582 1351 726 1436 βοηθείας
761 1345 855 1427 butor
885 1358 1001 1447 τάχος,

255 1463 459 1557 προαγορεύει
475 1454 509 1528 δὲ
525 1461 579 1526 καὶ
591 1463 650 1532 τὴν
669 1461 750 1550 μετά
768 1465 879 1553 σαρκὸς
895 1470 936 1541 εἰς
953 1472 1002 1531 οὺ-

258 1571 364 1660 ρανούς
390 1561 508 1636 ἄνοδον·
534 1572 565 1633 ἐν
582 1568 641 1660 γάρ
660 1580 700 1655 τῇ
727 1569 881 1659 ἀναλήψει
905 1568 999 1646 ἐπέύη

255 1678 305 1743 ἐπὶ
319 1687 381 1742 τῶν
394 1669 575 1767 χερουύὶμὸ
592 1677 731 1763 Χριστός·
748 1676 840 1742 ἅτινα
856 1681 911 1743 καὶ
926 1682 1002 1746 πτέ-

257 1810 350 1876 ρυγας
364 1789 485 1875 ἀνέμων
498 1791 513 1849 ό
527 1777 622 1849 ducib
636 1780 791 1874 όνομάζει,
805 1779 856 1853 bric
870 1790 908 1852 τό
920 1815 1003 1861 πτη-

255 1895 306 1958 νόν
323 1895 376 1959 καὶ
400 1890 452 1973 όξύ
476 1906 534 1971 τῆς
552 1900 653 1959 αὐτῶν
671 1894 797 1983 φύσεως.
818 1898 944 1973 Νοήσεις
969 1889 1003 1962 ἀὲ

255 2003 412 2095 πτέρυγας
443 2005 564 2093 ἀνέμων
589 2005 642 2068 καὶ
665 2004 725 2076 τὴν
758 2005 907 2094 νεφέλην,
933 2006 1002 2082 ἥτις

255 2111 350 2173 αὐτόν
374 2103 519 2175 ὑπέλαύε·
537 2103 588 2175 brie
605 2111 659 2200 μὲν
678 2105 729 2176 σύν
747 2122 802 2176 τοῦ
824 2116 927 2176 κλῖναι
951 2117 1002 2177 ού-

257 2217 374 2306 ρανούς,
387 2219 441 2282 καὶ
452 2213 640 2304 καταύηναι,
656 2219 927 2310 θεοπρεπεστάτην
946 2227 1001 2285 αἰ-

254 2336 311 2390 τοῦ
323 2325 382 2398 τὴν
400 2320 531 2393 κάθοδον
546 2320 690 2393 δείκνυσι·
710 2320 760 2393 dul
778 2320 811 2394 ἀὲ
824 2341 878 2394 τοῦ
892 2323 1002 2403 'entiu-

255 2459 305 2498 ναι
322 2445 384 2498 τῶν
398 2431 560 2526 χερουύὶμ,
575 2439 624 2502 ότι
637 2442 693 2512 ούκ
707 2435 748 2516 εἷς
763 2449 825 2504 τῶν
839 2441 1000 2530 τυχόντων

256 2547 361 2622 ἁπλῶς
385 2545 665 2636 όὲνανθρωπησας·
684 2553 755 2613 ἀλλ’
773 2553 885 2627 ἐκεῖνος
908 2555 1001 2630 αὑτός

254 2655 270 2714 ὁ
295 2652 399 2737 ὀφθεὶς
423 2665 488 2730 τοῖς
514 2657 613 2747 ἁγίοις
639 2661 670 2722 ἐν
694 2650 852 2747 ἀξιώματι
869 2669 914 2743 τῷ
932 2651 1002 2726 δεσ-

254 2774 384 2848 ποτικῷ.

1099 1259 1221 1326 Itcrum
1244 1259 1293 1324 his
1323 1258 1428 1324 verbis
1459 1258 1561 1324 David
1590 1258 1688 1325 refert
1715 1259 1800 1325 relo-

1057 1367 1186 1434 citatem
1218 1367 1338 1432 tutelae
1367 1371 1399 1432 et
1430 1365 1556 1446 auxilii,
1580 1388 1616 1433 sc
1646 1366 1801 1451 praedicit

1059 1471 1198 1558 [Christi]
1224 1497 1295 1540 eum
1327 1497 1422 1542 earne
1450 1475 1589 1540 reditum
1620 1475 1653 1538 in
1684 1474 1799 1540 coelos.

1057 1583 1142 1650 Nam
1164 1584 1199 1649 in
1231 1585 1414 1650 ascensione
1438 1583 1578 1650 ascendit
1602 1604 1698 1667 super
1722 1582 1800 1648 che-

1057 1690 1173 1768 rubim,
1190 1712 1269 1774 quos
1285 1713 1342 1777 per
1366 1696 1535 1758 ventorum
1552 1713 1671 1775 pennas
1697 1689 1799 1755 David

1058 1799 1210 1883 appellat,
1227 1799 1267 1863 ob
1284 1798 1412 1864 illorum
1427 1804 1573 1866 naturam
1590 1797 1756 1864 volatilem
1768 1803 1801 1862 et

1057 1906 1278 1991 impetuosam.
1307 1905 1413 1972 Etiam
1437 1907 1469 1971 in
1493 1905 1605 1991 pennis
1634 1909 1800 1971 ventorum

1058 1997 1230 2099 intelliges
1242 2014 1358 2080 nubem
1381 2036 1463 2099 qrrae
1486 2014 1618 2098 suscipit
1645 2035 1728 2078 eum.
1753 2012 1800 2077 llo

1055 2122 1139 2206 quod
1163 2120 1265 2187 coelos
1295 2120 1460 2187 inclinavit
1484 2124 1516 2184 et
1543 2119 1712 2200 descendit,
1745 2120 1800 2185 de·

1055 2229 1182 2313 scripsit
1199 2227 1266 2312 ejus
1283 2227 1466 2294 descensum
1479 2226 1573 2292 modo
1589 2227 1644 2310 qui
1661 2227 1729 2292 Deo
1754 2227 1803 2290 di·

1057 2335 1228 2420 gnissimus
1244 2338 1309 2412 est3
1327 2333 1411 2418 quod
1428 2338 1535 2399 autern
1551 2333 1691 2399 escondit
1703 2355 1800 2418 super

1056 2443 1231 2523 cherubim,
1245 2442 1380 2508 asseruit
1397 2441 1481 2526 quod
1498 2462 1562 2505 non
1578 2441 1668 2525 qnasi
1685 2441 1799 2526 vulga·

1057 2554 1100 2618 ris
1124 2553 1219 2617 homo
1242 2551 1370 2635 quidum
1387 2550 1491 2615 faetus
1507 2555 1565 2628 est,
1582 2549 1637 2613 sed
1652 2547 1707 2614 illo
1730 2549 1799 2633 ipse

1057 2643 1167 2746 quiin
1193 2659 1321 2725 Domini
1352 2659 1519 2743 majestate
1550 2659 1667 2724 sanctis
1695 2681 1801 2744 appa·

1059 2771 1134 2834 ruit.

301 3108 331 3150 v.
359 3087 409 3152 12.
434 3083 495 3148 Καὶ
518 3083 608 3150 ἔθετο
632 3085 742 3162 σκότος
760 3086 942 3177 ἀποκρυφὴν
960 3091 1067 3164 αὑτοῦ,
1084 3088 1198 3153 κύκλον
1223 3093 1317 3154 αὑτοῦ
1341 3093 1360 3161 η
1387 3085 1486 3159 σκηνὴ
1513 3090 1618 3162 αὺτοῦ,
1644 3085 1801 3149 σκοτεινόν

256 3181 336 3280 ύάωρ
358 3194 392 3257 ἐν
417 3195 555 3282 νεφέλαις
579 3193 687 3281 ἀέρων.

304 3303 350 3368 Et
366 3306 478 3384 posuit
501 3302 647 3371 tenebras
670 3305 839 3372 latibulum
862 3326 965 3386 suum,
989 3307 1026 3371 ia
1043 3307 1178 3373 circuitu
1194 3327 1251 3373 suo
1267 3305 1514 3385 tubernaculum,
1532 3326 1616 3388 uque
1639 3304 1803 3370 tenebroso

257 3411 294 3474 ιἰι
316 3411 454 3476 teretibus
477 3413 574 3477 ocris.

302 3623 363 3688 Καὶ
385 3622 520 3690 ἐνταῦθα
536 3621 595 3695 τὴν
614 3623 746 3713 ἀόρατον
764 3635 820 3691 τοῦ
842 3635 922 3690 Θεοῦ
945 3651 1005 3691 πα-

259 3732 381 3818 ρουσίαν
405 3731 458 3795 καὶ
484 3729 630 3814 βοήθειαν
655 3735 671 3793 ὁ
697 3723 793 3795 ducib
817 3737 1001 3798 αἰνίττεται·

258 3827 309 3900 dei.
332 3847 388 3900 τοῦ
412 3837 542 3913 σκότους
566 3836 689 3901 καὶτοῦ
714 3841 745 3902 ἑν
768 3849 838 3914 ταῖς
863 3841 1004 3928 νεφέλαις

258 3936 388 4018 ὕδατος·
415 3955 573 4010 σκοτεινοῦ
605 3948 693 4020 ὄντος
718 3937 769 4010 διὰ
801 3948 855 4011 τόν
880 3948 1003 4037 γνόφου,

258 4052 355 4143 ἤγουν
373 4051 432 4124 τὴν
449 4063 511 4117 τῶν
529 4063 627 4142 νεφῶν
640 4054 804 4118 πύκνωσιν·
820 4055 920 4146 ὥσπερ
934 4054 1003 4146 γάρ,

259 4162 362 4251 φησὶν,
379 4164 433 4227 ὅτε
450 4167 491 4236 εἰς
508 4162 546 4227 τό
564 4162 639 4228 Σινά
657 4163 723 4252 όρος
741 4159 875 4248 κατέύη,
889 4163 1005 4228 θύελλα

259 4267 297 4344 ἦν
320 4269 374 4333 καὶ
390 4270 571 4346 σκότοςκαὶ
587 4271 710 4361 γνόφος,
735 4272 882 4337 τουτέστι
908 4281 1004 4361 νεφῶν

258 4377 413 4454 πύκνωσις
430 4378 483 4442 καὶ
500 4373 654 4469 συνδρομὴ
667 4381 785 4468 [ταῦτα
802 4372 836 4444 δὲ
852 4379 912 4452 τὴν
936 4380 1006 4470 περὶ

259 4489 338 4552 Θεὸν
363 4489 510 4576 όιορασόαν
536 4489 590 4552 καὶ
618 4483 842 4575 ἀκαταληψίαν
874 4491 1006 4579 ἀναφαί-

260 4597 387 4678 νουσιν),
413 4594 496 4658 οὕτω
520 4595 573 4657 καὶ
596 4605 647 4658 νῦν
671 4594 833 4682 νομιστέον
867 4595 1005 4684 ἀοράτως

261 4701 355 4764 αὐτόν
372 4699 534 4766 κατελθεῖν
552 4701 605 4764 καὶ
621 4700 773 4775 νοηθησαί
787 4725 849 4789 μοι.
867 4705 1005 4791 Αἴνιγμα

259 4806 319 4898 γὰρ
344 4811 360 4870 ὁ
385 4807 496 4898 γνόφος
517 4831 570 4872 και
593 4808 631 4872 τό
648 4808 758 4882 σκότος
776 4808 864 4880 καὶὴ
891 4806 1006 4872 θύελλα

259 4926 314 4979 τοῦ
340 4915 557 5005 κεκρυμμένην
574 4909 650 4979 εἶναι
675 4913 729 4978 καὶ
753 4915 864 5005 σαρκός
889 4913 1008 5003 ὀφθαλ-

262 5031 328 5109 μοῖς
357 5013 590 5110 ἀπρόσύλητον,
615 5019 674 5092 τὴν
699 5021 920 5111 ὑπέρλαμπρον
952 5031 1006 5085 τοῦ

260 5132 339 5194 Θεοῦ
357 5117 459 5204 δόξαν·
475 5127 580 5212 κύκλῳ
598 5121 667 5202 δέη
688 5129 788 5200 σκηνὴ
816 5133 923 5214 αὐτοῦ,
939 5153 1008 5193 του·

297 5357 319 5432 ι)
338 5356 381 5413 or.
401 5361 421 5414 ι.
441 5373 461 5428 1,
483 5358 537 5414 σοι.
557 5359 618 5415 seo.

1102 3630 1164 3696 Hic
1188 3651 1262 3696 vero
1286 3626 1476 3693 invisibilem
1505 3626 1564 3691 Ilei
1588 3623 1801 3710 praesentiam

1059 3743 1091 3804 et
1113 3739 1344 3822 protectionem
1367 3736 1469 3801 David
1485 3735 1590 3800 innuit
1607 3756 1665 3818 per
1679 3733 1737 3799 has
1755 3737 1802 3798 te-

1058 3845 1172 3910 nebras
1195 3850 1228 3910 et
1251 3866 1349 3928 aquas
1372 3843 1404 3907 in
1429 3843 1575 3923 nubibus,
1600 3864 1699 3928 quum
1716 3841 1802 3906 Deus

1059 3951 1101 4016 sit
1130 3951 1164 4015 in
1198 3950 1312 4016 umbra
1341 3973 1399 4036 per
1428 3950 1617 4035 caliginem,
1648 3950 1714 4014 sive
1745 3969 1804 4032 per

1058 4057 1192 4122 nubium
1215 4057 1415 4122 densitatem.
1439 4055 1722 4136 Quemadmodum,
1746 4055 1802 4134 ait,

1058 4160 1184 4244 quando
1208 4160 1368 4227 deseendit
1391 4161 1424 4224 in
1447 4164 1590 4226 montem
1614 4157 1712 4254 Sinai,
1727 4180 1805 4244 pro·

1058 4267 1140 4334 cella
1163 4273 1233 4335 erat
1255 4271 1288 4334 et
1311 4267 1488 4334 obscuritas
1511 4271 1543 4333 et
1566 4266 1682 4352 caligo,
1709 4267 1802 4331 nimi-

1058 4400 1129 4444 rum
1164 4377 1367 4443 condensatio
1401 4376 1535 4442 nubium
1568 4379 1601 4440 et
1631 4396 1802 4441 concursus

1059 4489 1153 4570 (quae
1177 4488 1210 4550 et
1234 4485 1303 4569 ipsa
1320 4483 1503 4568 significant
1519 4483 1623 4550 Deum
1639 4503 1707 4548 esse
1729 4503 1804 4548 ocu·

1059 4593 1099 4658 lis
1121 4593 1327 4670 inaccessum,
1344 4589 1508 4675 mentique
1524 4587 1740 4674 impervium),
1756 4587 1802 4652 ita

1060 4707 1092 4768 et
1114 4724 1198 4768 nunc
1221 4698 1493 4778 considerandum,
1518 4697 1620 4763 Deum
1641 4696 1733 4761 modo
1753 4696 1802 4760 in·

1060 4810 1177 4875 visibili
1205 4807 1421 4888 descendisse,
1446 4806 1586 4890 mihique
1617 4803 1802 4870 innotuisse.

1061 4915 1260 5000 Aenigmatis
1291 4913 1376 4978 enim
1398 4913 1499 4979 instar
1529 4915 1604 4978 sunt
1637 4909 1741 4995 caligo
1770 4914 1803 4976 et

1061 5022 1210 5089 tenebrae
1238 5025 1271 5086 et
1301 5023 1484 5103 tempestas,
1513 5019 1635 5086 scilicet
1667 5017 1803 5103 gloriam

1062 5129 1121 5196 Dei
1144 5149 1280 5213 superne
1296 5128 1484 5194 emicantem
1506 5149 1572 5192 esse
1589 5124 1746 5192 occultam
1771 5129 1804 5190 et
