<?xml version="1.0" encoding="UTF-8"?>
<!DOCTYPE html PUBLIC "-//W3C//DTD XHTML 1.0 Transitional//EN"
    "http://www.w3.org/TR/xhtml1/DTD/xhtml1-transitional.dtd">
<html xmlns="http://www.w3.org/1999/xhtml" xml:lang="en" lang="en">
 <head>
  <title>
</title>
<meta http-equiv="Content-Type" content="text/html;charset=utf-8" />
  <meta name='ocr-system' content='tesseract 3.04.00' />
  <meta name='ocr-capabilities' content='ocr_page ocr_carea ocr_par ocr_line ocrx_word'/>
</head>
<body>
  <div class='ocr_page' id='page_1' title='image "./analectasacrasp02pitrgoog_0317.png"; bbox 0 0 3978 6070; ppageno 0'>
   <div class='ocr_carea' id='block_1_1' title="bbox 1354 517 1360 548">
    <p class='ocr_par' dir='ltr' id='par_1_1' title="bbox 1354 517 1360 548">
     <span class='ocr_line' id='line_1_1' title="bbox 1354 517 1360 548; baseline 0 0"><span class='ocrx_word' id='word_1_1' title='bbox 1354 517 1360 548; x_wconf 77' lang='grc' dir='ltr'>ί</span> 
     </span>
    </p>
   </div>
   <div class='ocr_carea' id='block_1_2' title="bbox 263 509 1388 606">
    <p class='ocr_par' dir='ltr' id='par_1_2' title="bbox 263 509 1388 606">
     <span class='ocr_line' id='line_1_2' title="bbox 263 509 1388 606; baseline 0.003 -5"><span class='ocrx_word' id='word_1_2' title='bbox 263 515 300 592; x_wconf 73' lang='grc'>58</span> <span class='ocrx_word' id='word_1_3' title='bbox 692 509 814 603; x_wconf 80' lang='lat' dir='ltr'><em>Proclo</em></span> <span class='ocrx_word' id='word_1_4' title='bbox 832 527 946 603; x_wconf 81' lang='lat' dir='ltr'><em>lumen</em></span> <span class='ocrx_word' id='word_1_5' title='bbox 965 534 1013 602; x_wconf 80' lang='grc' dir='ltr'>εει</span> <span class='ocrx_word' id='word_1_6' title='bbox 1029 515 1129 604; x_wconf 68' lang='lat' dir='ltr'><strong><em>totius</em></strong></span> <span class='ocrx_word' id='word_1_7' title='bbox 1148 529 1270 606; x_wconf 78' lang='lat' dir='ltr'><em>mundi</em></span> <span class='ocrx_word' id='word_1_8' title='bbox 1288 529 1388 606; x_wconf 80' lang='grc' dir='ltr'>ὑαειε.</span> 
     </span>
    </p>
   </div>
   <div class='ocr_carea' id='block_1_3' title="bbox 262 696 1817 1008">
    <p class='ocr_par' dir='ltr' id='par_1_3' title="bbox 262 696 1817 1008">
     <span class='ocr_line' id='line_1_3' title="bbox 262 696 1813 800; baseline 0.006 -37"><span class='ocrx_word' id='word_1_9' title='bbox 262 699 441 790; x_wconf 88' lang='grc' dir='ltr'>κινοὺμενος</span> <span class='ocrx_word' id='word_1_10' title='bbox 459 714 523 778; x_wconf 75' lang='grc' dir='ltr'>τοῖς</span> <span class='ocrx_word' id='word_1_11' title='bbox 543 706 656 768; x_wconf 88' lang='grc' dir='ltr'>ἑαυτοῦ</span> <span class='ocrx_word' id='word_1_12' title='bbox 674 701 808 793; x_wconf 88' lang='grc' dir='ltr'>μέρεσιν,</span> <span class='ocrx_word' id='word_1_13' title='bbox 825 696 1017 794; x_wconf 80' lang='grc' dir='ltr'>μεταὸαλών</span> <span class='ocrx_word' id='word_1_14' title='bbox 1033 704 1090 782; x_wconf 80' lang='grc' dir='ltr'>τάς</span> <span class='ocrx_word' id='word_1_15' title='bbox 1108 717 1170 772; x_wconf 88' lang='grc' dir='ltr'>τῶν</span> <span class='ocrx_word' id='word_1_16' title='bbox 1188 717 1288 798; x_wconf 82' lang='grc' dir='ltr'>μερῶν</span> <span class='ocrx_word' id='word_1_17' title='bbox 1305 699 1432 797; x_wconf 76' lang='grc' dir='ltr'>ἔδρασεν</span> <span class='ocrx_word' id='word_1_18' title='bbox 1454 703 1499 784; x_wconf 85' lang='grc' dir='ltr'>αίς</span> <span class='ocrx_word' id='word_1_19' title='bbox 1524 709 1656 774; x_wconf 84' lang='grc' dir='ltr'>ἕκαστον</span> <span class='ocrx_word' id='word_1_20' title='bbox 1680 711 1813 800; x_wconf 90' lang='grc' dir='ltr'>γίνεται,</span> 
     </span>
     <span class='ocr_line' id='line_1_4' title="bbox 263 803 1817 908; baseline 0.005 -34"><span class='ocrx_word' id='word_1_21' title='bbox 263 803 353 901; x_wconf 83' lang='grc' dir='ltr'>ἕδραν</span> <span class='ocrx_word' id='word_1_22' title='bbox 378 811 450 876; x_wconf 84' lang='grc' dir='ltr'>τινά</span> <span class='ocrx_word' id='word_1_23' title='bbox 468 813 561 900; x_wconf 82' lang='grc' dir='ltr'>ἔχειν,</span> <span class='ocrx_word' id='word_1_24' title='bbox 578 811 686 902; x_wconf 81' lang='grc' dir='ltr'>ἑτέραν</span> <span class='ocrx_word' id='word_1_25' title='bbox 711 822 774 876; x_wconf 90' lang='grc' dir='ltr'>τῶν</span> <span class='ocrx_word' id='word_1_26' title='bbox 797 837 834 878; x_wconf 89' lang='grc' dir='ltr'>τε</span> <span class='ocrx_word' id='word_1_27' title='bbox 852 822 950 903; x_wconf 80' lang='grc' dir='ltr'>μερῶν</span> <span class='ocrx_word' id='word_1_28' title='bbox 968 813 1093 879; x_wconf 84' lang='grc' dir='ltr'>καὶτοῦ</span> <span class='ocrx_word' id='word_1_29' title='bbox 1111 817 1194 880; x_wconf 83' lang='grc' dir='ltr'>ὅλου·</span> <span class='ocrx_word' id='word_1_30' title='bbox 1210 827 1304 880; x_wconf 88' lang='grc' dir='ltr'>τοῦτο</span> <span class='ocrx_word' id='word_1_31' title='bbox 1321 815 1380 908; x_wconf 85' lang='grc' dir='ltr'>γάρ</span> <span class='ocrx_word' id='word_1_32' title='bbox 1398 821 1428 882; x_wconf 85' lang='grc' dir='ltr'>ἑν</span> <span class='ocrx_word' id='word_1_33' title='bbox 1446 816 1527 900; x_wconf 77' lang='grc' dir='ltr'>τῷῆ</span> <span class='ocrx_word' id='word_1_34' title='bbox 1554 819 1645 906; x_wconf 89' lang='grc' dir='ltr'>μένον</span> <span class='ocrx_word' id='word_1_35' title='bbox 1669 816 1688 888; x_wconf 78' lang='grc' dir='ltr'><strong>ἢ</strong></span> <span class='ocrx_word' id='word_1_36' title='bbox 1715 816 1817 881; x_wconf 87' lang='grc' dir='ltr'>κινοὺ-</span> 
     </span>
     <span class='ocr_line' id='line_1_5' title="bbox 264 915 1815 1008; baseline 0.001 -24"><span class='ocrx_word' id='word_1_37' title='bbox 264 919 356 1008; x_wconf 90' lang='grc' dir='ltr'>μενὺν</span> <span class='ocrx_word' id='word_1_38' title='bbox 381 923 465 986; x_wconf 87' lang='grc' dir='ltr'>ἐστιν</span> <span class='ocrx_word' id='word_1_39' title='bbox 489 923 624 1008; x_wconf 76' lang='grc' dir='ltr'>ἐκείνου,</span> <span class='ocrx_word' id='word_1_40' title='bbox 649 925 680 987; x_wconf 83' lang='grc' dir='ltr'>ἐν</span> <span class='ocrx_word' id='word_1_41' title='bbox 711 927 736 1006; x_wconf 83' lang='grc' dir='ltr'>ᾡ</span> <span class='ocrx_word' id='word_1_42' title='bbox 760 921 904 999; x_wconf 83' lang='grc' dir='ltr'>ἕστηκεν,</span> <span class='ocrx_word' id='word_1_43' title='bbox 928 921 947 995; x_wconf 79' lang='grc' dir='ltr'><strong>ἢ</strong></span> <span class='ocrx_word' id='word_1_44' title='bbox 973 915 1006 1001; x_wconf 79' lang='grc' dir='ltr'>ἐξ</span> <span class='ocrx_word' id='word_1_45' title='bbox 1031 919 1064 988; x_wconf 87' lang='grc' dir='ltr'>οὑ</span> <span class='ocrx_word' id='word_1_46' title='bbox 1088 935 1238 1008; x_wconf 85' lang='grc' dir='ltr'>κινεῖται,</span> <span class='ocrx_word' id='word_1_47' title='bbox 1262 925 1315 990; x_wconf 90' lang='grc' dir='ltr'>καί</span> <span class='ocrx_word' id='word_1_48' title='bbox 1338 931 1379 1000; x_wconf 83' lang='grc' dir='ltr'>εἰς</span> <span class='ocrx_word' id='word_1_49' title='bbox 1404 927 1420 990; x_wconf 90' lang='grc' dir='ltr'>ό</span> <span class='ocrx_word' id='word_1_50' title='bbox 1444 937 1590 992; x_wconf 84' lang='grc' dir='ltr'>κινεῖται·</span> <span class='ocrx_word' id='word_1_51' title='bbox 1616 925 1738 998; x_wconf 87' lang='grc' dir='ltr'>ταὺτην</span> <span class='ocrx_word' id='word_1_52' title='bbox 1762 919 1815 990; x_wconf 85' lang='grc' dir='ltr'>οὑν</span> 
     </span>
    </p>
   </div>
   <div class='ocr_carea' id='block_1_4' title="bbox 262 1020 1816 1124">
    <p class='ocr_par' dir='ltr' id='par_1_4' title="bbox 262 1020 1816 1124">
     <span class='ocr_line' id='line_1_6' title="bbox 262 1020 1816 1124; baseline 0.005 -33"><span class='ocrx_word' id='word_1_53' title='bbox 262 1026 321 1102; x_wconf 81' lang='grc' dir='ltr'>τὴν</span> <span class='ocrx_word' id='word_1_54' title='bbox 339 1020 429 1120; x_wconf 84' lang='grc' dir='ltr'>ἕδραν</span> <span class='ocrx_word' id='word_1_55' title='bbox 453 1040 508 1094; x_wconf 92' lang='grc' dir='ltr'>τοῦ</span> <span class='ocrx_word' id='word_1_56' title='bbox 533 1032 661 1120; x_wconf 90' lang='grc' dir='ltr'>οὐρανοῦ</span> <span class='ocrx_word' id='word_1_57' title='bbox 685 1033 716 1094; x_wconf 86' lang='grc' dir='ltr'>ἑν</span> <span class='ocrx_word' id='word_1_58' title='bbox 732 1025 752 1116; x_wconf 78' lang='grc' dir='ltr'><strong>ᾖ</strong></span> <span class='ocrx_word' id='word_1_59' title='bbox 770 1029 866 1113; x_wconf 86' lang='grc' dir='ltr'>ἐστίν,</span> <span class='ocrx_word' id='word_1_60' title='bbox 883 1031 938 1095; x_wconf 83' lang='grc' dir='ltr'>τόν</span> <span class='ocrx_word' id='word_1_61' title='bbox 956 1031 1053 1098; x_wconf 81' lang='grc' dir='ltr'>τόπον</span> <span class='ocrx_word' id='word_1_62' title='bbox 1070 1023 1219 1105; x_wconf 87' lang='grc' dir='ltr'>δηλονότι</span> <span class='ocrx_word' id='word_1_63' title='bbox 1242 1032 1302 1124; x_wconf 80' lang='grc' dir='ltr'>χρὴ</span> <span class='ocrx_word' id='word_1_64' title='bbox 1329 1033 1423 1124; x_wconf 84' lang='grc' dir='ltr'>φάναι</span> <span class='ocrx_word' id='word_1_65' title='bbox 1440 1035 1494 1099; x_wconf 88' lang='grc' dir='ltr'>τύν</span> <span class='ocrx_word' id='word_1_66' title='bbox 1511 1045 1567 1099; x_wconf 91' lang='grc' dir='ltr'>τοῦ</span> <span class='ocrx_word' id='word_1_67' title='bbox 1588 1033 1742 1124; x_wconf 88' lang='grc' dir='ltr'>σώματος·</span> <span class='ocrx_word' id='word_1_68' title='bbox 1761 1034 1816 1098; x_wconf 87' lang='grc' dir='ltr'>καί</span> 
     </span>
    </p>
   </div>
   <div class='ocr_carea' id='block_1_5' title="bbox 210 1237 1822 2851">
    <p class='ocr_par' dir='ltr' id='par_1_5' title="bbox 224 1237 1820 1773">
     <span class='ocr_line' id='line_1_7' title="bbox 224 1237 1816 1325; baseline 0.001 -14"><span class='ocrx_word' id='word_1_69' title='bbox 224 1273 236 1310; x_wconf 81' lang='grc' dir='ltr'>ε</span> <span class='ocrx_word' id='word_1_70' title='bbox 263 1246 287 1312; x_wconf 87' lang='lat' dir='ltr'>f.</span> <span class='ocrx_word' id='word_1_71' title='bbox 306 1246 368 1312; x_wconf 84' lang='lat'>135</span> <span class='ocrx_word' id='word_1_72' title='bbox 386 1269 417 1312; x_wconf 80' lang='lat' dir='ltr'>v.</span> <span class='ocrx_word' id='word_1_73' title='bbox 434 1245 551 1314; x_wconf 77' lang='lat' dir='ltr'>lacuna</span> <span class='ocrx_word' id='word_1_74' title='bbox 575 1249 596 1313; x_wconf 87' lang='grc'>4</span> <span class='ocrx_word' id='word_1_75' title='bbox 612 1271 695 1316; x_wconf 79' lang='lat' dir='ltr'><strong>verS.</strong></span> <span class='ocrx_word' id='word_1_76' title='bbox 714 1247 883 1323; x_wconf 86' lang='grc' dir='ltr'>...παντός</span> <span class='ocrx_word' id='word_1_77' title='bbox 900 1247 985 1312; x_wconf 88' lang='grc' dir='ltr'>ἐστίν</span> <span class='ocrx_word' id='word_1_78' title='bbox 1002 1273 1035 1312; x_wconf 90' lang='grc' dir='ltr'>τι</span> <span class='ocrx_word' id='word_1_79' title='bbox 1052 1237 1154 1314; x_wconf 84' lang='grc' dir='ltr'>δεῖ...</span> <span class='ocrx_word' id='word_1_80' title='bbox 1179 1257 1237 1323; x_wconf 80' lang='grc' dir='ltr'>τῆς</span> <span class='ocrx_word' id='word_1_81' title='bbox 1254 1245 1339 1312; x_wconf 76' lang='grc' dir='ltr'>κατά</span> <span class='ocrx_word' id='word_1_82' title='bbox 1358 1246 1456 1311; x_wconf 82' lang='grc' dir='ltr'>τόπον</span> <span class='ocrx_word' id='word_1_83' title='bbox 1473 1248 1631 1325; x_wconf 84' lang='grc' dir='ltr'>κινήσεως,</span> <span class='ocrx_word' id='word_1_84' title='bbox 1657 1241 1738 1316; x_wconf 78' lang='grc' dir='ltr'>εί...</span> <span class='ocrx_word' id='word_1_85' title='bbox 1762 1247 1816 1312; x_wconf 82' lang='grc' dir='ltr'>καί</span> 
     </span>
     <span class='ocr_line' id='line_1_8' title="bbox 264 1346 1819 1446; baseline 0.001 -27"><span class='ocrx_word' id='word_1_86' title='bbox 264 1355 319 1419; x_wconf 89' lang='grc' dir='ltr'>τύν</span> <span class='ocrx_word' id='word_1_87' title='bbox 343 1354 441 1420; x_wconf 87' lang='grc' dir='ltr'>τόπον</span> <span class='ocrx_word' id='word_1_88' title='bbox 464 1354 518 1419; x_wconf 84' lang='grc' dir='ltr'>καί</span> <span class='ocrx_word' id='word_1_89' title='bbox 534 1365 592 1430; x_wconf 80' lang='grc' dir='ltr'>τῆς</span> <span class='ocrx_word' id='word_1_90' title='bbox 610 1354 694 1420; x_wconf 81' lang='grc' dir='ltr'>κατά</span> <span class='ocrx_word' id='word_1_91' title='bbox 709 1355 807 1421; x_wconf 88' lang='grc' dir='ltr'>τόπον</span> <span class='ocrx_word' id='word_1_92' title='bbox 828 1358 957 1446; x_wconf 80' lang='grc' dir='ltr'>ἠρεμίας</span> <span class='ocrx_word' id='word_1_93' title='bbox 972 1350 1050 1421; x_wconf 85' lang='grc' dir='ltr'>εἶναι</span> <span class='ocrx_word' id='word_1_94' title='bbox 1066 1355 1120 1419; x_wconf 85' lang='grc' dir='ltr'>καί</span> <span class='ocrx_word' id='word_1_95' title='bbox 1136 1354 1196 1426; x_wconf 81' lang='grc' dir='ltr'>τὴν</span> <span class='ocrx_word' id='word_1_96' title='bbox 1213 1346 1349 1445; x_wconf 79' lang='grc' dir='ltr'>έδραν,ἢ</span> <span class='ocrx_word' id='word_1_97' title='bbox 1370 1355 1538 1446; x_wconf 85' lang='grc' dir='ltr'>άσώματός</span> <span class='ocrx_word' id='word_1_98' title='bbox 1562 1361 1645 1422; x_wconf 84' lang='grc' dir='ltr'>ἐστιν</span> <span class='ocrx_word' id='word_1_99' title='bbox 1669 1355 1689 1427; x_wconf 78' lang='grc' dir='ltr'><strong>ἢ</strong></span> <span class='ocrx_word' id='word_1_100' title='bbox 1715 1379 1819 1445; x_wconf 86' lang='grc' dir='ltr'>σωμα-</span> 
     </span>
     <span class='ocr_line' id='line_1_9' title="bbox 262 1455 1816 1555; baseline 0 -27"><span class='ocrx_word' id='word_1_101' title='bbox 262 1464 360 1540; x_wconf 89' lang='grc' dir='ltr'>τικὸς.</span> <span class='ocrx_word' id='word_1_102' title='bbox 384 1462 486 1530; x_wconf 85' lang='grc' dir='ltr'>Ἀλλά</span> <span class='ocrx_word' id='word_1_103' title='bbox 509 1462 655 1552; x_wconf 88' lang='grc' dir='ltr'>σώματος</span> <span class='ocrx_word' id='word_1_104' title='bbox 680 1465 734 1552; x_wconf 81' lang='grc' dir='ltr'>μὲν</span> <span class='ocrx_word' id='word_1_105' title='bbox 759 1455 902 1555; x_wconf 89' lang='grc' dir='ltr'>οὐδαμῶς</span> <span class='ocrx_word' id='word_1_106' title='bbox 927 1459 1003 1529; x_wconf 84' lang='grc' dir='ltr'>εἶναι</span> <span class='ocrx_word' id='word_1_107' title='bbox 1027 1456 1177 1546; x_wconf 86' lang='grc' dir='ltr'>δόναται,</span> <span class='ocrx_word' id='word_1_108' title='bbox 1200 1463 1277 1528; x_wconf 89' lang='grc' dir='ltr'>τότε</span> <span class='ocrx_word' id='word_1_109' title='bbox 1304 1463 1364 1554; x_wconf 85' lang='grc' dir='ltr'>γάρ</span> <span class='ocrx_word' id='word_1_110' title='bbox 1395 1467 1548 1555; x_wconf 81' lang='grc' dir='ltr'>χωριστόν</span> <span class='ocrx_word' id='word_1_111' title='bbox 1573 1463 1719 1554; x_wconf 89' lang='grc' dir='ltr'>σώματος</span> <span class='ocrx_word' id='word_1_112' title='bbox 1743 1466 1816 1530; x_wconf 87' lang='grc' dir='ltr'>ὅλον</span> 
     </span>
     <span class='ocr_line' id='line_1_10' title="bbox 264 1563 1817 1664; baseline 0 -28"><span class='ocrx_word' id='word_1_113' title='bbox 264 1582 430 1661; x_wconf 76' lang='grc' dir='ltr'>πανταχοῦ</span> <span class='ocrx_word' id='word_1_114' title='bbox 447 1574 542 1636; x_wconf 86' lang='grc' dir='ltr'>ἐστίν·</span> <span class='ocrx_word' id='word_1_115' title='bbox 559 1563 623 1637; x_wconf 82' lang='grc' dir='ltr'>ὅδὲ</span> <span class='ocrx_word' id='word_1_116' title='bbox 639 1571 734 1647; x_wconf 86' lang='grc' dir='ltr'>τόπος</span> <span class='ocrx_word' id='word_1_117' title='bbox 750 1575 808 1662; x_wconf 87' lang='grc' dir='ltr'>οὐχ</span> <span class='ocrx_word' id='word_1_118' title='bbox 826 1575 896 1647; x_wconf 83' lang='grc' dir='ltr'>ὅλος</span> <span class='ocrx_word' id='word_1_119' title='bbox 913 1583 1087 1662; x_wconf 81' lang='grc' dir='ltr'>πανταχοῦ,</span> <span class='ocrx_word' id='word_1_120' title='bbox 1104 1577 1139 1637; x_wconf 93' lang='grc' dir='ltr'>οὐ</span> <span class='ocrx_word' id='word_1_121' title='bbox 1155 1571 1215 1662; x_wconf 84' lang='grc' dir='ltr'>γάρ</span> <span class='ocrx_word' id='word_1_122' title='bbox 1233 1573 1305 1638; x_wconf 89' lang='grc' dir='ltr'>ὅλον</span> <span class='ocrx_word' id='word_1_123' title='bbox 1322 1574 1418 1638; x_wconf 86' lang='grc' dir='ltr'>αὐτόν</span> <span class='ocrx_word' id='word_1_124' title='bbox 1436 1573 1567 1664; x_wconf 78' lang='grc' dir='ltr'>κατέχει</span> <span class='ocrx_word' id='word_1_125' title='bbox 1581 1575 1619 1639; x_wconf 81' lang='grc' dir='ltr'>τό</span> <span class='ocrx_word' id='word_1_126' title='bbox 1637 1572 1817 1661; x_wconf 89' lang='grc' dir='ltr'>κινοὺμενον</span> 
     </span>
     <span class='ocr_line' id='line_1_11' title="bbox 265 1674 1820 1773; baseline -0.001 -28"><span class='ocrx_word' id='word_1_127' title='bbox 265 1685 338 1746; x_wconf 83' lang='grc' dir='ltr'>κατ’</span> <span class='ocrx_word' id='word_1_128' title='bbox 362 1680 467 1764; x_wconf 83' lang='grc' dir='ltr'>αὐτόν,</span> <span class='ocrx_word' id='word_1_129' title='bbox 484 1680 539 1746; x_wconf 87' lang='grc' dir='ltr'>καί</span> <span class='ocrx_word' id='word_1_130' title='bbox 563 1683 593 1746; x_wconf 83' lang='grc' dir='ltr'>ἐν</span> <span class='ocrx_word' id='word_1_131' title='bbox 619 1680 706 1764; x_wconf 83' lang='grc' dir='ltr'>ἄλλῳ</span> <span class='ocrx_word' id='word_1_132' title='bbox 729 1683 854 1773; x_wconf 88' lang='grc' dir='ltr'>γίνεται</span> <span class='ocrx_word' id='word_1_133' title='bbox 877 1681 976 1764; x_wconf 88' lang='grc' dir='ltr'>τόπῳ,</span> <span class='ocrx_word' id='word_1_134' title='bbox 993 1682 1047 1744; x_wconf 83' lang='grc' dir='ltr'>καί</span> <span class='ocrx_word' id='word_1_135' title='bbox 1071 1681 1108 1744; x_wconf 89' lang='grc' dir='ltr'>τύ</span> <span class='ocrx_word' id='word_1_136' title='bbox 1126 1679 1301 1771; x_wconf 83' lang='grc' dir='ltr'>ἀχώριστον</span> <span class='ocrx_word' id='word_1_137' title='bbox 1322 1683 1353 1746; x_wconf 85' lang='grc' dir='ltr'>έν</span> <span class='ocrx_word' id='word_1_138' title='bbox 1378 1683 1440 1746; x_wconf 88' lang='grc' dir='ltr'>τινί</span> <span class='ocrx_word' id='word_1_139' title='bbox 1464 1686 1558 1746; x_wconf 85' lang='grc' dir='ltr'>ἐστιν·</span> <span class='ocrx_word' id='word_1_140' title='bbox 1583 1683 1620 1746; x_wconf 90' lang='grc' dir='ltr'>τύ</span> <span class='ocrx_word' id='word_1_141' title='bbox 1646 1674 1680 1747; x_wconf 85' lang='grc' dir='ltr'>δὲ</span> <span class='ocrx_word' id='word_1_142' title='bbox 1702 1683 1733 1746; x_wconf 86' lang='grc' dir='ltr'>ἔν</span> <span class='ocrx_word' id='word_1_143' title='bbox 1757 1705 1820 1744; x_wconf 90' lang='grc' dir='ltr'>τινι</span> 
     </span>
    </p>

    <p class='ocr_par' dir='ltr' id='par_1_6' title="bbox 210 1782 1822 2314">
     <span class='ocr_line' id='line_1_12' title="bbox 210 1782 1819 1874; baseline 0.002 -26"><span class='ocrx_word' id='word_1_144' title='bbox 210 1813 237 1849; x_wconf 87' lang='grc' dir='ltr'>ιο</span> <span class='ocrx_word' id='word_1_145' title='bbox 262 1787 307 1864; x_wconf 89' lang='grc' dir='ltr'>ὑν,</span> <span class='ocrx_word' id='word_1_146' title='bbox 332 1792 362 1853; x_wconf 86' lang='grc' dir='ltr'>έν</span> <span class='ocrx_word' id='word_1_147' title='bbox 386 1788 490 1872; x_wconf 88' lang='grc' dir='ltr'>τοὺτῳ</span> <span class='ocrx_word' id='word_1_148' title='bbox 514 1788 609 1868; x_wconf 88' lang='grc' dir='ltr'>ἐστὶν,</span> <span class='ocrx_word' id='word_1_149' title='bbox 633 1793 664 1854; x_wconf 84' lang='grc' dir='ltr'>ἐν</span> <span class='ocrx_word' id='word_1_150' title='bbox 688 1785 712 1874; x_wconf 85' lang='grc' dir='ltr'><em>ᾧ</em></span> <span class='ocrx_word' id='word_1_151' title='bbox 737 1790 791 1855; x_wconf 84' lang='grc' dir='ltr'>καί</span> <span class='ocrx_word' id='word_1_152' title='bbox 813 1791 851 1855; x_wconf 86' lang='grc' dir='ltr'>τό</span> <span class='ocrx_word' id='word_1_153' title='bbox 872 1793 902 1855; x_wconf 85' lang='grc' dir='ltr'>ὲν</span> <span class='ocrx_word' id='word_1_154' title='bbox 921 1784 944 1852; x_wconf 84' lang='grc' dir='ltr'><strong>ὧ</strong></span> <span class='ocrx_word' id='word_1_155' title='bbox 961 1789 1054 1854; x_wconf 86' lang='grc' dir='ltr'>ἐστίν·</span> <span class='ocrx_word' id='word_1_156' title='bbox 1073 1793 1088 1852; x_wconf 87' lang='grc' dir='ltr'>ὁ</span> <span class='ocrx_word' id='word_1_157' title='bbox 1107 1782 1140 1856; x_wconf 87' lang='grc' dir='ltr'>δὲ</span> <span class='ocrx_word' id='word_1_158' title='bbox 1157 1794 1172 1852; x_wconf 89' lang='grc' dir='ltr'>ό</span> <span class='ocrx_word' id='word_1_159' title='bbox 1189 1791 1285 1866; x_wconf 84' lang='grc' dir='ltr'>τόπος</span> <span class='ocrx_word' id='word_1_160' title='bbox 1302 1801 1357 1855; x_wconf 88' lang='grc' dir='ltr'>τοῦ</span> <span class='ocrx_word' id='word_1_161' title='bbox 1375 1793 1406 1855; x_wconf 88' lang='grc' dir='ltr'>έν</span> <span class='ocrx_word' id='word_1_162' title='bbox 1424 1795 1520 1874; x_wconf 86' lang='grc' dir='ltr'>αὐτῷ,</span> <span class='ocrx_word' id='word_1_163' title='bbox 1537 1791 1591 1855; x_wconf 85' lang='grc' dir='ltr'>καί</span> <span class='ocrx_word' id='word_1_164' title='bbox 1614 1791 1652 1855; x_wconf 88' lang='grc' dir='ltr'>τύ</span> <span class='ocrx_word' id='word_1_165' title='bbox 1675 1793 1706 1854; x_wconf 83' lang='grc' dir='ltr'>ἐν</span> <span class='ocrx_word' id='word_1_166' title='bbox 1731 1789 1819 1871; x_wconf 87' lang='grc' dir='ltr'>τόπῳ</span> 
     </span>
     <span class='ocr_line' id='line_1_13' title="bbox 266 1889 1822 1989; baseline -0.001 -28"><span class='ocrx_word' id='word_1_167' title='bbox 266 1897 365 1962; x_wconf 90' lang='grc' dir='ltr'>ταῦτό</span> <span class='ocrx_word' id='word_1_168' title='bbox 388 1921 448 1962; x_wconf 91' lang='grc' dir='ltr'>που</span> <span class='ocrx_word' id='word_1_169' title='bbox 472 1891 651 1988; x_wconf 76' lang='grc' dir='ltr'>χωρίζεται.</span> <span class='ocrx_word' id='word_1_170' title='bbox 670 1900 818 1964; x_wconf 87' lang='grc' dir='ltr'>Λείπεται</span> <span class='ocrx_word' id='word_1_171' title='bbox 835 1893 895 1989; x_wconf 84' lang='grc' dir='ltr'>ἆρα</span> <span class='ocrx_word' id='word_1_172' title='bbox 912 1908 1003 1987; x_wconf 84' lang='grc' dir='ltr'>σῶμα</span> <span class='ocrx_word' id='word_1_173' title='bbox 1021 1893 1099 1962; x_wconf 83' lang='grc' dir='ltr'>εἶναι</span> <span class='ocrx_word' id='word_1_174' title='bbox 1115 1899 1170 1964; x_wconf 90' lang='grc' dir='ltr'>τύν</span> <span class='ocrx_word' id='word_1_175' title='bbox 1186 1899 1284 1964; x_wconf 90' lang='grc' dir='ltr'>τόπον</span> <span class='ocrx_word' id='word_1_176' title='bbox 1309 1901 1364 1964; x_wconf 82' lang='grc' dir='ltr'>τόν</span> <span class='ocrx_word' id='word_1_177' title='bbox 1386 1900 1546 1988; x_wconf 89' lang='grc' dir='ltr'>κοσμικόν·</span> <span class='ocrx_word' id='word_1_178' title='bbox 1570 1909 1666 1964; x_wconf 90' lang='grc' dir='ltr'>τοῦτο</span> <span class='ocrx_word' id='word_1_179' title='bbox 1691 1889 1724 1963; x_wconf 86' lang='grc' dir='ltr'>δὲ</span> <span class='ocrx_word' id='word_1_180' title='bbox 1746 1897 1822 1969; x_wconf 77' lang='grc' dir='ltr'>ἤτοι</span> 
     </span>
     <span class='ocr_line' id='line_1_14' title="bbox 267 1997 1820 2099; baseline -0.002 -28"><span class='ocrx_word' id='word_1_181' title='bbox 267 2007 415 2080; x_wconf 77' lang='grc' dir='ltr'>ἀκίνητον</span> <span class='ocrx_word' id='word_1_182' title='bbox 439 2005 459 2077; x_wconf 80' lang='grc' dir='ltr'><strong>ἢ</strong></span> <span class='ocrx_word' id='word_1_183' title='bbox 484 2004 675 2095; x_wconf 90' lang='grc' dir='ltr'>κινοὺμενον.</span> <span class='ocrx_word' id='word_1_184' title='bbox 700 2005 788 2070; x_wconf 87' lang='grc' dir='ltr'>Ἀλλ’</span> <span class='ocrx_word' id='word_1_185' title='bbox 812 2010 838 2070; x_wconf 86' lang='grc' dir='ltr'>εἰ</span> <span class='ocrx_word' id='word_1_186' title='bbox 862 2005 1051 2093; x_wconf 86' lang='grc' dir='ltr'>κινούμενον,</span> <span class='ocrx_word' id='word_1_187' title='bbox 1076 1997 1226 2081; x_wconf 84' lang='grc' dir='ltr'>δεήσεται</span> <span class='ocrx_word' id='word_1_188' title='bbox 1249 2007 1359 2092; x_wconf 88' lang='grc' dir='ltr'>τόπου,</span> <span class='ocrx_word' id='word_1_189' title='bbox 1376 2008 1429 2072; x_wconf 81' lang='grc' dir='ltr'>καί</span> <span class='ocrx_word' id='word_1_190' title='bbox 1452 2007 1523 2098; x_wconf 82' lang='grc' dir='ltr'>περὶ</span> <span class='ocrx_word' id='word_1_191' title='bbox 1545 2009 1661 2073; x_wconf 78' lang='grc' dir='ltr'>ἐκείνου</span> <span class='ocrx_word' id='word_1_192' title='bbox 1685 2006 1778 2099; x_wconf 88' lang='grc' dir='ltr'>λόγος</span> <span class='ocrx_word' id='word_1_193' title='bbox 1803 2009 1820 2068; x_wconf 92' lang='grc' dir='ltr'>ὑ</span> 
     </span>
     <span class='ocr_line' id='line_1_15' title="bbox 268 2107 1817 2205; baseline -0.001 -26"><span class='ocrx_word' id='word_1_194' title='bbox 268 2116 371 2197; x_wconf 88' lang='grc' dir='ltr'>αὐτύς,</span> <span class='ocrx_word' id='word_1_195' title='bbox 396 2115 449 2179; x_wconf 84' lang='grc' dir='ltr'>καί</span> <span class='ocrx_word' id='word_1_196' title='bbox 472 2107 587 2203; x_wconf 76' lang='grc' dir='ltr'>ἥξομεν</span> <span class='ocrx_word' id='word_1_197' title='bbox 611 2119 651 2188; x_wconf 86' lang='grc' dir='ltr'>εἰς</span> <span class='ocrx_word' id='word_1_198' title='bbox 675 2115 713 2178; x_wconf 85' lang='grc' dir='ltr'>τό</span> <span class='ocrx_word' id='word_1_199' title='bbox 737 2114 886 2187; x_wconf 81' lang='grc' dir='ltr'>ἀκίνητον</span> <span class='ocrx_word' id='word_1_200' title='bbox 920 2113 1026 2179; x_wconf 83' lang='grc' dir='ltr'>θέσθαι</span> <span class='ocrx_word' id='word_1_201' title='bbox 1057 2115 1112 2180; x_wconf 79' lang='grc' dir='ltr'>τόν</span> <span class='ocrx_word' id='word_1_202' title='bbox 1141 2116 1249 2182; x_wconf 90' lang='grc' dir='ltr'>τόπον.</span> <span class='ocrx_word' id='word_1_203' title='bbox 1274 2122 1310 2182; x_wconf 85' lang='grc' dir='ltr'>Εἰ</span> <span class='ocrx_word' id='word_1_204' title='bbox 1333 2107 1366 2182; x_wconf 88' lang='grc' dir='ltr'>δὲ</span> <span class='ocrx_word' id='word_1_205' title='bbox 1391 2118 1550 2195; x_wconf 87' lang='grc' dir='ltr'>ἀκίνητον,</span> <span class='ocrx_word' id='word_1_206' title='bbox 1574 2116 1593 2190; x_wconf 80' lang='grc' dir='ltr'><strong>ἢ</strong></span> <span class='ocrx_word' id='word_1_207' title='bbox 1620 2107 1817 2205; x_wconf 73' lang='grc' dir='ltr'>διαιρετύνῆ</span> 
     </span>
     <span class='ocr_line' id='line_1_16' title="bbox 268 2215 1820 2314; baseline -0.001 -25"><span class='ocrx_word' id='word_1_208' title='bbox 268 2217 454 2314; x_wconf 86' lang='grc' dir='ltr'>ἀδιαίρετον,</span> <span class='ocrx_word' id='word_1_209' title='bbox 466 2224 568 2313; x_wconf 81' lang='grc' dir='ltr'>ὥσπερ</span> <span class='ocrx_word' id='word_1_210' title='bbox 581 2222 635 2286; x_wconf 84' lang='grc' dir='ltr'>καί</span> <span class='ocrx_word' id='word_1_211' title='bbox 648 2224 808 2295; x_wconf 83' lang='grc' dir='ltr'>ἀκίνητον.</span> <span class='ocrx_word' id='word_1_212' title='bbox 821 2221 908 2287; x_wconf 83' lang='grc' dir='ltr'>Ἀλλ’</span> <span class='ocrx_word' id='word_1_213' title='bbox 920 2227 947 2289; x_wconf 86' lang='grc' dir='ltr'>εί</span> <span class='ocrx_word' id='word_1_214' title='bbox 960 2215 1125 2313; x_wconf 80' lang='grc' dir='ltr'>διαιρετόν,</span> <span class='ocrx_word' id='word_1_215' title='bbox 1139 2225 1260 2314; x_wconf 79' lang='grc' dir='ltr'>ἀνάγκη</span> <span class='ocrx_word' id='word_1_216' title='bbox 1277 2216 1486 2314; x_wconf 70' lang='grc' dir='ltr'>διαιρούμενον</span> <span class='ocrx_word' id='word_1_217' title='bbox 1499 2229 1550 2288; x_wconf 85' lang='grc' dir='ltr'>ὑπ’</span> <span class='ocrx_word' id='word_1_218' title='bbox 1562 2223 1660 2288; x_wconf 87' lang='grc' dir='ltr'>ἄλλου</span> <span class='ocrx_word' id='word_1_219' title='bbox 1673 2223 1820 2313; x_wconf 86' lang='grc' dir='ltr'>σώματος</span> 
     </span>
    </p>

    <p class='ocr_par' dir='ltr' id='par_1_7' title="bbox 215 2323 1820 2851">
     <span class='ocr_line' id='line_1_17' title="bbox 215 2323 1820 2423; baseline 0.001 -26"><span class='ocrx_word' id='word_1_220' title='bbox 215 2329 254 2384; x_wconf 61' lang='lat'>15&#39;</span> <span class='ocrx_word' id='word_1_221' title='bbox 268 2333 489 2421; x_wconf 84' lang='grc' dir='ltr'>ἐμπίπτοντος,</span> <span class='ocrx_word' id='word_1_222' title='bbox 514 2333 631 2418; x_wconf 79' lang='grc' dir='ltr'>σχίσεις</span> <span class='ocrx_word' id='word_1_223' title='bbox 655 2330 817 2419; x_wconf 85' lang='grc' dir='ltr'>ὑπομένειν</span> <span class='ocrx_word' id='word_1_224' title='bbox 841 2332 895 2395; x_wconf 87' lang='grc' dir='ltr'>καὶ</span> <span class='ocrx_word' id='word_1_225' title='bbox 918 2332 1069 2396; x_wconf 88' lang='grc' dir='ltr'>κινεῖσθαι</span> <span class='ocrx_word' id='word_1_226' title='bbox 1093 2341 1138 2415; x_wconf 80' lang='grc' dir='ltr'>τῷ</span> <span class='ocrx_word' id='word_1_227' title='bbox 1163 2323 1332 2423; x_wconf 87' lang='grc' dir='ltr'>διαιροῦντι</span> <span class='ocrx_word' id='word_1_228' title='bbox 1348 2332 1475 2408; x_wconf 89' lang='grc' dir='ltr'>πάντως</span> <span class='ocrx_word' id='word_1_229' title='bbox 1500 2331 1820 2422; x_wconf 85' lang='grc' dir='ltr'>ἀντιπεριῖστάμενον.</span> 
     </span>
     <span class='ocr_line' id='line_1_18' title="bbox 270 2430 1820 2530; baseline 0.001 -26"><span class='ocrx_word' id='word_1_230' title='bbox 270 2447 305 2504; x_wconf 87' lang='grc' dir='ltr'>Εἰ</span> <span class='ocrx_word' id='word_1_231' title='bbox 328 2430 362 2504; x_wconf 88' lang='grc' dir='ltr'>δέ</span> <span class='ocrx_word' id='word_1_232' title='bbox 385 2431 571 2527; x_wconf 80' lang='grc' dir='ltr'>ἀδιαίρετον,</span> <span class='ocrx_word' id='word_1_233' title='bbox 595 2437 625 2502; x_wconf 81' lang='grc' dir='ltr'>ἒν</span> <span class='ocrx_word' id='word_1_234' title='bbox 651 2438 704 2502; x_wconf 89' lang='grc' dir='ltr'>καί</span> <span class='ocrx_word' id='word_1_235' title='bbox 728 2437 854 2527; x_wconf 83' lang='grc' dir='ltr'>συνεχές</span> <span class='ocrx_word' id='word_1_236' title='bbox 872 2440 919 2504; x_wconf 84' lang='grc' dir='ltr'>ἀεὶ</span> <span class='ocrx_word' id='word_1_237' title='bbox 940 2431 1103 2530; x_wconf 90' lang='grc' dir='ltr'>διαμένειν·</span> <span class='ocrx_word' id='word_1_238' title='bbox 1129 2451 1271 2505; x_wconf 90' lang='grc' dir='ltr'>τοιοῦτον</span> <span class='ocrx_word' id='word_1_239' title='bbox 1298 2432 1332 2505; x_wconf 84' lang='grc' dir='ltr'>δὲ</span> <span class='ocrx_word' id='word_1_240' title='bbox 1355 2441 1544 2529; x_wconf 82' lang='grc' dir='ltr'>ἀνυπάρχον,</span> <span class='ocrx_word' id='word_1_241' title='bbox 1569 2439 1716 2504; x_wconf 83' lang='grc' dir='ltr'>ἁπάντων</span> <span class='ocrx_word' id='word_1_242' title='bbox 1740 2435 1820 2505; x_wconf 86' lang='grc' dir='ltr'>εἶναι</span> 
     </span>
     <span class='ocr_line' id='line_1_19' title="bbox 268 2540 1820 2639; baseline -0.001 -26"><span class='ocrx_word' id='word_1_243' title='bbox 268 2546 423 2637; x_wconf 87' lang='grc' dir='ltr'>σωμάτων</span> <span class='ocrx_word' id='word_1_244' title='bbox 449 2547 625 2610; x_wconf 86' lang='grc' dir='ltr'>άύλὸτατον</span> <span class='ocrx_word' id='word_1_245' title='bbox 650 2546 704 2610; x_wconf 87' lang='grc' dir='ltr'>καὶ</span> <span class='ocrx_word' id='word_1_246' title='bbox 728 2546 903 2631; x_wconf 86' lang='grc' dir='ltr'>θειότατον,</span> <span class='ocrx_word' id='word_1_247' title='bbox 926 2558 988 2612; x_wconf 89' lang='grc' dir='ltr'>τῶν</span> <span class='ocrx_word' id='word_1_248' title='bbox 1015 2549 1069 2639; x_wconf 82' lang='grc' dir='ltr'>μὲν</span> <span class='ocrx_word' id='word_1_249' title='bbox 1088 2549 1265 2639; x_wconf 86' lang='grc' dir='ltr'>γινωμένων</span> <span class='ocrx_word' id='word_1_250' title='bbox 1284 2554 1323 2625; x_wconf 86' lang='grc' dir='ltr'>ῶς</span> <span class='ocrx_word' id='word_1_251' title='bbox 1340 2548 1506 2639; x_wconf 85' lang='grc' dir='ltr'>ἀγένητον,</span> <span class='ocrx_word' id='word_1_252' title='bbox 1532 2551 1615 2638; x_wconf 86' lang='grc' dir='ltr'>είπερ</span> <span class='ocrx_word' id='word_1_253' title='bbox 1639 2549 1693 2612; x_wconf 84' lang='grc' dir='ltr'>καί</span> <span class='ocrx_word' id='word_1_254' title='bbox 1717 2540 1820 2614; x_wconf 84' lang='grc' dir='ltr'>ἀδιαί-</span> 
     </span>
     <span class='ocr_line' id='line_1_20' title="bbox 271 2644 1819 2746; baseline 0 -25"><span class='ocrx_word' id='word_1_255' title='bbox 271 2679 369 2745; x_wconf 89' lang='grc' dir='ltr'>ρετον,</span> <span class='ocrx_word' id='word_1_256' title='bbox 386 2664 449 2718; x_wconf 88' lang='grc' dir='ltr'>τῶν</span> <span class='ocrx_word' id='word_1_257' title='bbox 467 2644 500 2719; x_wconf 86' lang='grc' dir='ltr'>δὲ</span> <span class='ocrx_word' id='word_1_258' title='bbox 517 2645 623 2718; x_wconf 78' lang='grc' dir='ltr'>ἀϊδίων</span> <span class='ocrx_word' id='word_1_259' title='bbox 636 2660 676 2730; x_wconf 87' lang='grc' dir='ltr'>ὡς</span> <span class='ocrx_word' id='word_1_260' title='bbox 694 2655 854 2726; x_wconf 79' lang='grc' dir='ltr'>ἀκίνητον·</span> <span class='ocrx_word' id='word_1_261' title='bbox 872 2659 899 2718; x_wconf 85' lang='grc' dir='ltr'>εἰ</span> <span class='ocrx_word' id='word_1_262' title='bbox 915 2650 966 2719; x_wconf 91' lang='grc' dir='ltr'>οὐν</span> <span class='ocrx_word' id='word_1_263' title='bbox 983 2656 1026 2721; x_wconf 82' lang='grc' dir='ltr'>τά</span> <span class='ocrx_word' id='word_1_264' title='bbox 1043 2656 1193 2722; x_wconf 82' lang='grc' dir='ltr'>θειότατα</span> <span class='ocrx_word' id='word_1_265' title='bbox 1209 2667 1272 2722; x_wconf 90' lang='grc' dir='ltr'>τῶν</span> <span class='ocrx_word' id='word_1_266' title='bbox 1289 2657 1476 2746; x_wconf 86' lang='grc' dir='ltr'>κινουμένων</span> <span class='ocrx_word' id='word_1_267' title='bbox 1494 2666 1584 2746; x_wconf 84' lang='grc' dir='ltr'>ῳῶτα</span> <span class='ocrx_word' id='word_1_268' title='bbox 1600 2657 1695 2740; x_wconf 83' lang='grc' dir='ltr'>ἐστίν,</span> <span class='ocrx_word' id='word_1_269' title='bbox 1707 2658 1819 2742; x_wconf 89' lang='grc' dir='ltr'>πόλλῳ</span> 
     </span>
     <span class='ocr_line' id='line_1_21' title="bbox 270 2755 1012 2851; baseline -0.004 -23"><span class='ocrx_word' id='word_1_270' title='bbox 270 2755 371 2835; x_wconf 84' lang='grc' dir='ltr'>δήπου</span> <span class='ocrx_word' id='word_1_271' title='bbox 396 2765 517 2850; x_wconf 77' lang='grc' dir='ltr'>μᾶλλον</span> <span class='ocrx_word' id='word_1_272' title='bbox 541 2764 641 2826; x_wconf 83' lang='grc' dir='ltr'>ἐκεῖνο</span> <span class='ocrx_word' id='word_1_273' title='bbox 665 2762 702 2826; x_wconf 82' lang='grc' dir='ltr'>τό</span> <span class='ocrx_word' id='word_1_274' title='bbox 727 2771 818 2849; x_wconf 85' lang='grc' dir='ltr'>σῶμα</span> <span class='ocrx_word' id='word_1_275' title='bbox 841 2770 903 2851; x_wconf 80' lang='grc' dir='ltr'>ῳῶς</span> <span class='ocrx_word' id='word_1_276' title='bbox 927 2765 1012 2828; x_wconf 83' lang='grc' dir='ltr'>ἐστιν</span> 
     </span>
    </p>
   </div>
   <div class='ocr_carea' id='block_1_6' title="bbox 215 2975 1824 4553">
    <p class='ocr_par' dir='ltr' id='par_1_8' title="bbox 215 2975 1821 3501">
     <span class='ocr_line' id='line_1_22' title="bbox 215 2975 1820 3069; baseline 0.001 -26"><span class='ocrx_word' id='word_1_277' title='bbox 215 3005 242 3044; x_wconf 82' lang='grc' dir='ltr'>ιο</span> <span class='ocrx_word' id='word_1_278' title='bbox 268 2979 292 3045; x_wconf 89' lang='lat' dir='ltr'>f.</span> <span class='ocrx_word' id='word_1_279' title='bbox 319 2980 382 3046; x_wconf 84' lang='lat'>136</span> <span class='ocrx_word' id='word_1_280' title='bbox 405 2978 523 3044; x_wconf 80' lang='lat' dir='ltr'><strong>lacuna</strong></span> <span class='ocrx_word' id='word_1_281' title='bbox 547 2976 647 3043; x_wconf 72' lang='lat' dir='ltr'><strong>trium</strong></span> <span class='ocrx_word' id='word_1_282' title='bbox 671 2999 771 3044; x_wconf 87' lang='lat' dir='ltr'><strong>vers.:</strong></span> <span class='ocrx_word' id='word_1_283' title='bbox 798 2980 882 3046; x_wconf 77' lang='grc' dir='ltr'>...ὑ</span> <span class='ocrx_word' id='word_1_284' title='bbox 910 2975 999 3039; x_wconf 86' lang='grc' dir='ltr'>οὐσία</span> <span class='ocrx_word' id='word_1_285' title='bbox 1023 2985 1084 3064; x_wconf 83' lang='grc' dir='ltr'>ρῦς</span> <span class='ocrx_word' id='word_1_286' title='bbox 1109 2975 1163 3040; x_wconf 84' lang='grc' dir='ltr'>καί</span> <span class='ocrx_word' id='word_1_287' title='bbox 1186 2986 1348 3045; x_wconf 83' lang='grc' dir='ltr'>τοῦτο...</span> <span class='ocrx_word' id='word_1_288' title='bbox 1373 2976 1428 3054; x_wconf 85' lang='grc' dir='ltr'>τάς</span> <span class='ocrx_word' id='word_1_289' title='bbox 1449 2988 1505 3044; x_wconf 85' lang='grc' dir='ltr'>τοῦ</span> <span class='ocrx_word' id='word_1_290' title='bbox 1526 2977 1693 3055; x_wconf 87' lang='grc' dir='ltr'>Πλάτωνος</span> <span class='ocrx_word' id='word_1_291' title='bbox 1718 2979 1820 3069; x_wconf 81' lang='grc' dir='ltr'>ῥήσεις</span> 
     </span>
     <span class='ocr_line' id='line_1_23' title="bbox 269 3074 1821 3174; baseline -0.001 -23"><span class='ocrx_word' id='word_1_292' title='bbox 269 3087 307 3151; x_wconf 88' lang='grc' dir='ltr'>τύ</span> <span class='ocrx_word' id='word_1_293' title='bbox 331 3085 387 3174; x_wconf 84' lang='grc' dir='ltr'>μὲν</span> <span class='ocrx_word' id='word_1_294' title='bbox 410 3095 474 3149; x_wconf 88' lang='grc' dir='ltr'>τῶν</span> <span class='ocrx_word' id='word_1_295' title='bbox 490 3107 606 3152; x_wconf 93' lang='grc' dir='ltr'>...νον</span> <span class='ocrx_word' id='word_1_296' title='bbox 630 3076 780 3158; x_wconf 82' lang='grc' dir='ltr'>λαὸόντες</span> <span class='ocrx_word' id='word_1_297' title='bbox 796 3093 854 3158; x_wconf 81' lang='grc' dir='ltr'>τῆς</span> <span class='ocrx_word' id='word_1_298' title='bbox 873 3074 1049 3172; x_wconf 80' lang='grc' dir='ltr'>ἀδιαιρέτου</span> <span class='ocrx_word' id='word_1_299' title='bbox 1070 3084 1253 3171; x_wconf 84' lang='grc' dir='ltr'>συνεχ[είας]</span> <span class='ocrx_word' id='word_1_300' title='bbox 1275 3089 1385 3160; x_wconf 83' lang='grc' dir='ltr'>ἱκανῶς</span> <span class='ocrx_word' id='word_1_301' title='bbox 1409 3075 1597 3158; x_wconf 85' lang='grc' dir='ltr'>δηλωτικόν·</span> <span class='ocrx_word' id='word_1_302' title='bbox 1622 3087 1660 3150; x_wconf 86' lang='grc' dir='ltr'>τύ</span> <span class='ocrx_word' id='word_1_303' title='bbox 1684 3078 1718 3150; x_wconf 83' lang='grc' dir='ltr'>δὲ</span> <span class='ocrx_word' id='word_1_304' title='bbox 1740 3087 1821 3150; x_wconf 90' lang='grc' dir='ltr'>κίονι</span> 
     </span>
     <span class='ocr_line' id='line_1_24' title="bbox 269 3182 1820 3285; baseline -0.001 -27"><span class='ocrx_word' id='word_1_305' title='bbox 269 3204 426 3285; x_wconf 86' lang='grc' dir='ltr'>προσῆκον</span> <span class='ocrx_word' id='word_1_306' title='bbox 444 3203 502 3268; x_wconf 84' lang='grc' dir='ltr'>τῆς</span> <span class='ocrx_word' id='word_1_307' title='bbox 520 3193 682 3268; x_wconf 81' lang='grc' dir='ltr'>ἀκινησίας</span> <span class='ocrx_word' id='word_1_308' title='bbox 704 3191 908 3281; x_wconf 89' lang='grc' dir='ltr'>σημαντικόν·</span> <span class='ocrx_word' id='word_1_309' title='bbox 934 3192 970 3256; x_wconf 82' lang='grc' dir='ltr'>τό</span> <span class='ocrx_word' id='word_1_310' title='bbox 996 3182 1029 3256; x_wconf 85' lang='grc' dir='ltr'>δὲ</span> <span class='ocrx_word' id='word_1_311' title='bbox 1053 3193 1230 3256; x_wconf 83' lang='grc' dir='ltr'>συνεκτικόν</span> <span class='ocrx_word' id='word_1_312' title='bbox 1255 3203 1313 3268; x_wconf 81' lang='grc' dir='ltr'>τῆς</span> <span class='ocrx_word' id='word_1_313' title='bbox 1337 3202 1499 3283; x_wconf 79' lang='grc' dir='ltr'>περιφορᾶς</span> <span class='ocrx_word' id='word_1_314' title='bbox 1522 3192 1626 3269; x_wconf 83' lang='grc' dir='ltr'>πάσης</span> <span class='ocrx_word' id='word_1_315' title='bbox 1649 3203 1705 3258; x_wconf 92' lang='grc' dir='ltr'>τοῦ</span> <span class='ocrx_word' id='word_1_316' title='bbox 1728 3185 1820 3283; x_wconf 85' lang='grc' dir='ltr'>ἕδραν</span> 
     </span>
     <span class='ocr_line' id='line_1_25' title="bbox 271 3293 1819 3392; baseline 0 -25"><span class='ocrx_word' id='word_1_317' title='bbox 271 3305 348 3367; x_wconf 86' lang='grc' dir='ltr'>αὑτύ</span> <span class='ocrx_word' id='word_1_318' title='bbox 373 3296 451 3366; x_wconf 84' lang='grc' dir='ltr'>εἶναι</span> <span class='ocrx_word' id='word_1_319' title='bbox 472 3311 531 3377; x_wconf 76' lang='grc' dir='ltr'>τῆς</span> <span class='ocrx_word' id='word_1_320' title='bbox 555 3303 630 3377; x_wconf 87' lang='grc' dir='ltr'>ὅλης</span> <span class='ocrx_word' id='word_1_321' title='bbox 655 3301 795 3389; x_wconf 82' lang='grc' dir='ltr'>οὐρανίας</span> <span class='ocrx_word' id='word_1_322' title='bbox 819 3308 981 3389; x_wconf 81' lang='grc' dir='ltr'>περιφορᾶς</span> <span class='ocrx_word' id='word_1_323' title='bbox 1005 3297 1146 3375; x_wconf 79' lang='grc' dir='ltr'>ἑστώσης</span> <span class='ocrx_word' id='word_1_324' title='bbox 1169 3299 1236 3389; x_wconf 86' lang='grc' dir='ltr'>ἅμα</span> <span class='ocrx_word' id='word_1_325' title='bbox 1257 3301 1312 3366; x_wconf 82' lang='grc' dir='ltr'>καί</span> <span class='ocrx_word' id='word_1_326' title='bbox 1327 3301 1519 3391; x_wconf 88' lang='grc' dir='ltr'>κινουμένης·</span> <span class='ocrx_word' id='word_1_327' title='bbox 1536 3303 1574 3366; x_wconf 89' lang='grc' dir='ltr'>τύ</span> <span class='ocrx_word' id='word_1_328' title='bbox 1599 3295 1633 3368; x_wconf 88' lang='grc' dir='ltr'>δέ</span> <span class='ocrx_word' id='word_1_329' title='bbox 1649 3293 1819 3392; x_wconf 88' lang='grc' dir='ltr'>σὺνδεσμον</span> 
     </span>
     <span class='ocr_line' id='line_1_26' title="bbox 270 3407 1820 3501; baseline 0 -26"><span class='ocrx_word' id='word_1_330' title='bbox 270 3409 420 3501; x_wconf 86' lang='grc' dir='ltr'>ὑπάρχειν</span> <span class='ocrx_word' id='word_1_331' title='bbox 444 3419 500 3474; x_wconf 92' lang='grc' dir='ltr'>τοῦ</span> <span class='ocrx_word' id='word_1_332' title='bbox 524 3433 559 3474; x_wconf 88' lang='grc' dir='ltr'>τε</span> <span class='ocrx_word' id='word_1_333' title='bbox 583 3413 712 3498; x_wconf 89' lang='grc' dir='ltr'>οὐρανοῦ</span> <span class='ocrx_word' id='word_1_334' title='bbox 736 3411 789 3472; x_wconf 84' lang='grc' dir='ltr'>καὶ</span> <span class='ocrx_word' id='word_1_335' title='bbox 814 3418 871 3484; x_wconf 83' lang='grc' dir='ltr'>τῆς</span> <span class='ocrx_word' id='word_1_336' title='bbox 895 3419 966 3498; x_wconf 82' lang='grc' dir='ltr'>γῆς,</span> <span class='ocrx_word' id='word_1_337' title='bbox 990 3419 1044 3472; x_wconf 91' lang='grc' dir='ltr'>τοῦ</span> <span class='ocrx_word' id='word_1_338' title='bbox 1061 3407 1115 3473; x_wconf 87' lang='grc' dir='ltr'>ἕνα</span> <span class='ocrx_word' id='word_1_339' title='bbox 1131 3407 1208 3473; x_wconf 89' lang='grc' dir='ltr'>ὅντα</span> <span class='ocrx_word' id='word_1_340' title='bbox 1223 3408 1353 3498; x_wconf 87' lang='grc' dir='ltr'>πρώτως</span> <span class='ocrx_word' id='word_1_341' title='bbox 1371 3409 1448 3474; x_wconf 77' lang='grc' dir='ltr'>αὐτὸ</span> <span class='ocrx_word' id='word_1_342' title='bbox 1472 3411 1525 3474; x_wconf 91' lang='grc' dir='ltr'>καί</span> <span class='ocrx_word' id='word_1_343' title='bbox 1548 3421 1617 3486; x_wconf 87' lang='grc' dir='ltr'>ταῖς</span> <span class='ocrx_word' id='word_1_344' title='bbox 1642 3413 1741 3501; x_wconf 88' lang='grc' dir='ltr'>μερίσι</span> <span class='ocrx_word' id='word_1_345' title='bbox 1764 3421 1820 3476; x_wconf 91' lang='grc' dir='ltr'>τοῦ</span> 
     </span>
    </p>

    <p class='ocr_par' dir='ltr' id='par_1_9' title="bbox 215 3507 1823 4038">
     <span class='ocr_line' id='line_1_27' title="bbox 215 3507 1822 3607; baseline 0 -25"><span class='ocrx_word' id='word_1_346' title='bbox 215 3543 242 3582; x_wconf 82' lang='grc' dir='ltr'>ιε</span> <span class='ocrx_word' id='word_1_347' title='bbox 270 3519 389 3607; x_wconf 89' lang='grc' dir='ltr'>κόσμου</span> <span class='ocrx_word' id='word_1_348' title='bbox 407 3528 464 3594; x_wconf 83' lang='grc' dir='ltr'>τῆς</span> <span class='ocrx_word' id='word_1_349' title='bbox 481 3516 616 3592; x_wconf 88' lang='grc' dir='ltr'>ἑνώσεως</span> <span class='ocrx_word' id='word_1_350' title='bbox 634 3519 733 3581; x_wconf 83' lang='grc' dir='ltr'>αἴτιον</span> <span class='ocrx_word' id='word_1_351' title='bbox 750 3527 909 3607; x_wconf 88' lang='grc' dir='ltr'>προσεχῶς</span> <span class='ocrx_word' id='word_1_352' title='bbox 933 3515 1082 3607; x_wconf 81' lang='grc' dir='ltr'>ὑπάρχειν</span> <span class='ocrx_word' id='word_1_353' title='bbox 1098 3512 1132 3600; x_wconf 84' lang='lat'>¹)·</span> <span class='ocrx_word' id='word_1_354' title='bbox 1150 3517 1188 3580; x_wconf 86' lang='grc' dir='ltr'>τὸ</span> <span class='ocrx_word' id='word_1_355' title='bbox 1205 3507 1239 3580; x_wconf 87' lang='grc' dir='ltr'>δέ</span> <span class='ocrx_word' id='word_1_356' title='bbox 1254 3526 1295 3600; x_wconf 75' lang='grc' dir='ltr'>τῇ</span> <span class='ocrx_word' id='word_1_357' title='bbox 1313 3507 1384 3605; x_wconf 87' lang='grc' dir='ltr'>ἴριδι</span> <span class='ocrx_word' id='word_1_358' title='bbox 1398 3527 1554 3607; x_wconf 79' lang='grc' dir='ltr'>προσφερῆ</span> <span class='ocrx_word' id='word_1_359' title='bbox 1572 3513 1659 3595; x_wconf 84' lang='grc' dir='ltr'>εἶναι,</span> <span class='ocrx_word' id='word_1_360' title='bbox 1682 3529 1737 3582; x_wconf 83' lang='grc' dir='ltr'>τοῦ</span> <span class='ocrx_word' id='word_1_361' title='bbox 1753 3542 1822 3583; x_wconf 89' lang='grc' dir='ltr'>ποι-</span> 
     </span>
     <span class='ocr_line' id='line_1_28' title="bbox 270 3615 1819 3715; baseline -0.001 -25"><span class='ocrx_word' id='word_1_362' title='bbox 270 3619 358 3690; x_wconf 91' lang='grc' dir='ltr'>κίλον</span> <span class='ocrx_word' id='word_1_363' title='bbox 383 3622 512 3714; x_wconf 83' lang='grc' dir='ltr'>ὁρᾶσθαι</span> <span class='ocrx_word' id='word_1_364' title='bbox 537 3615 588 3689; x_wconf 85' lang='grc' dir='ltr'>διά</span> <span class='ocrx_word' id='word_1_365' title='bbox 605 3623 662 3700; x_wconf 84' lang='grc' dir='ltr'>τάς</span> <span class='ocrx_word' id='word_1_366' title='bbox 678 3635 742 3690; x_wconf 87' lang='grc' dir='ltr'>τῶν</span> <span class='ocrx_word' id='word_1_367' title='bbox 759 3622 901 3714; x_wconf 88' lang='grc' dir='ltr'>ὁρώντων</span> <span class='ocrx_word' id='word_1_368' title='bbox 918 3619 1010 3710; x_wconf 74' lang='grc' dir='ltr'>ὄψεις,</span> <span class='ocrx_word' id='word_1_369' title='bbox 1035 3625 1069 3686; x_wconf 91' lang='grc' dir='ltr'>οὐ</span> <span class='ocrx_word' id='word_1_370' title='bbox 1087 3621 1251 3698; x_wconf 89' lang='grc' dir='ltr'>σθενοὺσας</span> <span class='ocrx_word' id='word_1_371' title='bbox 1276 3622 1401 3698; x_wconf 81' lang='grc' dir='ltr'>ἀπαθῶς</span> <span class='ocrx_word' id='word_1_372' title='bbox 1419 3627 1503 3708; x_wconf 83' lang='grc' dir='ltr'>αὐτῷ</span> <span class='ocrx_word' id='word_1_373' title='bbox 1519 3617 1739 3715; x_wconf 80' lang='grc' dir='ltr'>προσὺάλλειν·</span> <span class='ocrx_word' id='word_1_374' title='bbox 1757 3627 1819 3710; x_wconf 86' lang='grc' dir='ltr'>ὅσῳ</span> 
     </span>
     <span class='ocr_line' id='line_1_29' title="bbox 270 3721 1822 3824; baseline -0.001 -28"><span class='ocrx_word' id='word_1_375' title='bbox 270 3732 330 3824; x_wconf 83' lang='grc' dir='ltr'>γάρ</span> <span class='ocrx_word' id='word_1_376' title='bbox 355 3731 564 3822; x_wconf 78' lang='grc' dir='ltr'>ἁπλούστερός</span> <span class='ocrx_word' id='word_1_377' title='bbox 586 3737 670 3798; x_wconf 79' lang='grc' dir='ltr'>ἐστιν</span> <span class='ocrx_word' id='word_1_378' title='bbox 694 3741 756 3797; x_wconf 89' lang='grc' dir='ltr'>τῶν</span> <span class='ocrx_word' id='word_1_379' title='bbox 781 3732 885 3796; x_wconf 84' lang='grc' dir='ltr'>ἄλλων</span> <span class='ocrx_word' id='word_1_380' title='bbox 911 3735 1043 3821; x_wconf 78' lang='grc' dir='ltr'>ὁρατῶν,</span> <span class='ocrx_word' id='word_1_381' title='bbox 1067 3729 1210 3813; x_wconf 89' lang='grc' dir='ltr'>τοσοὺτῳ</span> <span class='ocrx_word' id='word_1_382' title='bbox 1235 3721 1337 3794; x_wconf 88' lang='grc' dir='ltr'>δεῖται</span> <span class='ocrx_word' id='word_1_383' title='bbox 1359 3740 1422 3795; x_wconf 91' lang='grc' dir='ltr'>τῶν</span> <span class='ocrx_word' id='word_1_384' title='bbox 1447 3729 1589 3820; x_wconf 85' lang='grc' dir='ltr'>ὁρώντων</span> <span class='ocrx_word' id='word_1_385' title='bbox 1613 3730 1822 3821; x_wconf 87' lang='grc' dir='ltr'>άπαθέστερον</span> 
     </span>
     <span class='ocr_line' id='line_1_30' title="bbox 272 3829 1823 3931; baseline 0 -27"><span class='ocrx_word' id='word_1_386' title='bbox 272 3845 358 3924; x_wconf 85' lang='grc' dir='ltr'>αὐτῷ</span> <span class='ocrx_word' id='word_1_387' title='bbox 381 3833 655 3931; x_wconf 79' lang='grc' dir='ltr'>προσὸαλλὸντων·</span> <span class='ocrx_word' id='word_1_388' title='bbox 671 3842 710 3904; x_wconf 83' lang='grc' dir='ltr'>τό</span> <span class='ocrx_word' id='word_1_389' title='bbox 727 3831 760 3904; x_wconf 85' lang='grc' dir='ltr'>δὲ</span> <span class='ocrx_word' id='word_1_390' title='bbox 777 3845 812 3906; x_wconf 85' lang='grc' dir='ltr'>ὲκ</span> <span class='ocrx_word' id='word_1_391' title='bbox 828 3851 882 3904; x_wconf 89' lang='grc' dir='ltr'>τοῦ</span> <span class='ocrx_word' id='word_1_392' title='bbox 901 3844 1027 3928; x_wconf 90' lang='grc' dir='ltr'>οὐρανοῦ</span> <span class='ocrx_word' id='word_1_393' title='bbox 1043 3835 1197 3902; x_wconf 85' lang='grc' dir='ltr'>τετάσθαι</span> <span class='ocrx_word' id='word_1_394' title='bbox 1212 3834 1254 3901; x_wconf 86' lang='grc' dir='ltr'>τά</span> <span class='ocrx_word' id='word_1_395' title='bbox 1276 3836 1356 3926; x_wconf 84' lang='grc' dir='ltr'>ἄκρα</span> <span class='ocrx_word' id='word_1_396' title='bbox 1373 3843 1469 3901; x_wconf 90' lang='grc' dir='ltr'>αὐτοῦ</span> <span class='ocrx_word' id='word_1_397' title='bbox 1485 3847 1547 3902; x_wconf 90' lang='grc' dir='ltr'>τῶν</span> <span class='ocrx_word' id='word_1_398' title='bbox 1565 3829 1697 3928; x_wconf 87' lang='grc' dir='ltr'>δεσμῶν,</span> <span class='ocrx_word' id='word_1_399' title='bbox 1720 3863 1823 3929; x_wconf 87' lang='grc' dir='ltr'>παρα-</span> 
     </span>
     <span class='ocr_line' id='line_1_31' title="bbox 272 3937 1823 4038; baseline -0.003 -25"><span class='ocrx_word' id='word_1_400' title='bbox 272 3948 423 4013; x_wconf 87' lang='grc' dir='ltr'>στατικὸν</span> <span class='ocrx_word' id='word_1_401' title='bbox 447 3943 524 4014; x_wconf 86' lang='grc' dir='ltr'>εἶναι</span> <span class='ocrx_word' id='word_1_402' title='bbox 539 3959 594 4013; x_wconf 83' lang='grc' dir='ltr'>τοῦ</span> <span class='ocrx_word' id='word_1_403' title='bbox 612 3949 697 4037; x_wconf 75' lang='grc' dir='ltr'>μήτε</span> <span class='ocrx_word' id='word_1_404' title='bbox 713 3948 826 4037; x_wconf 84' lang='grc' dir='ltr'>ὑπέραν</span> <span class='ocrx_word' id='word_1_405' title='bbox 851 3949 934 4036; x_wconf 78' lang='grc' dir='ltr'>ἔχειν</span> <span class='ocrx_word' id='word_1_406' title='bbox 951 3957 1006 4010; x_wconf 88' lang='grc' dir='ltr'>τοῦ</span> <span class='ocrx_word' id='word_1_407' title='bbox 1022 3946 1152 4029; x_wconf 84' lang='grc' dir='ltr'>παντός,</span> <span class='ocrx_word' id='word_1_408' title='bbox 1169 3945 1253 4034; x_wconf 75' lang='grc' dir='ltr'>μήτε</span> <span class='ocrx_word' id='word_1_409' title='bbox 1270 3947 1341 4009; x_wconf 84' lang='grc' dir='ltr'>εἵσω</span> <span class='ocrx_word' id='word_1_410' title='bbox 1357 3947 1477 4036; x_wconf 81' lang='grc' dir='ltr'>λήγειν·</span> <span class='ocrx_word' id='word_1_411' title='bbox 1502 3937 1550 4011; x_wconf 85' lang='grc' dir='ltr'>δεῖ</span> <span class='ocrx_word' id='word_1_412' title='bbox 1567 3945 1626 4038; x_wconf 82' lang='grc' dir='ltr'>γάρ</span> <span class='ocrx_word' id='word_1_413' title='bbox 1651 3947 1723 4012; x_wconf 88' lang='grc' dir='ltr'>ὅλον</span> <span class='ocrx_word' id='word_1_414' title='bbox 1747 3940 1823 4011; x_wconf 86' lang='grc' dir='ltr'>εἷναι</span> 
     </span>
    </p>

    <p class='ocr_par' dir='ltr' id='par_1_10' title="bbox 217 4045 1824 4553">
     <span class='ocr_line' id='line_1_32' title="bbox 217 4045 1822 4145; baseline 0.001 -29"><span class='ocrx_word' id='word_1_415' title='bbox 217 4080 245 4116; x_wconf 80' lang='grc' dir='ltr'>ιι</span> <span class='ocrx_word' id='word_1_416' title='bbox 271 4057 326 4122; x_wconf 89' lang='grc' dir='ltr'>τύν</span> <span class='ocrx_word' id='word_1_417' title='bbox 349 4055 476 4144; x_wconf 82' lang='grc' dir='ltr'>οὐρανόν</span> <span class='ocrx_word' id='word_1_418' title='bbox 500 4058 531 4119; x_wconf 87' lang='grc' dir='ltr'>ἐν</span> <span class='ocrx_word' id='word_1_419' title='bbox 555 4055 654 4138; x_wconf 88' lang='grc' dir='ltr'>τόπῳ,</span> <span class='ocrx_word' id='word_1_420' title='bbox 678 4055 732 4118; x_wconf 82' lang='grc' dir='ltr'>καί</span> <span class='ocrx_word' id='word_1_421' title='bbox 757 4045 854 4142; x_wconf 83' lang='grc' dir='ltr'>μηδὲν</span> <span class='ocrx_word' id='word_1_422' title='bbox 879 4048 937 4131; x_wconf 79' lang='grc' dir='ltr'>ἔξω</span> <span class='ocrx_word' id='word_1_423' title='bbox 960 4056 1086 4118; x_wconf 89' lang='grc' dir='ltr'>πίπτειν</span> <span class='ocrx_word' id='word_1_424' title='bbox 1111 4053 1207 4119; x_wconf 85' lang='grc' dir='ltr'>κενόν·</span> <span class='ocrx_word' id='word_1_425' title='bbox 1232 4053 1359 4130; x_wconf 82' lang='grc' dir='ltr'>εἰκότως</span> <span class='ocrx_word' id='word_1_426' title='bbox 1376 4048 1427 4118; x_wconf 86' lang='grc' dir='ltr'>οὐν</span> <span class='ocrx_word' id='word_1_427' title='bbox 1443 4051 1486 4119; x_wconf 87' lang='grc' dir='ltr'>τά</span> <span class='ocrx_word' id='word_1_428' title='bbox 1510 4053 1589 4145; x_wconf 83' lang='grc' dir='ltr'>ἄκρα</span> <span class='ocrx_word' id='word_1_429' title='bbox 1613 4063 1676 4119; x_wconf 89' lang='grc' dir='ltr'>τῶν</span> <span class='ocrx_word' id='word_1_430' title='bbox 1701 4045 1822 4143; x_wconf 87' lang='grc' dir='ltr'>δεσμῶν</span> 
     </span>
     <span class='ocr_line' id='line_1_33' title="bbox 272 4155 1824 4252; baseline -0.002 -24"><span class='ocrx_word' id='word_1_431' title='bbox 272 4169 378 4240; x_wconf 89' lang='grc' dir='ltr'>αὐτοῦ,</span> <span class='ocrx_word' id='word_1_432' title='bbox 404 4155 443 4228; x_wconf 89' lang='grc' dir='ltr'>δι’</span> <span class='ocrx_word' id='word_1_433' title='bbox 468 4157 510 4227; x_wconf 83' lang='grc' dir='ltr'>ὧν</span> <span class='ocrx_word' id='word_1_434' title='bbox 534 4165 657 4252; x_wconf 87' lang='grc' dir='ltr'>συνέχει</span> <span class='ocrx_word' id='word_1_435' title='bbox 680 4161 738 4234; x_wconf 83' lang='grc' dir='ltr'>τλν</span> <span class='ocrx_word' id='word_1_436' title='bbox 756 4160 923 4252; x_wconf 75' lang='grc' dir='ltr'>περιφοράν</span> <span class='ocrx_word' id='word_1_437' title='bbox 941 4165 1030 4241; x_wconf 90' lang='grc' dir='ltr'>ὅλην,</span> <span class='ocrx_word' id='word_1_438' title='bbox 1046 4164 1081 4227; x_wconf 87' lang='grc' dir='ltr'>έκ</span> <span class='ocrx_word' id='word_1_439' title='bbox 1098 4173 1153 4226; x_wconf 89' lang='grc' dir='ltr'>τοῦ</span> <span class='ocrx_word' id='word_1_440' title='bbox 1178 4164 1307 4252; x_wconf 88' lang='grc' dir='ltr'>οὐρανοῦ</span> <span class='ocrx_word' id='word_1_441' title='bbox 1324 4161 1458 4228; x_wconf 86' lang='grc' dir='ltr'>τέταται</span> <span class='ocrx_word' id='word_1_442' title='bbox 1473 4162 1589 4240; x_wconf 88' lang='grc' dir='ltr'>πάντα,</span> <span class='ocrx_word' id='word_1_443' title='bbox 1605 4174 1670 4240; x_wconf 88' lang='grc' dir='ltr'>τοῖς</span> <span class='ocrx_word' id='word_1_444' title='bbox 1687 4187 1722 4228; x_wconf 91' lang='grc' dir='ltr'>τε</span> <span class='ocrx_word' id='word_1_445' title='bbox 1744 4160 1824 4252; x_wconf 87' lang='grc' dir='ltr'>πρά-</span> 
     </span>
     <span class='ocr_line' id='line_1_34' title="bbox 272 4263 1824 4363; baseline -0.001 -29"><span class='ocrx_word' id='word_1_446' title='bbox 272 4294 389 4363; x_wconf 93' lang='grc' dir='ltr'>γμασιν</span> <span class='ocrx_word' id='word_1_447' title='bbox 414 4263 577 4359; x_wconf 83' lang='grc' dir='ltr'>συμὸαίνει</span> <span class='ocrx_word' id='word_1_448' title='bbox 600 4269 653 4334; x_wconf 80' lang='grc' dir='ltr'>καὶ</span> <span class='ocrx_word' id='word_1_449' title='bbox 675 4280 741 4346; x_wconf 83' lang='grc' dir='ltr'>τοῖς</span> <span class='ocrx_word' id='word_1_450' title='bbox 766 4270 900 4360; x_wconf 78' lang='grc' dir='ltr'>ῥήμασιν</span> <span class='ocrx_word' id='word_1_451' title='bbox 916 4279 971 4334; x_wconf 90' lang='grc' dir='ltr'>τοῦ</span> <span class='ocrx_word' id='word_1_452' title='bbox 987 4270 1187 4360; x_wconf 85' lang='grc' dir='ltr'>πλάσματος,</span> <span class='ocrx_word' id='word_1_453' title='bbox 1204 4269 1287 4335; x_wconf 82' lang='grc' dir='ltr'>ὥστε</span> <span class='ocrx_word' id='word_1_454' title='bbox 1311 4269 1492 4360; x_wconf 84' lang='grc' dir='ltr'>θαρροῦντες</span> <span class='ocrx_word' id='word_1_455' title='bbox 1513 4271 1666 4360; x_wconf 90' lang='grc' dir='ltr'>λέγωμεν,</span> <span class='ocrx_word' id='word_1_456' title='bbox 1690 4267 1824 4334; x_wconf 83' lang='grc' dir='ltr'>ἐνταῦθα</span> 
     </span>
     <span class='ocr_line' id='line_1_35' title="bbox 274 4369 1823 4469; baseline -0.001 -26"><span class='ocrx_word' id='word_1_457' title='bbox 274 4371 312 4451; x_wconf 85' lang='grc' dir='ltr'>δὴ</span> <span class='ocrx_word' id='word_1_458' title='bbox 345 4378 399 4443; x_wconf 87' lang='grc' dir='ltr'>καί</span> <span class='ocrx_word' id='word_1_459' title='bbox 428 4378 570 4469; x_wconf 89' lang='grc' dir='ltr'>μάλιστα</span> <span class='ocrx_word' id='word_1_460' title='bbox 600 4377 659 4452; x_wconf 74' lang='grc' dir='ltr'>τὴν</span> <span class='ocrx_word' id='word_1_461' title='bbox 690 4380 795 4443; x_wconf 88' lang='grc' dir='ltr'>οὐσίαν</span> <span class='ocrx_word' id='word_1_462' title='bbox 827 4388 882 4442; x_wconf 83' lang='grc' dir='ltr'>τοῦ</span> <span class='ocrx_word' id='word_1_463' title='bbox 914 4377 1012 4443; x_wconf 89' lang='grc' dir='ltr'>τόπου</span> <span class='ocrx_word' id='word_1_464' title='bbox 1045 4369 1243 4452; x_wconf 88' lang='grc' dir='ltr'>δεδηλῶσθαι</span> <span class='ocrx_word' id='word_1_465' title='bbox 1273 4377 1358 4468; x_wconf 85' lang='grc' dir='ltr'>παρά</span> <span class='ocrx_word' id='word_1_466' title='bbox 1389 4389 1444 4443; x_wconf 94' lang='grc' dir='ltr'>τοῦ</span> <span class='ocrx_word' id='word_1_467' title='bbox 1475 4377 1660 4458; x_wconf 86' lang='grc' dir='ltr'>Πλάτωνος,</span> <span class='ocrx_word' id='word_1_468' title='bbox 1684 4378 1734 4441; x_wconf 90' lang='grc' dir='ltr'>ὅτι</span> <span class='ocrx_word' id='word_1_469' title='bbox 1761 4387 1823 4466; x_wconf 82' lang='grc' dir='ltr'>φῶς</span> 
     </span>
     <span class='ocr_line' id='line_1_36' title="bbox 274 4483 444 4553; baseline -0.018 -1"><span class='ocrx_word' id='word_1_470' title='bbox 274 4485 355 4553; x_wconf 88' lang='grc' dir='ltr'>θεῖον</span> <span class='ocrx_word' id='word_1_471' title='bbox 381 4483 444 4552; x_wconf 82' lang='grc' dir='ltr'>οἷον</span> 
     </span>
    </p>
   </div>
   <div class='ocr_carea' id='block_1_7' title="bbox 220 4691 1825 5118">
    <p class='ocr_par' dir='ltr' id='par_1_11' title="bbox 220 4691 1825 5118">
     <span class='ocr_line' id='line_1_37' title="bbox 220 4691 1824 4793; baseline -0.001 -25"><span class='ocrx_word' id='word_1_472' title='bbox 220 4719 247 4757; x_wconf 76' lang='lat'>³⁵</span> <span class='ocrx_word' id='word_1_473' title='bbox 274 4701 298 4768; x_wconf 82' lang='lat' dir='ltr'>f.</span> <span class='ocrx_word' id='word_1_474' title='bbox 319 4703 382 4769; x_wconf 89' lang='grc'>136</span> <span class='ocrx_word' id='word_1_475' title='bbox 399 4725 441 4782; x_wconf 83' lang='grc' dir='ltr'>ν.,</span> <span class='ocrx_word' id='word_1_476' title='bbox 465 4703 500 4768; x_wconf 87' lang='lat' dir='ltr'>in</span> <span class='ocrx_word' id='word_1_477' title='bbox 515 4703 633 4770; x_wconf 80' lang='lat' dir='ltr'><strong>lacuna</strong></span> <span class='ocrx_word' id='word_1_478' title='bbox 656 4705 677 4769; x_wconf 89' lang='grc'>4</span> <span class='ocrx_word' id='word_1_479' title='bbox 700 4723 801 4770; x_wconf 85' lang='lat' dir='ltr'><strong>vers.:</strong></span> <span class='ocrx_word' id='word_1_480' title='bbox 827 4704 995 4784; x_wconf 83' lang='grc' dir='ltr'>...ἑαυτῷ</span> <span class='ocrx_word' id='word_1_481' title='bbox 1019 4701 1074 4766; x_wconf 86' lang='grc' dir='ltr'>καί</span> <span class='ocrx_word' id='word_1_482' title='bbox 1097 4704 1198 4768; x_wconf 93' lang='grc' dir='ltr'>οὐ...</span> <span class='ocrx_word' id='word_1_483' title='bbox 1219 4709 1283 4766; x_wconf 83' lang='grc' dir='ltr'>τῶν</span> <span class='ocrx_word' id='word_1_484' title='bbox 1308 4691 1544 4792; x_wconf 88' lang='grc' dir='ltr'>αὑγοειδῶν...</span> <span class='ocrx_word' id='word_1_485' title='bbox 1569 4700 1652 4768; x_wconf 81' lang='grc' dir='ltr'>ἀλλὰ</span> <span class='ocrx_word' id='word_1_486' title='bbox 1675 4702 1746 4793; x_wconf 89' lang='grc' dir='ltr'>περὶ</span> <span class='ocrx_word' id='word_1_487' title='bbox 1769 4701 1824 4793; x_wconf 84' lang='grc' dir='ltr'>μὲν</span> 
     </span>
     <span class='ocr_line' id='line_1_38' title="bbox 274 4800 1824 4902; baseline 0.002 -28"><span class='ocrx_word' id='word_1_488' title='bbox 274 4819 333 4885; x_wconf 75' lang='grc' dir='ltr'>τῆς</span> <span class='ocrx_word' id='word_1_489' title='bbox 350 4819 405 4875; x_wconf 91' lang='grc' dir='ltr'>τοῦ</span> <span class='ocrx_word' id='word_1_490' title='bbox 422 4809 590 4878; x_wconf 86' lang='grc' dir='ltr'>τόπου...</span> <span class='ocrx_word' id='word_1_491' title='bbox 616 4800 678 4874; x_wconf 85' lang='grc' dir='ltr'>ἰδία</span> <span class='ocrx_word' id='word_1_492' title='bbox 701 4807 1012 4900; x_wconf 78' lang='grc' dir='ltr'>πεπραγματεῦσθαι·</span> <span class='ocrx_word' id='word_1_493' title='bbox 1030 4820 1081 4874; x_wconf 87' lang='grc' dir='ltr'>νῦν</span> <span class='ocrx_word' id='word_1_494' title='bbox 1104 4809 1178 4899; x_wconf 86' lang='grc' dir='ltr'>πρύς</span> <span class='ocrx_word' id='word_1_495' title='bbox 1203 4807 1262 4882; x_wconf 86' lang='grc' dir='ltr'>τὴν</span> <span class='ocrx_word' id='word_1_496' title='bbox 1286 4819 1341 4873; x_wconf 89' lang='grc' dir='ltr'>τοῦ</span> <span class='ocrx_word' id='word_1_497' title='bbox 1360 4807 1457 4899; x_wconf 86' lang='grc' dir='ltr'>μόθου</span> <span class='ocrx_word' id='word_1_498' title='bbox 1480 4805 1564 4890; x_wconf 78' lang='grc' dir='ltr'>λέξιν</span> <span class='ocrx_word' id='word_1_499' title='bbox 1585 4803 1824 4902; x_wconf 80' lang='grc' dir='ltr'>ἀναδράμωμεν.</span> 
     </span>
     <span class='ocr_line' id='line_1_39' title="bbox 274 4908 1825 5008; baseline -0.001 -24"><span class='ocrx_word' id='word_1_500' title='bbox 274 4919 425 4984; x_wconf 83' lang='grc' dir='ltr'>Αείπεται</span> <span class='ocrx_word' id='word_1_501' title='bbox 448 4916 507 5008; x_wconf 78' lang='grc' dir='ltr'>γάρ</span> <span class='ocrx_word' id='word_1_502' title='bbox 531 4920 565 4984; x_wconf 84' lang='grc' dir='ltr'>τί</span> <span class='ocrx_word' id='word_1_503' title='bbox 588 4908 681 4991; x_wconf 85' lang='grc' dir='ltr'>δηλοῖ</span> <span class='ocrx_word' id='word_1_504' title='bbox 703 4919 740 4982; x_wconf 81' lang='grc' dir='ltr'>τό</span> <span class='ocrx_word' id='word_1_505' title='bbox 763 4919 817 4982; x_wconf 80' lang='grc' dir='ltr'>καί</span> <span class='ocrx_word' id='word_1_506' title='bbox 842 4909 917 4983; x_wconf 85' lang='grc' dir='ltr'>ίδεῒν</span> <span class='ocrx_word' id='word_1_507' title='bbox 942 4917 1052 4983; x_wconf 87' lang='grc' dir='ltr'>αὐτόθι</span> <span class='ocrx_word' id='word_1_508' title='bbox 1075 4916 1160 4983; x_wconf 77' lang='grc' dir='ltr'>κατά</span> <span class='ocrx_word' id='word_1_509' title='bbox 1184 4917 1278 5006; x_wconf 85' lang='grc' dir='ltr'>μέσον</span> <span class='ocrx_word' id='word_1_510' title='bbox 1301 4919 1339 4983; x_wconf 83' lang='grc' dir='ltr'>τό</span> <span class='ocrx_word' id='word_1_511' title='bbox 1369 4925 1430 5006; x_wconf 84' lang='grc' dir='ltr'>φῶς</span> <span class='ocrx_word' id='word_1_512' title='bbox 1458 4915 1692 5008; x_wconf 66' lang='grc' dir='ltr'>ἐπισκέψασθαι,</span> <span class='ocrx_word' id='word_1_513' title='bbox 1717 4919 1770 4984; x_wconf 81' lang='grc' dir='ltr'>καί</span> <span class='ocrx_word' id='word_1_514' title='bbox 1792 4921 1825 4983; x_wconf 80' lang='grc' dir='ltr'>τί</span> 
     </span>
     <span class='ocr_line' id='line_1_40' title="bbox 275 5021 1825 5118; baseline -0.001 -26"><span class='ocrx_word' id='word_1_515' title='bbox 275 5029 313 5092; x_wconf 80' lang='grc' dir='ltr'>τό</span> <span class='ocrx_word' id='word_1_516' title='bbox 337 5041 383 5103; x_wconf 86' lang='grc'>-·,-</span> <span class='ocrx_word' id='word_1_517' title='bbox 405 5023 467 5093; x_wconf 85' lang='grc' dir='ltr'>οίον</span> <span class='ocrx_word' id='word_1_518' title='bbox 491 5026 533 5093; x_wconf 80' lang='grc' dir='ltr'>τά</span> <span class='ocrx_word' id='word_1_519' title='bbox 556 5021 752 5117; x_wconf 80' lang='grc' dir='ltr'>ὑποζώματα</span> <span class='ocrx_word' id='word_1_520' title='bbox 781 5037 843 5091; x_wconf 89' lang='grc' dir='ltr'>τῶν</span> <span class='ocrx_word' id='word_1_521' title='bbox 872 5036 1024 5117; x_wconf 90' lang='grc' dir='ltr'>τριηρῶν,</span> <span class='ocrx_word' id='word_1_522' title='bbox 1048 5036 1152 5092; x_wconf 82' lang='grc' dir='ltr'>πᾶσαν</span> <span class='ocrx_word' id='word_1_523' title='bbox 1184 5026 1310 5116; x_wconf 86' lang='grc' dir='ltr'>σὺνεχον</span> <span class='ocrx_word' id='word_1_524' title='bbox 1342 5026 1402 5099; x_wconf 72' lang='grc' dir='ltr'>τὴν</span> <span class='ocrx_word' id='word_1_525' title='bbox 1434 5027 1611 5118; x_wconf 78' lang='grc' dir='ltr'>περιφοράν.</span> <span class='ocrx_word' id='word_1_526' title='bbox 1634 5041 1679 5102; x_wconf 85' lang='lat'>÷</span> <span class='ocrx_word' id='word_1_527' title='bbox 1701 5027 1745 5091; x_wconf 86' lang='grc' dir='ltr'>Τύ</span> <span class='ocrx_word' id='word_1_528' title='bbox 1770 5026 1825 5116; x_wconf 79' lang='grc' dir='ltr'>μὲν</span> 
     </span>
    </p>
   </div>
   <div class='ocr_carea' id='block_1_8' title="bbox 278 5273 1826 5438">
    <p class='ocr_par' dir='ltr' id='par_1_12' title="bbox 278 5273 1826 5438">
     <span class='ocr_line' id='line_1_41' title="bbox 315 5273 1826 5352; baseline -0.004 -20"><span class='ocrx_word' id='word_1_529' title='bbox 315 5274 338 5348; x_wconf 85' lang='lat'>¹)</span> <span class='ocrx_word' id='word_1_530' title='bbox 357 5277 394 5332; x_wconf 88' lang='lat' dir='ltr'>In</span> <span class='ocrx_word' id='word_1_531' title='bbox 412 5275 546 5348; x_wconf 77' lang='lat' dir='ltr'><strong>margine</strong></span> <span class='ocrx_word' id='word_1_532' title='bbox 565 5273 702 5332; x_wconf 67' lang='lat' dir='ltr'><strong>additur:</strong></span> <span class='ocrx_word' id='word_1_533' title='bbox 724 5279 774 5328; x_wconf 81' lang='grc' dir='ltr'>Καὶ</span> <span class='ocrx_word' id='word_1_534' title='bbox 793 5277 830 5328; x_wconf 79' lang='grc' dir='ltr'>ὅτι</span> <span class='ocrx_word' id='word_1_535' title='bbox 847 5277 959 5352; x_wconf 74' lang='grc' dir='ltr'>ὐῳὺἥναι</span> <span class='ocrx_word' id='word_1_536' title='bbox 977 5276 1027 5342; x_wconf 82' lang='grc' dir='ltr'>ἔχει</span> <span class='ocrx_word' id='word_1_537' title='bbox 1080 5281 1130 5348; x_wconf 82' lang='grc' dir='ltr'>γὰρ</span> <span class='ocrx_word' id='word_1_538' title='bbox 1150 5275 1270 5347; x_wconf 77' lang='grc' dir='ltr'>διαφέρειν</span> <span class='ocrx_word' id='word_1_539' title='bbox 1294 5280 1335 5328; x_wconf 80' lang='grc' dir='ltr'>τίν</span> <span class='ocrx_word' id='word_1_540' title='bbox 1354 5275 1486 5345; x_wconf 73' lang='grc' dir='ltr'>δεξάμενον</span> <span class='ocrx_word' id='word_1_541' title='bbox 1507 5279 1547 5329; x_wconf 81' lang='grc' dir='ltr'>τίν</span> <span class='ocrx_word' id='word_1_542' title='bbox 1567 5276 1665 5346; x_wconf 79' lang='grc' dir='ltr'>οὐρανόν</span> <span class='ocrx_word' id='word_1_543' title='bbox 1690 5276 1765 5327; x_wconf 85' lang='grc' dir='ltr'>τόπον</span> <span class='ocrx_word' id='word_1_544' title='bbox 1785 5277 1826 5326; x_wconf 81' lang='grc' dir='ltr'>τοὺ</span> 
     </span>
     <span class='ocr_line' id='line_1_42' title="bbox 278 5362 1740 5438; baseline -0.001 -20"><span class='ocrx_word' id='word_1_545' title='bbox 278 5369 322 5427; x_wconf 76' lang='grc' dir='ltr'>τῆς</span> <span class='ocrx_word' id='word_1_546' title='bbox 342 5369 517 5438; x_wconf 79' lang='grc' dir='ltr'>καθαρότητος,</span> <span class='ocrx_word' id='word_1_547' title='bbox 538 5368 570 5426; x_wconf 87' lang='grc' dir='ltr'>ὡς</span> <span class='ocrx_word' id='word_1_548' title='bbox 590 5367 687 5436; x_wconf 72' lang='grc' dir='ltr'>εἴρηται</span> <span class='ocrx_word' id='word_1_549' title='bbox 704 5369 790 5426; x_wconf 79' lang='grc' dir='ltr'>ἐντοῖς</span> <span class='ocrx_word' id='word_1_550' title='bbox 810 5371 866 5436; x_wconf 83' lang='grc' dir='ltr'>περὶ</span> <span class='ocrx_word' id='word_1_551' title='bbox 886 5365 970 5418; x_wconf 77' lang='grc' dir='ltr'>τόπου·</span> <span class='ocrx_word' id='word_1_552' title='bbox 990 5370 1029 5418; x_wconf 81' lang='grc' dir='ltr'>δεῖ</span> <span class='ocrx_word' id='word_1_553' title='bbox 1081 5362 1213 5432; x_wconf 76' lang='grc' dir='ltr'>δεξαμένου</span> <span class='ocrx_word' id='word_1_554' title='bbox 1232 5364 1277 5420; x_wconf 69' lang='grc' dir='ltr'>τάν</span> <span class='ocrx_word' id='word_1_555' title='bbox 1296 5367 1350 5435; x_wconf 72' lang='grc' dir='ltr'>γῆν.</span> <span class='ocrx_word' id='word_1_556' title='bbox 1371 5388 1406 5406; x_wconf 80' lang='lat'>··-</span> <span class='ocrx_word' id='word_1_557' title='bbox 1424 5362 1494 5420; x_wconf 83' lang='lat' dir='ltr'>Ood.</span> <span class='ocrx_word' id='word_1_558' title='bbox 1513 5363 1532 5419; x_wconf 91' lang='lat' dir='ltr'>l.</span> <span class='ocrx_word' id='word_1_559' title='bbox 1552 5365 1588 5419; x_wconf 74' lang='grc'>22</span> <span class='ocrx_word' id='word_1_560' title='bbox 1607 5365 1740 5434; x_wconf 81' lang='grc' dir='ltr'>πρισηιιὸς.</span> 
     </span>
    </p>
   </div>
   <div class='ocr_carea' id='block_1_9' title="bbox 0 0 2002 6068">
    <p class='ocr_par' dir='ltr' id='par_1_13' title="bbox 0 0 2002 6068">
     <span class='ocr_line' id='line_1_43' title="bbox 0 0 2002 6068; baseline 0 0"><span class='ocrx_word' id='word_1_561' title='bbox 0 0 2002 6068; x_wconf 95' lang='lat' dir='ltr'> </span> 
     </span>
    </p>
   </div>
  </div>
 </body>
</html>
