4006 6074
672 477 829 554 Metram
847 473 886 550 iu
903 469 1028 550 librum
1048 471 1215 552 Judicum

388 649 432 688 ²⁸⁰
454 655 626 742 Incipiunt,
650 656 812 741 septisque
834 653 916 719 nihil
939 653 1001 719 nisi
1024 674 1128 738 poenc
1150 651 1300 737 relinqui.

454 763 543 849 lrlrgo
565 763 687 849 inopes,
710 762 890 848 famemque
913 760 1009 826 simul
1031 760 1215 846 ferrumque
1238 759 1398 841 timentes,

456 873 507 938 Ad
530 871 704 939 Dominum
727 870 848 936 rediere
871 868 986 950 Deum,
1009 867 1064 952 qui
1088 867 1231 954 supplice
1254 867 1350 934 turbs

455 978 622 1060 Flectitur,
646 999 684 1046 uo
706 981 814 1044 vctem
836 975 939 1043 mittit
961 976 1016 1061 pis
1039 976 1124 1042 iussu
1146 975 1315 1057 ferentem,

455 1087 502 1152 Ut
525 1088 653 1154 tandem
676 1107 833 1153 memores
855 1101 973 1166 rerum,
997 1084 1137 1170 bellique
1160 1084 1298 1151 recentis

389 1190 432 1230 ²⁸⁸
458 1196 653 1281 despicient,
677 1194 912 1280 Dominumquc
934 1193 1043 1260 colunt
1065 1194 1121 1279 qui
1144 1194 1274 1260 numine
1296 1193 1409 1262 dextro

455 1301 618 1370 Dilectum
640 1302 759 1370 Pheris
781 1301 938 1387 populum
960 1300 1121 1368 revocavit
1144 1300 1185 1366 cb
1208 1301 1305 1381 urbe;

455 1409 526 1478 Neo
547 1433 658 1478 rursus
681 1410 789 1478 vetitis
812 1409 941 1477 adolent
964 1409 1079 1476 ulteris
1102 1407 1249 1490 llsmmis,

455 1518 525 1587 Nec
549 1541 674 1604 semper
696 1517 805 1585 faciles
828 1519 994 1585 incurrent
1017 1517 1156 1583 numinis
1179 1516 1254 1584 ires.

454 1627 597 1697 Nuntius
620 1627 694 1694 inde
717 1627 777 1694 Dei
801 1626 860 1693 sub
884 1647 1002 1712 quercu
1026 1624 1108 1693 sedit
1132 1647 1276 1707 cmoena,

389 1733 430 1770 ¹⁷⁰
456 1735 498 1802 Et
521 1735 672 1818 Gedeum,
696 1735 773 1801 dum
795 1733 882 1801 farra
905 1734 991 1812 terit,
1015 1733 1065 1800 his
1088 1733 1218 1800 vocibus
1242 1737 1356 1819 urget:

461 1843 552 1910 “llis
573 1865 644 1930 nge,
667 1864 780 1928 rumpe
803 1865 919 1924 mores,
943 1841 1101 1908 Dominus
1123 1847 1156 1908 te
1180 1864 1304 1909 sumere
1326 1842 1421 1908 iussit

462 2001 474 2030 ,
492 1951 626 2038 Sceptra
648 1953 765 2037 quibus
788 1951 925 2035 [unless]
948 1951 1105 2036 populum
1127 1951 1303 2019 subducere
1327 1950 1432 2018 fraudi
1448 2001 1474 2030 ,.

457 2058 518 2126 Ille
541 2061 634 2127 docet
656 2058 839 2140 Dominum,
864 2053 1064 2126 mordacibus
1087 2059 1227 2144 undique
1250 2059 1343 2126 dietis

456 2167 631 2250 Infensum,
655 2168 764 2234 tristes
787 2167 921 2233 nimium
944 2165 1063 2232 librare
1086 2167 1205 2250 ruinas,

389 2267 433 2307 '⁷⁵
457 2273 542 2351 Quin
565 2275 661 2341 etium
684 2273 850 2360 populum,
873 2272 964 2340 nullo
986 2274 1051 2340 ism
1074 2272 1187 2355 milite,
1211 2273 1340 2357 fessum,

458 2380 562 2468 Seque
585 2404 701 2468 purum
723 2382 939 2484 fortemqnon
962 2402 1055 2467 posse
1077 2381 1225 2447 insistere
1248 2379 1346 2448 bello.

461 2491 603 2577 Urgetur
624 2490 743 2556 servire
766 2489 844 2570 Deo,
868 2489 925 2573 qui
947 2488 1061 2555 robore
1084 2487 1169 2556 celso

457 2599 665 2666 Multimodcs
688 2598 771 2665 scies
793 2597 913 2665 invicto
936 2597 1065 2664 numine
1089 2601 1201 2664 terret.
1231 2663 1232 2666 ,

457 2707 581 2775 Adnuit
602 2707 754 2792 imperiis,
778 2711 986 2792 sanctumque
1009 2704 1049 2773 cd
1071 2706 1205 2792 prandia
1227 2707 1331 2792 poscit
1345 2728 1376 2774 z·

391 2812 434 2851 '⁸⁰
457 2817 603 2884 Hedulus
616 2813 640 2903 ²)
663 2816 805 2902 eligitur,
829 2816 898 2882 solo
920 2817 976 2902 qui
998 2815 1083 2883 luctc
1105 2812 1298 2898 relectus²),

457 2924 587 2991 Mollior
609 2929 642 2991 ct
664 2924 797 3006 cunctis,
821 2924 949 2990 errcbct
972 2924 1096 2991 nescius
1119 2923 1249 2991 herbae.

460 3032 583 3117 Azymc
605 3052 680 3098 mox
702 3031 795 3098 niues
816 3031 856 3097 de
878 3030 999 3116 polline
1022 3030 1109 3098 foetu
1131 3031 1289 3098 locentur.

463 3140 552 3207 Hsec
574 3139 688 3206 iuvene
711 3139 874 3206 admonito
897 3138 1001 3206 ricino
1023 3138 1191 3206 infundere
1214 3160 1291 3205 ssxo

459 3248 532 3333 Ipse
555 3269 686 3314 menum
709 3246 860 3328 retinens,
884 3268 1009 3312 summo
1032 3246 1071 3312 de
1094 3247 1215 3313 vertice
1238 3249 1350 3332 virgae

393 3352 435 3391 ’⁸⁵
461 3355 617 3441 Contigit,
642 3358 739 3439 utque
760 3354 865 3420 virum
888 3353 993 3421 medio
1016 3375 1159 3421 sermone
1182 3355 1325 3440 reliquit.

503 3461 592 3547 Ergo
614 3460 671 3528 ubi
693 3461 832 3546 dispexit
855 3460 995 3543 Gedeon,
1019 3460 1212 3546 Dominiqne
1235 3460 1419 3528 ministrum

459 3569 545 3636 Ante
569 3569 677 3637 oculos
699 3569 849 3636 volitcsse
872 3591 956 3650 suos,
979 3568 1034 3655 pio
1056 3573 1164 3636 mente
1187 3569 1333 3636 revolvit.

866 3783 965 3851 Cruor
987 3782 1062 3852 Vll.

461 3998 620 4069 Continuo
643 3998 782 4068 Domino
805 4005 967 4069 secretum
989 4001 1123 4069 suscitet
1146 3999 1241 4083 cltsr,

461 4109 569 4195 Atque
592 4109 664 4176 loco
687 4130 802 4176 nomen
824 4110 942 4195 posuit,
966 4131 1140 4196 pacemque
1163 4109 1299 4176 vocavit.

395 4210 438 4248 ²⁹⁰
460 4215 637 4284 Nocturnis
661 4217 801 4284 monitus
825 4217 900 4284 visis
923 4216 1059 4304 gentilis
1082 4217 1204 4302 temple

462 4321 606 4406 Subruit,
630 4330 663 4392 et
685 4325 775 4393 lucos
798 4325 865 4394 altc
886 4326 928 4392 ab
950 4325 1056 4394 radice
1079 4325 1214 4393 revellit.

461 4431 509 4499 Ae
533 4455 574 4499 ne
596 4433 751 4518 profanus
774 4433 902 4520 genitor
923 4434 1085 4501 contraris
1108 4432 1209 4501 ferret

461 4539 584 4626 Iurgia,
606 4561 666 4626 per
688 4544 815 4608 noctem
838 4540 955 4608 tacitus
978 4541 1063 4609 rnsle
1086 4541 1214 4608 condita
1236 4540 1345 4623 vortit,

463 4645 668 4714 Constituens
691 4648 837 4714 iuvenem
860 4649 1011 4716 subverse
1033 4649 1074 4715 sd
1097 4649 1219 4734 templo
1240 4649 1419 4716 iuvencum.

396 4748 440 4786 ²⁹⁵
465 4753 555 4832 Quae
577 4759 749 4840 postquam
772 4760 947 4841 compertu,
970 4754 1103 4841 pellent,
1126 4757 1313 4842 subitaeque
1336 4757 1447 4822 ruinae

464 4860 688 4928 Flummsrnnt
710 4863 850 4930 animost
875 4868 988 4930 auctor
1009 4886 1067 4949 per
1088 4867 1215 4932 moenis
1237 4864 1325 4932 fecti·

465 4966 648 5050 Quaeritur,
673 4974 706 5036 et
728 4968 818 5036 lucos
842 4969 971 5037 Gedeon
995 4972 1145 5038 stravisse
1168 4971 1309 5038 docetur.

465 5075 623 5160 Poscitur,
647 5081 685 5142 ut
708 5077 803 5144 dedet
826 5077 897 5144 lons
919 5101 980 5164 pro
1004 5080 1136 5147 crimine
1159 5085 1283 5164 nutum,

222 5303 245 5379 ¹)
264 5305 399 5365 Asturius
416 5305 500 5364 codd.
518 5311 590 5365 tres.
608 5307 678 5366 fort.
697 5309 859 5367 Hiuoulus.
1025 5310 1048 5385 ²)
1066 5309 1197 5384 refertus
1216 5312 1251 5386 Δ,
1271 5308 1305 5368 Β.
