4006 6074
668 470 762 560 Quae
780 468 975 542 animarum
995 466 1228 543 tabernacula.
1688 477 1723 533 31

175 644 199 709 f.
214 643 233 710 9
249 668 279 711 v.
292 643 409 710 lacuna
423 645 443 709 8
457 668 556 711 versa
571 646 601 708 ἐν
615 652 684 717 ταῖς
697 643 919 733 πανηγύρεσι...
933 643 1133 730 ἀφικνοῦνται
1149 639 1203 704 καί
1213 639 1400 731 πισταμένοι
1413 640 1529 717 σκηνάς
1542 632 1725 707 διαιτῶνται

175 750 269 841 χωρίς
282 754 337 815 ἀπ’
351 751 508 824 ἀλλήλων.
523 743 577 827 Τίς
590 744 641 815 ούν
653 749 677 838 ι)
688 751 859 841 πανήγυρις
873 754 903 816 ἐν
917 749 1057 825 ταύταις;
1072 751 1161 824 ποίας
1176 743 1252 814 εἰναι
1264 760 1322 824 τῆς
1337 747 1393 825 τάς
1410 745 1542 838 ψυχικάς
1556 750 1725 839 οἰησόμεθα

176 857 308 935 σκηνάς;
333 856 389 933 τάς
408 859 462 946 μὲν
480 858 539 951 γάρ
557 860 631 948 προς
649 859 792 934 ἀλλήλας
810 862 912 924 αὐτῶν
930 860 1103 940 συνουσίας,
1122 856 1329 947 μαθησόμεθα
1350 859 1457 948 μικρόν
1482 859 1620 949 ὕστερον·
1646 865 1665 931 η
1692 851 1725 923 θὲ

176 955 214 1036 θλ
239 965 411 1056 πανήγυρις
436 965 492 1042 τάς
509 971 544 1031 ἐκ
560 977 615 1030 τοῦ
633 967 750 1040 παντός
768 969 870 1030 αὐτῶν
887 967 1053 1055 φοιτήσεις,
1072 970 1113 1042 εἰς
1130 965 1189 1036 τὴν
1207 966 1312 1037 κοινὴν
1329 966 1434 1056 χώραν
1453 965 1512 1037 τὴν
1536 969 1643 1032 ἑστίαν
1668 977 1725 1044 τῆς

137 1105 149 1144 5
175 1072 321 1163 γενέσεως
344 1076 542 1162 παρίστησιν.
561 1074 621 1137 Καί
637 1074 696 1164 γάρ
722 1078 805 1140 ἐστιν
823 1069 911 1150 ούτος
928 1079 943 1138 ὁ
962 1076 1055 1151 τύπος
1072 1079 1112 1149 ῶς
1137 1073 1191 1163 μὲν
1217 1065 1442 1165 θιαυγέστατυς
1462 1085 1525 1139 τῶν
1550 1076 1723 1164 στοιχείων,

176 1185 285 1256 οἰκεῖος
309 1192 378 1256 ταῖς
403 1175 434 1259 ἐξ
459 1184 586 1271 ούρανοῦ
611 1184 801 1259 σταλείσαις,
825 1187 864 1258 ὡς
890 1173 923 1246 δὲ
947 1183 1066 1272 γένεσιν
1083 1184 1163 1271 ἔχων
1181 1186 1216 1247 ἐκ
1236 1192 1304 1272 γῆς·
1329 1174 1468 1272 ύποθοχή
1497 1174 1530 1248 δέ
1553 1187 1637 1249 ἐστιν
1661 1193 1723 1248 τῶν

175 1287 375 1378 πανταχόθεν
390 1290 603 1382 γενεσιουργόν
620 1283 702 1367 ζωὴν
719 1283 781 1364 ἤθη
800 1283 1063 1380 προόαλλομένων
1081 1287 1198 1379 ψυχῶν·
1211 1281 1257 1354 διό
1276 1281 1313 1362 δὴ
1332 1290 1506 1380 πανηγύρει
1521 1290 1581 1362 τὴν
1599 1281 1724 1356 σύνοθον

177 1396 279 1458 αὐτῶν
296 1397 473 1460 ,ἀπείκασεν
498 1401 513 1458 ὁ
539 1394 643 1483 μῦθος,
660 1395 714 1460 καί
730 1405 825 1461 τοῦτο
841 1397 961 1486 γενέσει
976 1397 1093 1486 πρέπον
1110 1396 1209 1486 όνομα
1226 1397 1358 1487 θέμενος·
1375 1405 1416 1473 εἰς
1439 1397 1498 1488 γάρ
1523 1398 1582 1472 τὴν
1607 1400 1724 1490 γένεσιν

175 1495 377 1569 παντοθαπαί
401 1501 500 1594 ψυχαί
523 1505 676 1594 φέρονται·
702 1503 756 1567 καί
780 1509 811 1567 αἰ
836 1502 890 1593 μέν
909 1501 977 1578 θὲας
995 1506 1087 1568 ἕνεκα
1104 1514 1166 1568 τῶν
1187 1496 1266 1589 τῇθε
1290 1505 1343 1568 καὶ
1369 1507 1513 1596 ἱστορίας,
1537 1511 1576 1581 ὡς
1600 1509 1631 1571 ἑν
1656 1517 1725 1582 ταῖς

119 1639 148 1675 ιο
175 1611 387 1703 πανηγύρεσιν
406 1608 451 1687 αῖς
469 1613 522 1676 καί
538 1618 557 1684 η
576 1603 706 1688 κάθοθος
729 1610 908 1702 ἀνεπαχθής
919 1613 953 1694 ἑ)·
973 1617 1004 1676 αἱ
1021 1603 1054 1677 δέ
1070 1613 1335 1702 ἐμπορευσόμεναί
1351 1639 1383 1676 τι
1398 1625 1461 1678 τῶν
1477 1615 1596 1706 γενέσει
1619 1613 1725 1688 καθη-

175 1720 306 1801 κόντων,
330 1721 383 1784 καί
408 1711 649 1807 ἀποθωσόμεναί
671 1747 702 1785 τι
726 1730 788 1784 τῶν
813 1720 943 1784 οἰκείων·
968 1725 1000 1783 αἰ
1017 1711 1050 1784 θὲ
1066 1720 1119 1783 καί
1136 1723 1332 1786 συντελοῦσιν
1349 1726 1390 1796 εἰς
1415 1720 1474 1792 τὴν
1498 1723 1639 1813 εύγονίαν
1664 1731 1726 1805 τῷν

175 1830 299 1893 ἐνόλων·
324 1833 356 1891 αἰ
381 1820 414 1893 δὲ
437 1825 500 1892 οῖον
523 1829 720 1918 ὠνησόμεναί
735 1854 766 1892 τι
783 1839 845 1893 τῶν
864 1829 924 1893 ἀπό
941 1838 999 1905 τῆς
1015 1827 1161 1918 γενέσεως
1178 1828 1231 1893 καί
1254 1825 1511 1919 προσληψόμεναι
1529 1841 1637 1920 πεῖραν
1662 1840 1725 1894 τῶν

174 1947 396 2028 γενεσιουργῶν
420 1936 537 2002 παθῶν·
562 1942 594 2000 αἱ
618 1927 654 2002 θὲ
676 1937 755 2001 ἄλλο
780 1962 812 2002 τι
834 1939 996 2026 προσοικός
1020 1940 1148 2027 ἔχουσαι
1171 1948 1236 2012 τοῖς
1261 1943 1302 2013 εἰς
1326 1937 1382 2013 τάς
1406 1937 1604 2030 πανηγύρεις.

174 2157 199 2222 f.
227 2158 265 2221 10
289 2154 406 2221 lacuna
431 2156 451 2219 6
475 2175 575 2220 εοεαε
599 2163 657 2228 τῆς
681 2177 807 2243 πανηγυ
823 2203 828 2216 .
845 2203 872 2216 ..
897 2152 1050 2218 πεύσωσιν
1074 2163 1176 2218 πᾶσαν
1202 2153 1256 2218 σύν
1288 2151 1433 2241 εὐθυμίας
1461 2154 1643 2244 ποιούμεναι
1665 2153 1725 2226 τὴν

121 2286 148 2326 ιο
175 2251 317 2325 κάθοθον·
342 2258 517 2333 σκηνᾶσθαι
538 2251 571 2325 δὲ
595 2259 654 2350 ἄρα
670 2260 829 2351 λέγονται,
848 2272 911 2336 τοῖς
929 2271 1066 2350 φυσικοῖς
1082 2252 1144 2334 ἤδη
1163 2262 1217 2324 καί
1233 2261 1348 2338 ἐνύλοις
1365 2260 1524 2352 χρώμεναι
1540 2261 1655 2352 λόγοις,
1673 2262 1726 2326 καί

175 2369 305 2446 τούτους
321 2362 574 2459 προχειρίζουσαι
590 2367 655 2432 καθ
673 2367 722 2444 οθς
740 2368 904 2456 μέλλουσιν
919 2363 986 2446 ζῆν.
1005 2368 1066 2432 Καὶ
1083 2367 1166 2431 ἄλλα
1182 2368 1331 2454 ἄλλους’)
1347 2363 1439 2447 ζῶσιν
1456 2369 1498 2433 τά
1514 2361 1579 2441 είθη
1598 2372 1727 2434 ποικίλα

175 2476 229 2540 καί
244 2474 284 2540 τά
298 2476 450 2566 ὀχήματα
467 2474 508 2540 τά
525 2481 644 2541 ἑαυτῶν
661 2475 835 2566 ἐνυλώτερα
850 2487 992 2541 ποιοῦσαι
1010 2467 1061 2540 θιά
1078 2486 1135 2551 τῆς
1150 2469 1339 2566 προόολῆςὲ)
1358 2478 1411 2540 καί
1423 2476 1728 2567 περιαμπισχόμεναι

175 2592 312 2671 χιτῶνας
336 2583 531 2672 παχυτέρους
555 2584 609 2649 καί
633 2584 751 2674 γενέσει
775 2587 880 2674 φιλους
905 2577 944 2647 ii*
970 2578 1011 2648 ὧν
1037 2583 1286 2674 ἀποκρύπτουσιν
1310 2582 1424 2660 ἑαυτάς
1451 2585 1506 2648 καί
1530 2575 1726 2661 διοικίζουσιν

176 2693 237 2756 ἀπό
262 2702 324 2756 τῶν
350 2693 464 2775 ἀλλων,
481 2695 584 2783 ὥσπερ
602 2702 631 2758 οἰ
646 2697 677 2758 ἑν
694 2702 764 2768 ταῖς
781 2702 910 2768 σκηναῖς
928 2683 1150 2781 θιατρίύοντες·
1171 2697 1197 2756 εἰ
1214 2682 1247 2756 δὲ
1263 2692 1316 2757 καί
1333 2701 1419 2768 σκιᾶς
1436 2694 1525 2757 ἕνεκα
1549 2693 1727 2782 πήγνυνται

118 2819 148 2857 2⁰
175 2799 232 2876 τάς
256 2798 371 2876 σκηνάς
396 2804 426 2865 ἐν
450 2811 519 2877 ταῖς
542 2800 770 2892 πανηγύρεσιν,
791 2803 839 2865 ίνα
865 2799 907 2888 μὴ
933 2800 1078 2889 ύπαιτροι
1102 2792 1266 2890 διάγωσιν·
1292 2798 1360 2864 ὅθεν
1389 2798 1443 2864 καὶ
1472 2799 1511 2864 τό
1534 2799 1634 2890 ὄνομα
1657 2809 1726 2876 ταῖς

177 2917 305 2983 σκηναῖς
330 2908 471 2998 φανερόν,
496 2909 545 2972 ότι
569 2920 638 2985 ταῖς
654 2901 716 2982 ἤθη
739 2908 884 3001 γενέσεως
901 2909 1148 2998 ἑπορεγομὲναις,
1167 2908 1221 2973 καί
1239 2913 1280 2984 εἰς
1296 2908 1355 2982 τὴν
1378 2907 1466 2998 φύσιν
1490 2907 1655 2998 ὁρμούσαις,
1681 2904 1727 2983 αἷς

175 3017 213 3080 τό
238 3014 498 3089 κατασκηνᾶσθαι
521 3018 700 3106 πρεπόντως
725 3019 862 3107 εἴρηται·
888 3016 1072 3107 φευγούσαις
1097 3015 1152 3105 μὲν
1176 3015 1235 3088 τὴν
1260 3012 1408 3104 όπαιθρον
1437 3009 1537 3095 ζωὴν,
1562 3020 1605 3092 εἰς
1629 3005 1662 3080 θὲ
1685 3013 1727 3079 τά

177 3120 290 3210 στερεά
315 3121 448 3212 σώματα
471 3123 670 3204 κατιούσαις,
695 3130 725 3190 έν
751 3121 793 3200 οἷς
819 3130 850 3189 αἰ
874 3125 959 3189 σκιαί
983 3125 1037 3190 καί
1059 3123 1101 3189 τά
1133 3115 1247 3190 εἰθωλα
1272 3133 1334 3188 τῶν
1363 3123 1479 3188 όντων·
1502 3123 1570 3188 ἐπεὶ
1594 3123 1647 3187 καί
1670 3121 1727 3197 τάς

177 3228 265 3305 σκιάς
287 3240 436 3294 ποιοῦντα
460 3235 516 3294 ούκ
540 3229 623 3294 ἄλλα
646 3234 731 3295 ἐστιν
755 3231 773 3303 ἢ
800 3231 841 3296 τά
866 3231 975 3321 χθόνια
989 3231 1015 3320 ⁵)
1040 3225 1264 3322 περιύλήματα
1289 3240 1350 3294 τῶν
1375 3227 1499 3319 ψυχῶν·
1523 3230 1576 3294 καί
1606 3229 1661 3318 μὲν
1687 3220 1724 3299 δὴ

122 3359 150 3398 ιι
176 3337 230 3400 καί
253 3337 290 3402 τό
315 3335 454 3425 ἀσμένως
476 3339 625 3426 ἑκατέρας
649 3343 690 3413 εἰς
714 3339 768 3403 τόν
792 3343 930 3428 λειμῶνα
954 3338 1156 3428 ἀφικνεῖσθαι,
1181 3339 1234 3402 καί
1257 3339 1295 3403 τό
1319 3341 1355 3402 ἐκ
1378 3341 1503 3413 πολλῆς
1522 3361 1605 3413 τινος
1629 3335 1726 3412 αύτάς

175 3445 300 3534 πορείας
323 3442 486 3532 φαίνεσθαι
510 3445 609 3526 ἥκειν,
635 3436 728 3517 δηλοῖ
742 3448 766 3531 ⁶)
789 3447 855 3520 τήν
874 3471 909 3511 τε
932 3447 1002 3535 περὶ
1019 3445 1078 3519 τὴν
1093 3447 1212 3537 γὲνεσιν
1231 3446 1414 3536 ἀμφοτέρων
1439 3444 1675 3535 φιλοφροσύνην·
1701 3448 1728 3509 εἰ

177 3551 238 3644 γάρ
263 3557 279 3615 ὁ
302 3555 418 3641 λοιμῶν
444 3555 525 3642 ἀρχῆ
551 3563 608 3627 τῆς
633 3553 782 3644 γενὲσεώς
806 3559 902 3637 ἐστιν,
927 3560 958 3618 αἰ
982 3546 1015 3619 θὲ
1031 3553 1160 3642 ἄσμενοι
1177 3555 1231 3620 τόν
1252 3558 1391 3644 λειμῶνα
1415 3547 1728 3644 καταλαμύάνουσιν,

178 3769 201 3835 f.
229 3772 269 3834 10
294 3792 324 3835 v.
349 3769 465 3836 lacuna
490 3771 508 3834 5
534 3793 634 3836 versa
660 3769 713 3832 καί
729 3773 759 3834 ἐν
781 3768 965 3853 εὐπαθείαις,
982 3772 1054 3832 ἀλλ’
1076 3767 1309 3858 ἀποκαμούσαις
1333 3766 1386 3833 καί
1409 3793 1497 3832 π...
1522 3769 1641 3841 ἐκείνην
1666 3766 1726 3839 τὴν

177 3869 272 3958 ζωὴν,
291 3878 325 3939 ού
342 3873 403 3965 γάρ
421 3877 507 3951 ὅλαις
524 3879 649 3952 ἑαυταῖς
665 3877 824 3970 ἐνήργουν,
843 3876 926 3941 ἀλλά
945 3879 1028 3967 μόνῳ
1052 3885 1098 3960 τῷ
1123 3877 1224 3966 μένειν
1249 3875 1312 3940 άνω
1337 3867 1506 3964 δυναμένῳ·
1527 3873 1608 3966 κάρα
1633 3870 1684 3940 ούν
1699 3871 1727 3962 ⁷)

124 4000 151 4036 λλ
179 3989 280 4047 αὐτῶν
303 3985 437 4074 ὠρέγετο
455 3995 512 4061 τῆς
530 3989 560 4050 ἐν
577 3991 695 4074 οὐρανῷ
718 3979 810 4064 ζωῆς·
834 3987 871 4051 τό
896 3977 929 4051 δὲ
951 3987 1059 4049 λοιπόν
1084 3986 1154 4049 ὅσον
1172 3978 1253 4072 εἶχεν
1276 3983 1394 4056 ἑκάστη
1421 3994 1479 4059 τῆς
1504 3983 1723 4074 φιλογενέσεως

179 4086 271 4170 ζωᾶς,
296 4095 360 4156 ἐκεῖ
384 4091 438 4180 μὲν
464 4093 668 4184 ἀνενὲργητον
694 4094 795 4181 μένον,
820 4093 975 4182 ἐφιέμενον
1001 4086 1035 4157 ii
1058 4095 1232 4184 ἐνεργῆσαι,
1250 4090 1377 4180 κάμνειν
1395 4093 1490 4156 ἐποίει
1514 4090 1567 4153 καί
1592 4087 1728 4155 ἀσθενεῖν

181 4197 239 4268 τὴν
265 4199 340 4270 ὅλην
365 4199 449 4264 κατά
474 4225 505 4262 τι
527 4203 641 4276 ἑαυτῆς
666 4197 780 4290 ψυχήν·
804 4203 857 4266 καί
873 4212 1062 4290 καμνοᾶσαν,
1080 4191 1198 4265 θιθόναι
1222 4199 1342 4281 καὶτῷ
1366 4192 1513 4288 σφύζοντι
1536 4198 1652 4289 χώραν·
1675 4197 1729 4262 καί

180 4297 337 4392 θιθοῢσαν,
361 4301 535 4396 ἀσμενίζειν
559 4309 614 4372 τόν
638 4313 777 4398 λειμῶνα
800 4311 858 4399 πρό
883 4306 1035 4397 ὀμμάτων
1060 4311 1162 4372 αὐτῶν
1188 4318 1336 4372 ποιοῦντα
1360 4307 1419 4379 τὴν
1448 4306 1576 4397 γένεσιν.
1601 4307 1666 4380 Τήν
1691 4327 1728 4370 τε

180 4407 232 4477 οὖν
257 4408 340 4494 ζωὴν
365 4417 537 4480 αἰνίσσεται
554 4415 613 4488 τὴν
631 4417 853 4506 ἐπιτρέχουσαν
870 4408 931 4488 ἤθη
952 4427 992 4501 τῇ
1011 4415 1130 4506 γενέσει
1146 4416 1183 4480 τό
1200 4417 1336 4504 ἀσμένας
1354 4418 1384 4480 ἑν
1402 4423 1447 4497 τῷ
1469 4419 1599 4505 λειμῶνι
1622 4437 1730 4478 κατοι-

126 4541 153 4580 ³⁵
180 4520 354 4596 σκηνᾶσθαι
376 4522 434 4600 τάς
457 4523 592 4600 ἡκούσας
610 4529 650 4600 εἰς
668 4525 760 4588 αὐτόν
777 4520 891 4588 ἀνωθεν
909 4520 962 4586 καί
978 4520 1117 4587 κάτωθεν
1134 4517 1246 4611 ψυχάς,
1264 4521 1318 4587 καί
1341 4522 1378 4586 τό
1402 4523 1437 4586 ἐκ
1460 4523 1581 4595 πολλῆς
1605 4520 1728 4610 πορείας

218 4841 240 4916 ¹)
254 4840 351 4898 Maius
371 4841 410 4898 ib.
430 4857 449 4912 1,
468 4860 497 4915 p.
509 4842 571 4914 354,
584 4861 612 4900 n.
626 4844 656 4915 13
669 4858 701 4916 11,
720 4861 748 4916 p.
767 4844 828 4898 221.
847 4862 875 4900 n.
895 4844 924 4900 7:
1015 4847 1038 4919 ⁴)
1058 4845 1137 4903 Oorr.
1158 4863 1248 4918 supra
1266 4843 1317 4901 lin.
1337 4848 1468 4916 προσοχῆς.

181 4933 218 4992 τίς
238 4929 277 4983 οὖν
296 4933 432 5004 πανήγυρις
452 4930 475 4982 ἐν
489 4933 607 4998 ἑαύταιςς
622 4938 687 4987 tum
700 4949 756 4988 om.
775 4931 925 5005 pluribus:
1016 4937 1038 5008 ⁵)
1052 4936 1087 4991 In
1098 4934 1249 5006 margine:
1262 4937 1380 5004 σήμαινσν
1394 4936 1431 4986 ότι
1442 4940 1474 4987 τὰ
1484 4935 1569 5001 χθόνια
1583 4934 1646 5002 μόνα
1658 4936 1728 4984 σκιὰν

180 5021 353 5091 θ’πιινὴγυριι
372 5035 467 5091 usqne
487 5019 524 5075 ad
543 5023 699 5090 παρίστησιν.
982 5031 1106 5080 ἀποτελεῖ.

217 5111 240 5183 ²)
259 5109 306 5167 Sic
324 5109 386 5167 οοιλ
406 5109 474 5166 fort.
495 5115 629 5184 ὰνεπαχοῇ.
1016 5115 1039 5188 ⁶)
1058 5115 1193 5170 Primum
1212 5119 1293 5172 δῆλον.

217 5199 241 5273 ³)
260 5199 297 5255 In
314 5199 465 5271 margine:
483 5220 521 5273 γρ.
542 5204 608 5254 ἄλλα
628 5203 749 5263 ἀλλήλους
777 5202 874 5264 ἰόντων
894 5209 927 5256 τὰ
1016 5204 1040 5276 ⁷)
1059 5223 1166 5274 καραιυν
1186 5203 1249 5260 σού.
1269 5203 1396 5261 sicsine
1416 5202 1558 5276 apicibus.

182 5291 242 5345 εἰδη.
