<?xml version="1.0" encoding="UTF-8"?>
<!DOCTYPE html PUBLIC "-//W3C//DTD XHTML 1.0 Transitional//EN"
    "http://www.w3.org/TR/xhtml1/DTD/xhtml1-transitional.dtd">
<html xmlns="http://www.w3.org/1999/xhtml" xml:lang="en" lang="en">
 <head>
  <title>
</title>
<meta http-equiv="Content-Type" content="text/html;charset=utf-8" />
  <meta name='ocr-system' content='tesseract 3.04.00' />
  <meta name='ocr-capabilities' content='ocr_page ocr_carea ocr_par ocr_line ocrx_word'/>
</head>
<body>
  <div class='ocr_page' id='page_1' title='image "./analectasacrasp02pitrgoog_0445.png"; bbox 0 0 3944 6074; ppageno 0'>
   <div class='ocr_carea' id='block_1_1' title="bbox 1079 1386 1105 1450">
    <p class='ocr_par' dir='ltr' id='par_1_1' title="bbox 1079 1386 1105 1450">
     <span class='ocr_line' id='line_1_1' title="bbox 1079 1386 1105 1450; baseline 0 0"><span class='ocrx_word' id='word_1_1' title='bbox 1079 1386 1105 1450; x_wconf 88' lang='lat'>1.</span> 
     </span>
    </p>
   </div>
   <div class='ocr_carea' id='block_1_2' title="bbox 332 1565 1839 1885">
    <p class='ocr_par' dir='ltr' id='par_1_2' title="bbox 332 1565 1839 1885">
     <span class='ocr_line' id='line_1_2' title="bbox 332 1565 1839 1677; baseline 0.013 -39"><span class='ocrx_word' id='word_1_2' title='bbox 332 1573 404 1664; x_wconf 85' lang='grc' dir='ltr'>Περὶ</span> <span class='ocrx_word' id='word_1_3' title='bbox 426 1583 488 1638; x_wconf 84' lang='grc' dir='ltr'>τῶν</span> <span class='ocrx_word' id='word_1_4' title='bbox 504 1572 529 1662; x_wconf 73' lang='lat'>¹)</span> <span class='ocrx_word' id='word_1_5' title='bbox 553 1565 738 1640; x_wconf 71' lang='grc' dir='ltr'>δεικνύντων</span> <span class='ocrx_word' id='word_1_6' title='bbox 764 1578 872 1666; x_wconf 85' lang='grc' dir='ltr'>[τριῶν</span> <span class='ocrx_word' id='word_1_7' title='bbox 896 1578 1009 1670; x_wconf 92' lang='grc' dir='ltr'>λόγων,</span> <span class='ocrx_word' id='word_1_8' title='bbox 1032 1579 1093 1668; x_wconf 76' lang='grc' dir='ltr'>ὅτι]</span> <span class='ocrx_word' id='word_1_9' title='bbox 1112 1572 1385 1672; x_wconf 86' lang='grc' dir='ltr'>εὐδαιμονέστερον</span> <span class='ocrx_word' id='word_1_10' title='bbox 1404 1586 1475 1674; x_wconf 81' lang='grc' dir='ltr'>[τοῦ</span> <span class='ocrx_word' id='word_1_11' title='bbox 1499 1577 1608 1652; x_wconf 87' lang='grc' dir='ltr'>ἀδίκου</span> <span class='ocrx_word' id='word_1_12' title='bbox 1632 1588 1669 1653; x_wconf 80' lang='grc' dir='ltr'>τό</span> <span class='ocrx_word' id='word_1_13' title='bbox 1695 1579 1839 1677; x_wconf 84' lang='grc' dir='ltr'>δίκαιον].</span> 
     </span>
     <span class='ocr_line' id='line_1_3' title="bbox 534 1687 1642 1776; baseline 0.012 -25"><span class='ocrx_word' id='word_1_14' title='bbox 534 1687 624 1768; x_wconf 76' lang='lat' dir='ltr'><em>Quod</em></span> <span class='ocrx_word' id='word_1_15' title='bbox 647 1694 712 1753; x_wconf 82' lang='lat' dir='ltr'>tres</span> <span class='ocrx_word' id='word_1_16' title='bbox 735 1709 850 1755; x_wconf 74' lang='lat' dir='ltr'><em>causae</em></span> <span class='ocrx_word' id='word_1_17' title='bbox 872 1698 948 1755; x_wconf 77' lang='lat' dir='ltr'>sunt</span> <span class='ocrx_word' id='word_1_18' title='bbox 970 1712 1027 1756; x_wconf 83' lang='grc' dir='ltr'>ουν</span> <span class='ocrx_word' id='word_1_19' title='bbox 1044 1693 1171 1774; x_wconf 81' lang='lat' dir='ltr'><strong><em>justum</em></strong></span> <span class='ocrx_word' id='word_1_20' title='bbox 1193 1695 1316 1776; x_wconf 77' lang='lat' dir='ltr'><em>injusto</em></span> <span class='ocrx_word' id='word_1_21' title='bbox 1339 1697 1486 1762; x_wconf 78' lang='lat' dir='ltr'><strong><em>videatur</em></strong></span> <span class='ocrx_word' id='word_1_22' title='bbox 1509 1699 1642 1764; x_wconf 77' lang='grc' dir='ltr'>ἀοαίίιιο.</span> 
     </span>
     <span class='ocr_line' id='line_1_4' title="bbox 831 1798 1347 1885; baseline 0.008 -23"><span class='ocrx_word' id='word_1_23' title='bbox 831 1798 897 1879; x_wconf 80' lang='lat' dir='ltr'>(Ad</span> <span class='ocrx_word' id='word_1_24' title='bbox 921 1799 1070 1866; x_wconf 71' lang='lat' dir='ltr'>Plalom&#39;s</span> <span class='ocrx_word' id='word_1_25' title='bbox 1093 1800 1186 1881; x_wconf 64' lang='grc' dir='ltr'>Βοός).</span> <span class='ocrx_word' id='word_1_26' title='bbox 1210 1801 1266 1866; x_wconf 90' lang='lat' dir='ltr'>lib.</span> <span class='ocrx_word' id='word_1_27' title='bbox 1289 1803 1347 1885; x_wconf 77' lang='lat' dir='ltr'>rx).</span> 
     </span>
    </p>
   </div>
   <div class='ocr_carea' id='block_1_3' title="bbox 277 2000 1860 2856">
    <p class='ocr_par' dir='ltr' id='par_1_3' title="bbox 317 2000 1860 2430">
     <span class='ocr_line' id='line_1_5' title="bbox 362 2000 1858 2106; baseline 0.003 -34"><span class='ocrx_word' id='word_1_28' title='bbox 362 2007 430 2090; x_wconf 85' lang='lat' dir='ltr'><strong>(fol.</strong></span> <span class='ocrx_word' id='word_1_29' title='bbox 457 2010 532 2088; x_wconf 89' lang='grc'>110)</span> <span class='ocrx_word' id='word_1_30' title='bbox 560 2006 664 2096; x_wconf 82' lang='grc' dir='ltr'>[Τρεῖς</span> <span class='ocrx_word' id='word_1_31' title='bbox 690 2011 765 2071; x_wconf 87' lang='grc' dir='ltr'>εἰσιν</span> <span class='ocrx_word' id='word_1_32' title='bbox 790 2014 818 2071; x_wconf 86' lang='grc' dir='ltr'>οἱ</span> <span class='ocrx_word' id='word_1_33' title='bbox 835 2000 1009 2086; x_wconf 73' lang='grc' dir='ltr'>δεικνύντες</span> <span class='ocrx_word' id='word_1_34' title='bbox 1026 2011 1116 2102; x_wconf 89' lang='grc' dir='ltr'>λόγοι</span> <span class='ocrx_word' id='word_1_35' title='bbox 1131 2023 1186 2078; x_wconf 77' lang='grc' dir='ltr'>τοῦ</span> <span class='ocrx_word' id='word_1_36' title='bbox 1205 2003 1408 2080; x_wconf 83' lang='grc' dir='ltr'>δικαιοτάτου</span> <span class='ocrx_word' id='word_1_37' title='bbox 1434 2017 1501 2100; x_wconf 86' lang='grc' dir='ltr'>βίου</span> <span class='ocrx_word' id='word_1_38' title='bbox 1525 2016 1585 2086; x_wconf 86' lang='grc' dir='ltr'>τήν</span> <span class='ocrx_word' id='word_1_39' title='bbox 1610 2009 1809 2106; x_wconf 78' lang='grc' dir='ltr'>εὐδαιμονίαν</span> <span class='ocrx_word' id='word_1_40' title='bbox 1832 2022 1858 2082; x_wconf 86' lang='grc' dir='ltr'>ἐν</span> 
     </span>
     <span class='ocr_line' id='line_1_6' title="bbox 317 2114 1860 2212; baseline 0.006 -35"><span class='ocrx_word' id='word_1_41' title='bbox 317 2124 362 2197; x_wconf 89' lang='grc' dir='ltr'>τῷ</span> <span class='ocrx_word' id='word_1_42' title='bbox 387 2125 444 2190; x_wconf 83' lang='grc' dir='ltr'>τῆς</span> <span class='ocrx_word' id='word_1_43' title='bbox 469 2115 633 2189; x_wconf 86' lang='grc' dir='ltr'>Πολιτείας</span> <span class='ocrx_word' id='word_1_44' title='bbox 658 2115 759 2198; x_wconf 81' lang='grc' dir='ltr'>ἐνάτῳ</span> <span class='ocrx_word' id='word_1_45' title='bbox 783 2116 836 2180; x_wconf 87' lang='grc' dir='ltr'>καί</span> <span class='ocrx_word' id='word_1_46' title='bbox 860 2115 919 2186; x_wconf 85' lang='grc' dir='ltr'>τήν</span> <span class='ocrx_word' id='word_1_47' title='bbox 946 2115 1124 2191; x_wconf 77' lang='grc' dir='ltr'>ἀθλιότητα</span> <span class='ocrx_word' id='word_1_48' title='bbox 1154 2132 1209 2185; x_wconf 82' lang='grc' dir='ltr'>τοῦ</span> <span class='ocrx_word' id='word_1_49' title='bbox 1234 2114 1355 2189; x_wconf 82' lang='grc' dir='ltr'>ἀδίκου.</span> <span class='ocrx_word' id='word_1_50' title='bbox 1386 2122 1528 2212; x_wconf 82' lang='grc' dir='ltr'>Πρῶ]τος</span> <span class='ocrx_word' id='word_1_51' title='bbox 1554 2124 1627 2212; x_wconf 88' lang='grc' dir='ltr'>μέν,</span> <span class='ocrx_word' id='word_1_52' title='bbox 1651 2128 1686 2189; x_wconf 89' lang='grc' dir='ltr'>ἐκ</span> <span class='ocrx_word' id='word_1_53' title='bbox 1710 2136 1770 2200; x_wconf 72' lang='grc' dir='ltr'>τῆς</span> <span class='ocrx_word' id='word_1_54' title='bbox 1793 2126 1860 2212; x_wconf 78' lang='grc' dir='ltr'>πρὸς</span> 
     </span>
     <span class='ocr_line' id='line_1_7' title="bbox 317 2217 1859 2321; baseline 0.005 -34"><span class='ocrx_word' id='word_1_55' title='bbox 317 2223 373 2298; x_wconf 89' lang='grc' dir='ltr'>τάς</span> <span class='ocrx_word' id='word_1_56' title='bbox 397 2225 557 2298; x_wconf 79' lang='grc' dir='ltr'>πολιτείας</span> <span class='ocrx_word' id='word_1_57' title='bbox 584 2223 787 2313; x_wconf 86' lang='grc' dir='ltr'>[ἀναλογί]ας</span> <span class='ocrx_word' id='word_1_58' title='bbox 812 2235 874 2288; x_wconf 87' lang='grc' dir='ltr'>τῶν</span> <span class='ocrx_word' id='word_1_59' title='bbox 900 2227 983 2308; x_wconf 82' lang='grc' dir='ltr'>βίων·</span> <span class='ocrx_word' id='word_1_60' title='bbox 1003 2217 1142 2316; x_wconf 81' lang='grc' dir='ltr'>δεότερος</span> <span class='ocrx_word' id='word_1_61' title='bbox 1159 2220 1203 2312; x_wconf 88' lang='grc' dir='ltr'>δέ,</span> <span class='ocrx_word' id='word_1_62' title='bbox 1220 2231 1281 2294; x_wconf 80' lang='grc' dir='ltr'>ἀπό</span> <span class='ocrx_word' id='word_1_63' title='bbox 1299 2240 1361 2294; x_wconf 87' lang='grc' dir='ltr'>τῶν</span> <span class='ocrx_word' id='word_1_64' title='bbox 1386 2235 1563 2321; x_wconf 77' lang='grc' dir='ltr'>κριτηρίων,</span> <span class='ocrx_word' id='word_1_65' title='bbox 1588 2235 1618 2298; x_wconf 85' lang='grc' dir='ltr'>ἐν</span> <span class='ocrx_word' id='word_1_66' title='bbox 1645 2229 1687 2308; x_wconf 80' lang='grc' dir='ltr'>οἷς</span> <span class='ocrx_word' id='word_1_67' title='bbox 1713 2239 1743 2297; x_wconf 79' lang='grc' dir='ltr'>οἱ</span> <span class='ocrx_word' id='word_1_68' title='bbox 1767 2233 1859 2320; x_wconf 87' lang='grc' dir='ltr'>κρινό-</span> 
     </span>
     <span class='ocr_line' id='line_1_8' title="bbox 319 2331 1858 2430; baseline 0.003 -33"><span class='ocrx_word' id='word_1_69' title='bbox 319 2357 404 2422; x_wconf 87' lang='grc' dir='ltr'>μενοι</span> <span class='ocrx_word' id='word_1_70' title='bbox 419 2331 513 2395; x_wconf 83' lang='grc' dir='ltr'>πλέον</span> <span class='ocrx_word' id='word_1_71' title='bbox 531 2331 550 2402; x_wconf 84' lang='grc' dir='ltr'>ή</span> <span class='ocrx_word' id='word_1_72' title='bbox 570 2335 701 2396; x_wconf 82' lang='grc' dir='ltr'>ἔλασσον</span> <span class='ocrx_word' id='word_1_73' title='bbox 720 2335 842 2421; x_wconf 83' lang='grc' dir='ltr'>ἔχουσιν</span> <span class='ocrx_word' id='word_1_74' title='bbox 861 2334 1019 2406; x_wconf 83' lang='grc' dir='ltr'>ἀλλήλων·</span> <span class='ocrx_word' id='word_1_75' title='bbox 1037 2338 1151 2424; x_wconf 84' lang='grc' dir='ltr'>τρίτος,</span> <span class='ocrx_word' id='word_1_76' title='bbox 1171 2339 1231 2402; x_wconf 82' lang='grc' dir='ltr'>ἀπό</span> <span class='ocrx_word' id='word_1_77' title='bbox 1248 2350 1306 2414; x_wconf 81' lang='grc' dir='ltr'>τῆς</span> <span class='ocrx_word' id='word_1_78' title='bbox 1323 2343 1353 2402; x_wconf 86' lang='grc' dir='ltr'>ἐν</span> <span class='ocrx_word' id='word_1_79' title='bbox 1375 2351 1444 2414; x_wconf 88' lang='grc' dir='ltr'>ταῖς</span> <span class='ocrx_word' id='word_1_80' title='bbox 1469 2344 1633 2430; x_wconf 78' lang='grc' dir='ltr'>ἐνεργείαις</span> <span class='ocrx_word' id='word_1_81' title='bbox 1658 2343 1858 2412; x_wconf 80' lang='grc' dir='ltr'>τελειότητος</span> 
     </span>
    </p>

    <p class='ocr_par' dir='ltr' id='par_1_4' title="bbox 277 2439 1858 2856">
     <span class='ocr_line' id='line_1_9' title="bbox 277 2439 1854 2539; baseline 0.002 -34"><span class='ocrx_word' id='word_1_82' title='bbox 277 2467 289 2505; x_wconf 79' lang='grc' dir='ltr'>ο</span> <span class='ocrx_word' id='word_1_83' title='bbox 317 2439 336 2512; x_wconf 81' lang='grc' dir='ltr'>ή</span> <span class='ocrx_word' id='word_1_84' title='bbox 363 2443 499 2531; x_wconf 77' lang='grc' dir='ltr'>ἀμίκτου</span> <span class='ocrx_word' id='word_1_85' title='bbox 523 2442 598 2529; x_wconf 78' lang='grc' dir='ltr'>πρὸς</span> <span class='ocrx_word' id='word_1_86' title='bbox 622 2450 683 2504; x_wconf 76' lang='grc' dir='ltr'>πᾶν</span> <span class='ocrx_word' id='word_1_87' title='bbox 708 2442 744 2506; x_wconf 80' lang='grc' dir='ltr'>τὸ</span> <span class='ocrx_word' id='word_1_88' title='bbox 769 2443 908 2507; x_wconf 79' lang='grc' dir='ltr'>ἐναντίον</span> <span class='ocrx_word' id='word_1_89' title='bbox 933 2444 1025 2518; x_wconf 82' lang='grc' dir='ltr'>οὔσης</span> <span class='ocrx_word' id='word_1_90' title='bbox 1049 2444 1068 2515; x_wconf 84' lang='grc' dir='ltr'>ή</span> <span class='ocrx_word' id='word_1_91' title='bbox 1095 2445 1303 2534; x_wconf 73' lang='grc' dir='ltr'>μεμιγμένης·</span> <span class='ocrx_word' id='word_1_92' title='bbox 1328 2439 1435 2518; x_wconf 86' lang='grc' dir='ltr'>ἐπειδή</span> <span class='ocrx_word' id='word_1_93' title='bbox 1462 2447 1522 2539; x_wconf 88' lang='grc' dir='ltr'>γάρ</span> <span class='ocrx_word' id='word_1_94' title='bbox 1548 2460 1612 2524; x_wconf 82' lang='grc' dir='ltr'>τοῖς</span> <span class='ocrx_word' id='word_1_95' title='bbox 1638 2449 1692 2538; x_wconf 87' lang='grc' dir='ltr'>μὲν</span> <span class='ocrx_word' id='word_1_96' title='bbox 1718 2456 1738 2522; x_wconf 83' lang='grc' dir='ltr'>ή</span> <span class='ocrx_word' id='word_1_97' title='bbox 1766 2440 1854 2521; x_wconf 75' lang='grc' dir='ltr'>ήδονί</span> 
     </span>
     <span class='ocr_line' id='line_1_10' title="bbox 318 2543 1857 2646; baseline 0.004 -34"><span class='ocrx_word' id='word_1_98' title='bbox 318 2545 463 2613; x_wconf 77' lang='grc' dir='ltr'>δοκεῖτὸ</span> <span class='ocrx_word' id='word_1_99' title='bbox 487 2549 576 2623; x_wconf 85' lang='grc' dir='ltr'>τέλος</span> <span class='ocrx_word' id='word_1_100' title='bbox 601 2543 687 2626; x_wconf 84' lang='grc' dir='ltr'>εἶναι’,</span> <span class='ocrx_word' id='word_1_101' title='bbox 713 2561 778 2626; x_wconf 83' lang='grc' dir='ltr'>τοῖς</span> <span class='ocrx_word' id='word_1_102' title='bbox 804 2543 837 2614; x_wconf 89' lang='grc' dir='ltr'>δέ</span> <span class='ocrx_word' id='word_1_103' title='bbox 862 2550 1015 2638; x_wconf 83' lang='grc' dir='ltr'>φρόνησις,</span> <span class='ocrx_word' id='word_1_104' title='bbox 1040 2551 1092 2616; x_wconf 88' lang='grc' dir='ltr'>ἐἀν</span> <span class='ocrx_word' id='word_1_105' title='bbox 1118 2545 1227 2642; x_wconf 81' lang='grc' dir='ltr'>δειχθῇ</span> <span class='ocrx_word' id='word_1_106' title='bbox 1254 2555 1307 2618; x_wconf 88' lang='grc' dir='ltr'>καί</span> <span class='ocrx_word' id='word_1_107' title='bbox 1332 2554 1401 2618; x_wconf 89' lang='grc' dir='ltr'>καθ’</span> <span class='ocrx_word' id='word_1_108' title='bbox 1419 2558 1569 2646; x_wconf 84' lang='grc' dir='ltr'>ἑκατέραν</span> <span class='ocrx_word' id='word_1_109' title='bbox 1595 2559 1647 2621; x_wconf 88' lang='grc' dir='ltr'>καί</span> <span class='ocrx_word' id='word_1_110' title='bbox 1670 2563 1746 2622; x_wconf 82' lang='grc' dir='ltr'>κατ’</span> <span class='ocrx_word' id='word_1_111' title='bbox 1772 2557 1857 2644; x_wconf 83' lang='grc' dir='ltr'>ἄμφω</span> 
     </span>
     <span class='ocr_line' id='line_1_11' title="bbox 317 2648 1858 2755; baseline 0.005 -35"><span class='ocrx_word' id='word_1_112' title='bbox 317 2667 440 2745; x_wconf 85' lang='grc' dir='ltr'>κρατῶν</span> <span class='ocrx_word' id='word_1_113' title='bbox 454 2661 469 2718; x_wconf 87' lang='grc' dir='ltr'>ὁ</span> <span class='ocrx_word' id='word_1_114' title='bbox 484 2648 613 2739; x_wconf 86' lang='grc' dir='ltr'>δίκαιος,</span> <span class='ocrx_word' id='word_1_115' title='bbox 630 2658 746 2747; x_wconf 87' lang='grc' dir='ltr'>φέροιτ’</span> <span class='ocrx_word' id='word_1_116' title='bbox 765 2659 800 2722; x_wconf 87' lang='grc' dir='ltr'>ἀν</span> <span class='ocrx_word' id='word_1_117' title='bbox 818 2660 945 2734; x_wconf 86' lang='grc' dir='ltr'>εἰκότως</span> <span class='ocrx_word' id='word_1_118' title='bbox 962 2659 1004 2724; x_wconf 87' lang='grc' dir='ltr'>τά</span> <span class='ocrx_word' id='word_1_119' title='bbox 1020 2661 1198 2749; x_wconf 76' lang='grc' dir='ltr'>νικητήρια,</span> <span class='ocrx_word' id='word_1_120' title='bbox 1216 2661 1273 2727; x_wconf 86' lang='grc' dir='ltr'>κάν</span> <span class='ocrx_word' id='word_1_121' title='bbox 1290 2662 1428 2750; x_wconf 83' lang='grc' dir='ltr'>λανθάνῃ</span> <span class='ocrx_word' id='word_1_122' title='bbox 1449 2663 1533 2740; x_wconf 86' lang='grc' dir='ltr'>θεοός</span> <span class='ocrx_word' id='word_1_123' title='bbox 1551 2689 1588 2730; x_wconf 89' lang='grc' dir='ltr'>τε</span> <span class='ocrx_word' id='word_1_124' title='bbox 1605 2667 1658 2730; x_wconf 89' lang='grc' dir='ltr'>καί</span> <span class='ocrx_word' id='word_1_125' title='bbox 1675 2664 1858 2755; x_wconf 83' lang='grc' dir='ltr'>ἀνθρώπους.</span> 
     </span>
     <span class='ocr_line' id='line_1_12' title="bbox 313 2755 1013 2856; baseline 0.006 -26"><span class='ocrx_word' id='word_1_126' title='bbox 313 2763 352 2830; x_wconf 86' lang='grc' dir='ltr'><em>Ὃ</em></span> <span class='ocrx_word' id='word_1_127' title='bbox 378 2755 416 2836; x_wconf 82' lang='grc' dir='ltr'>δή</span> <span class='ocrx_word' id='word_1_128' title='bbox 432 2763 457 2847; x_wconf 86' lang='lat'>²)</span> <span class='ocrx_word' id='word_1_129' title='bbox 484 2773 527 2847; x_wconf 87' lang='grc' dir='ltr'>τῷ</span> <span class='ocrx_word' id='word_1_130' title='bbox 553 2765 715 2854; x_wconf 83' lang='grc' dir='ltr'>Σωκράτει</span> <span class='ocrx_word' id='word_1_131' title='bbox 739 2769 943 2856; x_wconf 89' lang='grc' dir='ltr'>προκείμενον</span> <span class='ocrx_word' id='word_1_132' title='bbox 968 2769 1013 2835; x_wconf 88' lang='grc' dir='ltr'>όν.</span> 
     </span>
    </p>
   </div>
   <div class='ocr_carea' id='block_1_4' title="bbox 1069 2985 1116 3051">
    <p class='ocr_par' dir='ltr' id='par_1_5' title="bbox 1069 2985 1116 3051">
     <span class='ocr_line' id='line_1_13' title="bbox 1069 2985 1116 3051; baseline 0.064 -3"><span class='ocrx_word' id='word_1_133' title='bbox 1069 2985 1116 3051; x_wconf 80' lang='grc' dir='ltr'>Α’.</span> 
     </span>
    </p>
   </div>
   <div class='ocr_carea' id='block_1_5' title="bbox 265 3193 1862 3722">
    <p class='ocr_par' dir='ltr' id='par_1_6' title="bbox 364 3193 1862 3287">
     <span class='ocr_line' id='line_1_14' title="bbox 364 3193 1862 3287; baseline -0.006 -24"><span class='ocrx_word' id='word_1_134' title='bbox 364 3197 398 3263; x_wconf 83' lang='lat' dir='ltr'>‘O</span> <span class='ocrx_word' id='word_1_135' title='bbox 424 3197 479 3287; x_wconf 83' lang='grc' dir='ltr'>μὲν</span> <span class='ocrx_word' id='word_1_136' title='bbox 504 3197 608 3262; x_wconf 89' lang='grc' dir='ltr'>τοίνυν</span> <span class='ocrx_word' id='word_1_137' title='bbox 633 3197 695 3261; x_wconf 76' lang='grc' dir='ltr'>ἀπὸ</span> <span class='ocrx_word' id='word_1_138' title='bbox 719 3207 777 3272; x_wconf 79' lang='grc' dir='ltr'>τῆς</span> <span class='ocrx_word' id='word_1_139' title='bbox 802 3199 972 3287; x_wconf 72' lang='grc' dir='ltr'>ἀναλογίας</span> <span class='ocrx_word' id='word_1_140' title='bbox 996 3207 1058 3261; x_wconf 86' lang='grc' dir='ltr'>τῶν</span> <span class='ocrx_word' id='word_1_141' title='bbox 1083 3201 1251 3261; x_wconf 83' lang='grc' dir='ltr'>πολιτειῶν</span> <span class='ocrx_word' id='word_1_142' title='bbox 1276 3197 1371 3285; x_wconf 89' lang='grc' dir='ltr'>λόγος</span> <span class='ocrx_word' id='word_1_143' title='bbox 1396 3195 1492 3259; x_wconf 85' lang='grc' dir='ltr'>ἔοικεν</span> <span class='ocrx_word' id='word_1_144' title='bbox 1517 3193 1569 3258; x_wconf 84' lang='grc' dir='ltr'>ἀπ’</span> <span class='ocrx_word' id='word_1_145' title='bbox 1596 3195 1781 3283; x_wconf 79' lang='grc' dir='ltr'>ἀμφοτέρων</span> <span class='ocrx_word' id='word_1_146' title='bbox 1805 3196 1862 3258; x_wconf 84' lang='grc' dir='ltr'>ἐπι-</span> 
     </span>
    </p>

    <p class='ocr_par' dir='ltr' id='par_1_7' title="bbox 265 3295 1861 3722">
     <span class='ocr_line' id='line_1_15' title="bbox 265 3295 1861 3397; baseline -0.002 -33"><span class='ocrx_word' id='word_1_147' title='bbox 265 3325 291 3364; x_wconf 90' lang='grc' dir='ltr'>ιο</span> <span class='ocrx_word' id='word_1_148' title='bbox 319 3315 447 3396; x_wconf 80' lang='grc' dir='ltr'>χειροῖν,</span> <span class='ocrx_word' id='word_1_149' title='bbox 472 3295 590 3379; x_wconf 83' lang='grc' dir='ltr'>δεικνὺς</span> <span class='ocrx_word' id='word_1_150' title='bbox 614 3302 674 3376; x_wconf 83' lang='grc' dir='ltr'>τήν</span> <span class='ocrx_word' id='word_1_151' title='bbox 699 3303 754 3392; x_wconf 86' lang='grc' dir='ltr'>μὲν</span> <span class='ocrx_word' id='word_1_152' title='bbox 781 3303 947 3388; x_wconf 80' lang='grc' dir='ltr'>βασιλικήν</span> <span class='ocrx_word' id='word_1_153' title='bbox 968 3307 1129 3368; x_wconf 86' lang='grc' dir='ltr'>πολιτείαν</span> <span class='ocrx_word' id='word_1_154' title='bbox 1153 3306 1311 3397; x_wconf 86' lang='grc' dir='ltr'>γέμουσαν</span> <span class='ocrx_word' id='word_1_155' title='bbox 1336 3306 1484 3393; x_wconf 80' lang='grc' dir='ltr'>ἔμφρονος</span> <span class='ocrx_word' id='word_1_156' title='bbox 1508 3296 1601 3388; x_wconf 73' lang='grc' dir='ltr'>ζωῆς,</span> <span class='ocrx_word' id='word_1_157' title='bbox 1626 3309 1665 3378; x_wconf 87' lang='grc' dir='ltr'>ὡς</span> <span class='ocrx_word' id='word_1_158' title='bbox 1689 3313 1861 3388; x_wconf 85' lang='grc' dir='ltr'>κοσμοῦσαν</span> 
     </span>
     <span class='ocr_line' id='line_1_16' title="bbox 319 3403 1861 3504; baseline -0.006 -28"><span class='ocrx_word' id='word_1_159' title='bbox 319 3415 397 3485; x_wconf 87' lang='grc' dir='ltr'>ὅλην</span> <span class='ocrx_word' id='word_1_160' title='bbox 421 3410 481 3482; x_wconf 83' lang='grc' dir='ltr'>τήν</span> <span class='ocrx_word' id='word_1_161' title='bbox 505 3411 609 3496; x_wconf 88' lang='grc' dir='ltr'>πόλιν,</span> <span class='ocrx_word' id='word_1_162' title='bbox 632 3411 686 3475; x_wconf 86' lang='grc' dir='ltr'>καί</span> <span class='ocrx_word' id='word_1_163' title='bbox 701 3403 850 3496; x_wconf 88' lang='grc' dir='ltr'>ήδίστην,</span> <span class='ocrx_word' id='word_1_164' title='bbox 866 3418 906 3488; x_wconf 85' lang='grc' dir='ltr'>ὡς</span> <span class='ocrx_word' id='word_1_165' title='bbox 925 3413 1024 3502; x_wconf 88' lang='grc' dir='ltr'>μόνην</span> <span class='ocrx_word' id='word_1_166' title='bbox 1041 3412 1205 3504; x_wconf 76' lang='grc' dir='ltr'>ἐλευθέραν</span> <span class='ocrx_word' id='word_1_167' title='bbox 1229 3413 1282 3478; x_wconf 90' lang='grc' dir='ltr'>καί</span> <span class='ocrx_word' id='word_1_168' title='bbox 1301 3417 1398 3497; x_wconf 78' lang='grc' dir='ltr'>ἑαυτῇ</span> <span class='ocrx_word' id='word_1_169' title='bbox 1418 3415 1521 3500; x_wconf 90' lang='grc' dir='ltr'>φίλην·</span> <span class='ocrx_word' id='word_1_170' title='bbox 1546 3412 1606 3484; x_wconf 86' lang='grc' dir='ltr'>τήν</span> <span class='ocrx_word' id='word_1_171' title='bbox 1628 3403 1661 3476; x_wconf 88' lang='grc' dir='ltr'>δέ</span> <span class='ocrx_word' id='word_1_172' title='bbox 1680 3408 1861 3501; x_wconf 81' lang='grc' dir='ltr'>τυραννικήν</span> 
     </span>
     <span class='ocr_line' id='line_1_17' title="bbox 319 3512 1860 3610; baseline -0.006 -24"><span class='ocrx_word' id='word_1_173' title='bbox 319 3531 383 3586; x_wconf 82' lang='grc' dir='ltr'>τῶν</span> <span class='ocrx_word' id='word_1_174' title='bbox 408 3523 556 3587; x_wconf 88' lang='grc' dir='ltr'>ἐναντίων</span> <span class='ocrx_word' id='word_1_175' title='bbox 581 3521 712 3608; x_wconf 89' lang='grc' dir='ltr'>μεστήν.</span> <span class='ocrx_word' id='word_1_176' title='bbox 730 3512 899 3596; x_wconf 87' lang='grc' dir='ltr'>Ἀνήδονός</span> <span class='ocrx_word' id='word_1_177' title='bbox 916 3545 953 3584; x_wconf 88' lang='grc' dir='ltr'>τε</span> <span class='ocrx_word' id='word_1_178' title='bbox 969 3519 1030 3610; x_wconf 89' lang='grc' dir='ltr'>γάρ</span> <span class='ocrx_word' id='word_1_179' title='bbox 1047 3524 1143 3608; x_wconf 84' lang='grc' dir='ltr'>ἐστιν,</span> <span class='ocrx_word' id='word_1_180' title='bbox 1160 3529 1200 3598; x_wconf 84' lang='grc' dir='ltr'>ὡς</span> <span class='ocrx_word' id='word_1_181' title='bbox 1217 3522 1267 3586; x_wconf 89' lang='grc' dir='ltr'>ἀεί</span> <span class='ocrx_word' id='word_1_182' title='bbox 1282 3530 1346 3586; x_wconf 87' lang='grc' dir='ltr'>τῶν</span> <span class='ocrx_word' id='word_1_183' title='bbox 1364 3520 1519 3609; x_wconf 90' lang='grc' dir='ltr'>τυράννων</span> <span class='ocrx_word' id='word_1_184' title='bbox 1544 3523 1576 3587; x_wconf 88' lang='grc' dir='ltr'>ἐν</span> <span class='ocrx_word' id='word_1_185' title='bbox 1600 3517 1747 3606; x_wconf 67' lang='grc' dir='ltr'>ὑποψίαις</span> <span class='ocrx_word' id='word_1_186' title='bbox 1772 3521 1860 3582; x_wconf 89' lang='grc' dir='ltr'>όντων</span> 
     </span>
     <span class='ocr_line' id='line_1_18' title="bbox 318 3622 1861 3722; baseline -0.008 -26"><span class='ocrx_word' id='word_1_187' title='bbox 318 3634 393 3722; x_wconf 77' lang='grc' dir='ltr'>πρὸς</span> <span class='ocrx_word' id='word_1_188' title='bbox 417 3631 488 3706; x_wconf 83' lang='grc' dir='ltr'>τοὺς</span> <span class='ocrx_word' id='word_1_189' title='bbox 513 3629 714 3720; x_wconf 88' lang='grc' dir='ltr'>ἀρχομένους,</span> <span class='ocrx_word' id='word_1_190' title='bbox 740 3633 770 3693; x_wconf 90' lang='grc' dir='ltr'>ἐν</span> <span class='ocrx_word' id='word_1_191' title='bbox 796 3622 911 3718; x_wconf 74' lang='grc' dir='ltr'>φόόοις,</span> <span class='ocrx_word' id='word_1_192' title='bbox 929 3634 960 3693; x_wconf 87' lang='grc' dir='ltr'>ἐν</span> <span class='ocrx_word' id='word_1_193' title='bbox 978 3629 1109 3718; x_wconf 89' lang='grc' dir='ltr'>φθόνοις,</span> <span class='ocrx_word' id='word_1_194' title='bbox 1126 3633 1157 3693; x_wconf 91' lang='grc' dir='ltr'>ἐν</span> <span class='ocrx_word' id='word_1_195' title='bbox 1174 3631 1344 3708; x_wconf 78' lang='grc' dir='ltr'>ἀπιστίαις,</span> <span class='ocrx_word' id='word_1_196' title='bbox 1362 3631 1392 3692; x_wconf 89' lang='grc' dir='ltr'>ἐν</span> <span class='ocrx_word' id='word_1_197' title='bbox 1410 3639 1473 3702; x_wconf 86' lang='grc' dir='ltr'>τοῖς</span> <span class='ocrx_word' id='word_1_198' title='bbox 1490 3627 1642 3703; x_wconf 87' lang='grc' dir='ltr'>τοιοότοις</span> <span class='ocrx_word' id='word_1_199' title='bbox 1663 3629 1790 3692; x_wconf 84' lang='grc' dir='ltr'>ἀπασιν·</span> <span class='ocrx_word' id='word_1_200' title='bbox 1815 3623 1861 3688; x_wconf 88' lang='grc' dir='ltr'>καί</span> 
     </span>
    </p>
   </div>
   <div class='ocr_carea' id='block_1_6' title="bbox 319 3728 1935 3828">
    <p class='ocr_par' dir='ltr' id='par_1_8' title="bbox 319 3728 1935 3828">
     <span class='ocr_line' id='line_1_19' title="bbox 319 3728 1935 3828; baseline -0.004 -28"><span class='ocrx_word' id='word_1_201' title='bbox 319 3749 382 3802; x_wconf 86' lang='grc' dir='ltr'>τῶν</span> <span class='ocrx_word' id='word_1_202' title='bbox 406 3742 587 3828; x_wconf 78' lang='grc' dir='ltr'>ἀρχομένων</span> <span class='ocrx_word' id='word_1_203' title='bbox 612 3741 642 3803; x_wconf 83' lang='grc' dir='ltr'>ἐν</span> <span class='ocrx_word' id='word_1_204' title='bbox 667 3737 830 3828; x_wconf 87' lang='grc' dir='ltr'>ἀνάγκαις,</span> <span class='ocrx_word' id='word_1_205' title='bbox 856 3742 886 3800; x_wconf 89' lang='grc' dir='ltr'>ἐν</span> <span class='ocrx_word' id='word_1_206' title='bbox 910 3728 1064 3827; x_wconf 72' lang='grc' dir='ltr'>ὀδυρμοῖς,</span> <span class='ocrx_word' id='word_1_207' title='bbox 1082 3741 1112 3802; x_wconf 91' lang='grc' dir='ltr'>ἐν</span> <span class='ocrx_word' id='word_1_208' title='bbox 1131 3740 1266 3820; x_wconf 85' lang='grc' dir='ltr'>ἀκουσίῳ</span> <span class='ocrx_word' id='word_1_209' title='bbox 1285 3748 1324 3822; x_wconf 77' lang='grc' dir='ltr'>τῇ</span> <span class='ocrx_word' id='word_1_210' title='bbox 1351 3737 1500 3824; x_wconf 84' lang='grc' dir='ltr'>συμπάσῃ</span> <span class='ocrx_word' id='word_1_211' title='bbox 1527 3731 1590 3821; x_wconf 74' lang='grc' dir='ltr'>ζωῇ</span> <span class='ocrx_word' id='word_1_212' title='bbox 1617 3737 1671 3799; x_wconf 87' lang='grc' dir='ltr'>καί</span> <span class='ocrx_word' id='word_1_213' title='bbox 1694 3735 1861 3824; x_wconf 84' lang='grc' dir='ltr'>φρονήσεως</span> <span class='ocrx_word' id='word_1_214' title='bbox 1934 3819 1935 3822; x_wconf 9' lang='grc' dir='ltr'>ρ</span> 
     </span>
    </p>
   </div>
   <div class='ocr_carea' id='block_1_7' title="bbox 265 3837 1859 3937">
    <p class='ocr_par' dir='ltr' id='par_1_9' title="bbox 265 3837 1859 3937">
     <span class='ocr_line' id='line_1_20' title="bbox 265 3837 1859 3937; baseline -0.002 -28"><span class='ocrx_word' id='word_1_215' title='bbox 265 3861 291 3897; x_wconf 79' lang='lat'>¹⁵</span> <span class='ocrx_word' id='word_1_216' title='bbox 320 3843 446 3934; x_wconf 82' lang='grc' dir='ltr'>ἄμοιρος</span> <span class='ocrx_word' id='word_1_217' title='bbox 470 3846 586 3930; x_wconf 88' lang='grc' dir='ltr'>πάσης,</span> <span class='ocrx_word' id='word_1_218' title='bbox 605 3849 688 3936; x_wconf 86' lang='grc' dir='ltr'>είπερ</span> <span class='ocrx_word' id='word_1_219' title='bbox 706 3847 862 3935; x_wconf 87' lang='grc' dir='ltr'>φρόνησις,</span> <span class='ocrx_word' id='word_1_220' title='bbox 881 3842 924 3921; x_wconf 84' lang='grc' dir='ltr'>οἷς</span> <span class='ocrx_word' id='word_1_221' title='bbox 941 3843 976 3908; x_wconf 91' lang='grc' dir='ltr'>ἀν</span> <span class='ocrx_word' id='word_1_222' title='bbox 994 3847 1225 3937; x_wconf 88' lang='grc' dir='ltr'>παραγένηται,</span> <span class='ocrx_word' id='word_1_223' title='bbox 1245 3840 1338 3923; x_wconf 74' lang='grc' dir='ltr'>σώζει</span> <span class='ocrx_word' id='word_1_224' title='bbox 1355 3846 1426 3921; x_wconf 83' lang='grc' dir='ltr'>τοὺς</span> <span class='ocrx_word' id='word_1_225' title='bbox 1443 3847 1584 3934; x_wconf 83' lang='grc' dir='ltr'>ἔχοντας·</span> <span class='ocrx_word' id='word_1_226' title='bbox 1605 3851 1622 3917; x_wconf 86' lang='grc' dir='ltr'>ή</span> <span class='ocrx_word' id='word_1_227' title='bbox 1642 3837 1675 3908; x_wconf 87' lang='grc' dir='ltr'>δέ</span> <span class='ocrx_word' id='word_1_228' title='bbox 1698 3839 1859 3934; x_wconf 77' lang='grc' dir='ltr'>τυραννική</span> 
     </span>
    </p>
   </div>
   <div class='ocr_carea' id='block_1_8' title="bbox 319 3945 1860 4152">
    <p class='ocr_par' dir='ltr' id='par_1_10' title="bbox 319 3945 1860 4152">
     <span class='ocr_line' id='line_1_21' title="bbox 319 3945 1860 4044; baseline -0.004 -27"><span class='ocrx_word' id='word_1_229' title='bbox 319 3956 465 4018; x_wconf 88' lang='grc' dir='ltr'>πολιτεία</span> <span class='ocrx_word' id='word_1_230' title='bbox 490 3965 561 4044; x_wconf 77' lang='grc' dir='ltr'>μιᾶς</span> <span class='ocrx_word' id='word_1_231' title='bbox 586 3957 671 4018; x_wconf 83' lang='grc' dir='ltr'>ἐστιν</span> <span class='ocrx_word' id='word_1_232' title='bbox 696 3953 859 4041; x_wconf 77' lang='grc' dir='ltr'>ἐπιθυμίας</span> <span class='ocrx_word' id='word_1_233' title='bbox 877 3957 1003 4043; x_wconf 88' lang='grc' dir='ltr'>ἔγγονος</span> <span class='ocrx_word' id='word_1_234' title='bbox 1020 3965 1077 4030; x_wconf 82' lang='grc' dir='ltr'>τῆς</span> <span class='ocrx_word' id='word_1_235' title='bbox 1094 3955 1289 4043; x_wconf 84' lang='grc' dir='ltr'>παρανόμου,</span> <span class='ocrx_word' id='word_1_236' title='bbox 1305 3945 1470 4026; x_wconf 86' lang='grc' dir='ltr'>πεδήσασα</span> <span class='ocrx_word' id='word_1_237' title='bbox 1490 3953 1547 4028; x_wconf 88' lang='grc' dir='ltr'>τάς</span> <span class='ocrx_word' id='word_1_238' title='bbox 1572 3953 1670 4028; x_wconf 87' lang='grc' dir='ltr'>ἄλλας</span> <span class='ocrx_word' id='word_1_239' title='bbox 1695 3953 1750 4016; x_wconf 87' lang='grc' dir='ltr'>καί</span> <span class='ocrx_word' id='word_1_240' title='bbox 1774 3949 1860 4014; x_wconf 81' lang='grc' dir='ltr'>αότον</span> 
     </span>
     <span class='ocr_line' id='line_1_22' title="bbox 320 4053 958 4152; baseline 0.003 -26"><span class='ocrx_word' id='word_1_241' title='bbox 320 4063 374 4128; x_wconf 83' lang='grc' dir='ltr'>τόν</span> <span class='ocrx_word' id='word_1_242' title='bbox 399 4073 457 4138; x_wconf 86' lang='grc' dir='ltr'>τῆς</span> <span class='ocrx_word' id='word_1_243' title='bbox 482 4062 658 4152; x_wconf 90' lang='grc' dir='ltr'>φρονήσεως</span> <span class='ocrx_word' id='word_1_244' title='bbox 682 4053 826 4126; x_wconf 82' lang='grc' dir='ltr'>δεκτικόν</span> <span class='ocrx_word' id='word_1_245' title='bbox 851 4063 958 4151; x_wconf 86' lang='grc' dir='ltr'>λόγον.</span> 
     </span>
    </p>
   </div>
   <div class='ocr_carea' id='block_1_9' title="bbox 1078 4279 1121 4346">
    <p class='ocr_par' dir='ltr' id='par_1_11' title="bbox 1078 4279 1121 4346">
     <span class='ocr_line' id='line_1_23' title="bbox 1078 4279 1121 4346; baseline 0.116 -5"><span class='ocrx_word' id='word_1_246' title='bbox 1078 4279 1121 4346; x_wconf 84' lang='lat' dir='ltr'>B&#39;.</span> 
     </span>
    </p>
   </div>
   <div class='ocr_carea' id='block_1_10' title="bbox 367 4485 1858 4584">
    <p class='ocr_par' dir='ltr' id='par_1_12' title="bbox 367 4485 1858 4584">
     <span class='ocr_line' id='line_1_24' title="bbox 367 4485 1858 4584; baseline -0.003 -25"><span class='ocrx_word' id='word_1_247' title='bbox 367 4494 401 4559; x_wconf 87' lang='lat' dir='ltr'>‘O</span> <span class='ocrx_word' id='word_1_248' title='bbox 427 4485 461 4558; x_wconf 86' lang='grc' dir='ltr'>δέ</span> <span class='ocrx_word' id='word_1_249' title='bbox 485 4485 523 4556; x_wconf 82' lang='grc' dir='ltr'>αὖ</span> <span class='ocrx_word' id='word_1_250' title='bbox 540 4493 601 4556; x_wconf 77' lang='grc' dir='ltr'>ἀπό</span> <span class='ocrx_word' id='word_1_251' title='bbox 618 4501 680 4558; x_wconf 88' lang='grc' dir='ltr'>τῶν</span> <span class='ocrx_word' id='word_1_252' title='bbox 699 4494 865 4582; x_wconf 89' lang='grc' dir='ltr'>κριτηρίων</span> <span class='ocrx_word' id='word_1_253' title='bbox 883 4495 1066 4582; x_wconf 83' lang='grc' dir='ltr'>ὡρμημένος</span> <span class='ocrx_word' id='word_1_254' title='bbox 1083 4505 1141 4569; x_wconf 78' lang='grc' dir='ltr'>τῆς</span> <span class='ocrx_word' id='word_1_255' title='bbox 1158 4495 1381 4584; x_wconf 78' lang='grc' dir='ltr'>ἐπιχειρήσεως</span> <span class='ocrx_word' id='word_1_256' title='bbox 1398 4494 1512 4583; x_wconf 89' lang='grc' dir='ltr'>τρόπος</span> <span class='ocrx_word' id='word_1_257' title='bbox 1537 4491 1667 4558; x_wconf 81' lang='grc' dir='ltr'>αὐτόθεν</span> <span class='ocrx_word' id='word_1_258' title='bbox 1692 4493 1746 4558; x_wconf 84' lang='grc' dir='ltr'>ἀπ’</span> <span class='ocrx_word' id='word_1_259' title='bbox 1771 4495 1858 4562; x_wconf 72' lang='grc' dir='ltr'>αὐτῆς</span> 
     </span>
    </p>
   </div>
   <div class='ocr_carea' id='block_1_11' title="bbox 266 4594 1936 4800">
    <p class='ocr_par' dir='ltr' id='par_1_13' title="bbox 266 4594 1936 4800">
     <span class='ocr_line' id='line_1_25' title="bbox 322 4594 1936 4691; baseline -0.004 -25"><span class='ocrx_word' id='word_1_260' title='bbox 322 4599 497 4691; x_wconf 88' lang='grc' dir='ltr'>προάγεται</span> <span class='ocrx_word' id='word_1_261' title='bbox 513 4611 571 4676; x_wconf 80' lang='grc' dir='ltr'>τῆς</span> <span class='ocrx_word' id='word_1_262' title='bbox 589 4603 658 4682; x_wconf 85' lang='lat' dir='ltr'>(fol.</span> <span class='ocrx_word' id='word_1_263' title='bbox 677 4604 739 4667; x_wconf 90' lang='grc'>110</span> <span class='ocrx_word' id='word_1_264' title='bbox 757 4605 799 4682; x_wconf 83' lang='lat' dir='ltr'>v.)</span> <span class='ocrx_word' id='word_1_265' title='bbox 819 4600 1008 4690; x_wconf 81' lang='grc' dir='ltr'>[φρονήσεως</span> <span class='ocrx_word' id='word_1_266' title='bbox 1026 4602 1079 4664; x_wconf 88' lang='grc' dir='ltr'>καί</span> <span class='ocrx_word' id='word_1_267' title='bbox 1094 4607 1134 4676; x_wconf 86' lang='grc' dir='ltr'>ὡς</span> <span class='ocrx_word' id='word_1_268' title='bbox 1153 4605 1183 4666; x_wconf 87' lang='grc' dir='ltr'>ἐν</span> <span class='ocrx_word' id='word_1_269' title='bbox 1200 4605 1276 4676; x_wconf 81' lang='grc' dir='ltr'>ὕλης</span> <span class='ocrx_word' id='word_1_270' title='bbox 1295 4594 1392 4682; x_wconf 78' lang='grc' dir='ltr'>τάξει,</span> <span class='ocrx_word' id='word_1_271' title='bbox 1411 4601 1464 4664; x_wconf 90' lang='grc' dir='ltr'>καί</span> <span class='ocrx_word' id='word_1_272' title='bbox 1480 4607 1520 4676; x_wconf 87' lang='grc' dir='ltr'>ὡς</span> <span class='ocrx_word' id='word_1_273' title='bbox 1537 4601 1685 4691; x_wconf 82' lang='grc' dir='ltr'>ὁργάνων·</span> <span class='ocrx_word' id='word_1_274' title='bbox 1708 4603 1784 4666; x_wconf 88' lang='grc' dir='ltr'>όταν</span> <span class='ocrx_word' id='word_1_275' title='bbox 1808 4599 1858 4690; x_wconf 73' lang='grc' dir='ltr'>γάρ</span> <span class='ocrx_word' id='word_1_276' title='bbox 1935 4645 1936 4656; x_wconf 47' lang='grc' dir='ltr'>ι</span> 
     </span>
     <span class='ocr_line' id='line_1_26' title="bbox 266 4701 1936 4800; baseline -0.002 -28"><span class='ocrx_word' id='word_1_277' title='bbox 266 4735 293 4772; x_wconf 84' lang='grc' dir='ltr'>ιο</span> <span class='ocrx_word' id='word_1_278' title='bbox 321 4709 458 4800; x_wconf 81' lang='grc' dir='ltr'>λέγηται</span> <span class='ocrx_word' id='word_1_279' title='bbox 471 4708 628 4797; x_wconf 87' lang='grc' dir='ltr'>κρίνεσθαι</span> <span class='ocrx_word' id='word_1_280' title='bbox 643 4718 705 4772; x_wconf 78' lang='grc' dir='ltr'>πᾶν</span> <span class='ocrx_word' id='word_1_281' title='bbox 721 4708 740 4780; x_wconf 83' lang='grc' dir='ltr'>ή</span> <span class='ocrx_word' id='word_1_282' title='bbox 755 4709 859 4781; x_wconf 79' lang='grc' dir='ltr'>νοήσει</span> <span class='ocrx_word' id='word_1_283' title='bbox 873 4707 910 4792; x_wconf 81' lang='lat'>³),</span> <span class='ocrx_word' id='word_1_284' title='bbox 928 4709 946 4780; x_wconf 80' lang='grc' dir='ltr'><strong>ἢ</strong></span> <span class='ocrx_word' id='word_1_285' title='bbox 964 4710 1060 4800; x_wconf 89' lang='grc' dir='ltr'>λόγῳ,</span> <span class='ocrx_word' id='word_1_286' title='bbox 1079 4709 1098 4780; x_wconf 87' lang='grc' dir='ltr'>ή</span> <span class='ocrx_word' id='word_1_287' title='bbox 1117 4710 1271 4798; x_wconf 77' lang='grc' dir='ltr'>ἐμπειρίᾳ,</span> <span class='ocrx_word' id='word_1_288' title='bbox 1290 4701 1386 4782; x_wconf 84' lang='grc' dir='ltr'>δῆλον</span> <span class='ocrx_word' id='word_1_289' title='bbox 1405 4701 1576 4796; x_wconf 87' lang='grc' dir='ltr'>δήπουθεν]</span> <span class='ocrx_word' id='word_1_290' title='bbox 1594 4715 1633 4785; x_wconf 85' lang='grc' dir='ltr'>ὡς</span> <span class='ocrx_word' id='word_1_291' title='bbox 1647 4708 1707 4798; x_wconf 84' lang='grc' dir='ltr'>ἀρα</span> <span class='ocrx_word' id='word_1_292' title='bbox 1722 4715 1741 4782; x_wconf 85' lang='grc' dir='ltr'>ή</span> <span class='ocrx_word' id='word_1_293' title='bbox 1758 4709 1811 4798; x_wconf 85' lang='grc' dir='ltr'>μέν</span> <span class='ocrx_word' id='word_1_294' title='bbox 1826 4713 1858 4778; x_wconf 85' lang='grc' dir='ltr'>ὡς</span> <span class='ocrx_word' id='word_1_295' title='bbox 1901 4731 1905 4744; x_wconf 93' lang='lat'>·</span> <span class='ocrx_word' id='word_1_296' title='bbox 1935 4701 1936 4720; x_wconf 36' lang='grc' dir='ltr'>ί</span> 
     </span>
    </p>
   </div>
   <div class='ocr_carea' id='block_1_12' title="bbox 321 4809 1858 5124">
    <p class='ocr_par' dir='ltr' id='par_1_14' title="bbox 321 4809 1858 5124">
     <span class='ocr_line' id='line_1_27' title="bbox 322 4809 1858 4907; baseline 0 -29"><span class='ocrx_word' id='word_1_297' title='bbox 322 4815 449 4891; x_wconf 87' lang='grc' dir='ltr'>ἀληθῶς</span> <span class='ocrx_word' id='word_1_298' title='bbox 466 4816 589 4906; x_wconf 86' lang='grc' dir='ltr'>κριτική</span> <span class='ocrx_word' id='word_1_299' title='bbox 611 4817 803 4906; x_wconf 86' lang='grc' dir='ltr'>[τῶνόντων</span> <span class='ocrx_word' id='word_1_300' title='bbox 821 4816 895 4904; x_wconf 79' lang='grc' dir='ltr'>τῆς]</span> <span class='ocrx_word' id='word_1_301' title='bbox 915 4811 1001 4893; x_wconf 77' lang='grc' dir='ltr'>ἀξίας</span> <span class='ocrx_word' id='word_1_302' title='bbox 1018 4817 1102 4880; x_wconf 84' lang='grc' dir='ltr'>ἐστίν</span> <span class='ocrx_word' id='word_1_303' title='bbox 1119 4823 1137 4891; x_wconf 85' lang='grc' dir='ltr'>ή</span> <span class='ocrx_word' id='word_1_304' title='bbox 1157 4819 1313 4907; x_wconf 86' lang='grc' dir='ltr'>φρόνησις·</span> <span class='ocrx_word' id='word_1_305' title='bbox 1330 4818 1367 4892; x_wconf 72' lang='grc' dir='ltr'>ἢν</span> <span class='ocrx_word' id='word_1_306' title='bbox 1390 4809 1441 4883; x_wconf 86' lang='grc' dir='ltr'>διά</span> <span class='ocrx_word' id='word_1_307' title='bbox 1466 4829 1560 4882; x_wconf 76' lang='grc' dir='ltr'>τοῦτο</span> <span class='ocrx_word' id='word_1_308' title='bbox 1578 4819 1631 4881; x_wconf 89' lang='grc' dir='ltr'>καί</span> <span class='ocrx_word' id='word_1_309' title='bbox 1650 4819 1740 4893; x_wconf 87' lang='grc' dir='ltr'>τέλος</span> <span class='ocrx_word' id='word_1_310' title='bbox 1764 4812 1858 4882; x_wconf 80' lang='grc' dir='ltr'>ίθεντό</span> 
     </span>
     <span class='ocr_line' id='line_1_28' title="bbox 321 4917 1857 5016; baseline 0.004 -30"><span class='ocrx_word' id='word_1_311' title='bbox 321 4947 401 5000; x_wconf 88' lang='grc' dir='ltr'>τινες</span> <span class='ocrx_word' id='word_1_312' title='bbox 418 4919 494 4989; x_wconf 83' lang='grc' dir='ltr'>εἶναι</span> <span class='ocrx_word' id='word_1_313' title='bbox 519 4935 575 5002; x_wconf 79' lang='grc' dir='ltr'>τῆς</span> <span class='ocrx_word' id='word_1_314' title='bbox 600 4925 792 5014; x_wconf 88' lang='grc' dir='ltr'>ἀνθρωπίνης</span> <span class='ocrx_word' id='word_1_315' title='bbox 809 4919 901 5002; x_wconf 76' lang='grc' dir='ltr'>ζωῆς,</span> <span class='ocrx_word' id='word_1_316' title='bbox 920 4932 1110 5015; x_wconf 84' lang='grc' dir='ltr'>ΙΙροηγεῒται</span> <span class='ocrx_word' id='word_1_317' title='bbox 1128 4918 1161 4990; x_wconf 88' lang='grc' dir='ltr'>δὲ</span> <span class='ocrx_word' id='word_1_318' title='bbox 1178 4927 1297 5002; x_wconf 78' lang='grc' dir='ltr'>ταύτης</span> <span class='ocrx_word' id='word_1_319' title='bbox 1314 4934 1333 4999; x_wconf 87' lang='grc' dir='ltr'>ή</span> <span class='ocrx_word' id='word_1_320' title='bbox 1357 4930 1512 5016; x_wconf 87' lang='grc' dir='ltr'>ἐμπειρία,</span> <span class='ocrx_word' id='word_1_321' title='bbox 1527 4917 1701 5016; x_wconf 87' lang='grc' dir='ltr'>πρόδρομος</span> <span class='ocrx_word' id='word_1_322' title='bbox 1722 4919 1797 4988; x_wconf 78' lang='grc' dir='ltr'>οὖσά</span> <span class='ocrx_word' id='word_1_323' title='bbox 1818 4945 1857 4992; x_wconf 72' lang='grc' dir='ltr'>τις</span> 
     </span>
     <span class='ocr_line' id='line_1_29' title="bbox 321 5029 1855 5124; baseline 0.001 -30"><span class='ocrx_word' id='word_1_324' title='bbox 321 5042 443 5123; x_wconf 87' lang='grc' dir='ltr'>γνῶσις,</span> <span class='ocrx_word' id='word_1_325' title='bbox 461 5033 515 5098; x_wconf 88' lang='grc' dir='ltr'>καί</span> <span class='ocrx_word' id='word_1_326' title='bbox 532 5033 591 5107; x_wconf 85' lang='grc' dir='ltr'>τήν</span> <span class='ocrx_word' id='word_1_327' title='bbox 609 5035 688 5107; x_wconf 85' lang='grc' dir='ltr'>ὕλην</span> <span class='ocrx_word' id='word_1_328' title='bbox 705 5034 887 5123; x_wconf 87' lang='grc' dir='ltr'>παρέχουσα</span> <span class='ocrx_word' id='word_1_329' title='bbox 900 5044 939 5118; x_wconf 82' lang='grc' dir='ltr'>τῇ</span> <span class='ocrx_word' id='word_1_330' title='bbox 956 5033 1110 5122; x_wconf 85' lang='grc' dir='ltr'>φρονήσει.</span> <span class='ocrx_word' id='word_1_331' title='bbox 1125 5033 1255 5098; x_wconf 72' lang='grc' dir='ltr'>Δέονται</span> <span class='ocrx_word' id='word_1_332' title='bbox 1268 5033 1327 5124; x_wconf 88' lang='grc' dir='ltr'>γάρ</span> <span class='ocrx_word' id='word_1_333' title='bbox 1346 5042 1375 5099; x_wconf 88' lang='grc' dir='ltr'>οί</span> <span class='ocrx_word' id='word_1_334' title='bbox 1390 5037 1537 5124; x_wconf 86' lang='grc' dir='ltr'>ἔμφρονες</span> <span class='ocrx_word' id='word_1_335' title='bbox 1553 5035 1693 5122; x_wconf 85' lang='grc' dir='ltr'>ἐσόμενοι</span> <span class='ocrx_word' id='word_1_336' title='bbox 1704 5034 1758 5096; x_wconf 89' lang='grc' dir='ltr'>καὶ</span> <span class='ocrx_word' id='word_1_337' title='bbox 1774 5029 1855 5108; x_wconf 66' lang='grc' dir='ltr'>εἰς’)</span> 
     </span>
    </p>
   </div>
   <div class='ocr_carea' id='block_1_13' title="bbox 356 5279 1735 5446">
    <p class='ocr_par' dir='ltr' id='par_1_15' title="bbox 356 5279 1735 5446">
     <span class='ocr_line' id='line_1_30' title="bbox 359 5279 1735 5353; baseline 0 -17"><span class='ocrx_word' id='word_1_338' title='bbox 359 5279 381 5352; x_wconf 85' lang='lat'>¹)</span> <span class='ocrx_word' id='word_1_339' title='bbox 399 5281 436 5336; x_wconf 91' lang='lat' dir='ltr'>H.</span> <span class='ocrx_word' id='word_1_340' title='bbox 456 5279 507 5338; x_wconf 77' lang='lat' dir='ltr'><strong>fol.</strong></span> <span class='ocrx_word' id='word_1_341' title='bbox 526 5281 569 5337; x_wconf 80' lang='lat'>39.</span> <span class='ocrx_word' id='word_1_342' title='bbox 1157 5281 1181 5352; x_wconf 80' lang='lat'>⁸)</span> <span class='ocrx_word' id='word_1_343' title='bbox 1199 5282 1237 5337; x_wconf 87' lang='lat' dir='ltr'>H.</span> <span class='ocrx_word' id='word_1_344' title='bbox 1256 5281 1286 5337; x_wconf 90' lang='lat' dir='ltr'>in</span> <span class='ocrx_word' id='word_1_345' title='bbox 1305 5299 1399 5353; x_wconf 79' lang='lat' dir='ltr'><strong>marg.</strong></span> <span class='ocrx_word' id='word_1_346' title='bbox 1418 5281 1509 5338; x_wconf 68' lang='lat' dir='ltr'>habet</span> <span class='ocrx_word' id='word_1_347' title='bbox 1528 5284 1560 5341; x_wconf 78' lang='grc' dir='ltr'>ὡς</span> <span class='ocrx_word' id='word_1_348' title='bbox 1580 5283 1628 5350; x_wconf 75' lang='grc' dir='ltr'>ἄρα</span> <span class='ocrx_word' id='word_1_349' title='bbox 1646 5282 1661 5338; x_wconf 78' lang='grc' dir='ltr'><strong>ἡ</strong></span> <span class='ocrx_word' id='word_1_350' title='bbox 1682 5284 1735 5351; x_wconf 77' lang='grc' dir='ltr'>μίν.</span> 
     </span>
     <span class='ocr_line' id='line_1_31' title="bbox 356 5371 1383 5446; baseline 0 -20"><span class='ocrx_word' id='word_1_351' title='bbox 356 5371 379 5444; x_wconf 83' lang='lat'>¹)</span> <span class='ocrx_word' id='word_1_352' title='bbox 398 5371 435 5426; x_wconf 88' lang='grc' dir='ltr'>Η.</span> <span class='ocrx_word' id='word_1_353' title='bbox 457 5377 483 5425; x_wconf 80' lang='grc' dir='ltr'>τό</span> <span class='ocrx_word' id='word_1_354' title='bbox 503 5375 541 5429; x_wconf 82' lang='grc' dir='ltr'>δή.</span> <span class='ocrx_word' id='word_1_355' title='bbox 1157 5373 1180 5446; x_wconf 84' lang='lat'>⁴)</span> <span class='ocrx_word' id='word_1_356' title='bbox 1199 5371 1237 5428; x_wconf 85' lang='grc' dir='ltr'>Η.</span> <span class='ocrx_word' id='word_1_357' title='bbox 1256 5391 1312 5431; x_wconf 89' lang='lat' dir='ltr'>om.</span> <span class='ocrx_word' id='word_1_358' title='bbox 1334 5379 1383 5435; x_wconf 72' lang='grc' dir='ltr'>τῆς.</span> 
     </span>
    </p>
   </div>
   <div class='ocr_carea' id='block_1_14' title="bbox 0 0 1976 6072">
    <p class='ocr_par' dir='ltr' id='par_1_16' title="bbox 0 0 1976 6072">
     <span class='ocr_line' id='line_1_32' title="bbox 0 0 1976 6072; baseline 0 0"><span class='ocrx_word' id='word_1_359' title='bbox 0 0 1976 6072; x_wconf 95' lang='lat' dir='ltr'> </span> 
     </span>
    </p>
   </div>
  </div>
 </body>
</html>
