3944 6074
525 493 656 566 Civitas
673 499 705 566 εἰ
722 493 872 566 mundus
888 491 1011 564 iisdem
1028 493 1154 586 ἰεφίίικο
1170 503 1348 586 περικαίειν.
1659 503 1712 562 151

168 663 229 737 τήν
253 662 438 746 ἀλήθει(ίυΙ.
462 667 576 749 33)αν,
602 666 667 751 [ἀπ’
692 663 818 730 εἰκόνων
834 664 857 754 ¹)
888 669 929 741 εἰς
952 665 991 730 τὸ
1018 655 1174 731 διδάσκειν
1205 671 1317 732 οἰκεῖον
1341 675 1412 741 ταῖς
1434 661 1549 755 ψυχαῖς
1572 665 1626 730 καί
1648 677 1714 742 τοῖς

168 781 329 861 κοσμικοίς
352 759 614 866 παραδείγμασιν]
1611 774 1616 783 ’

915 981 973 1055 ια’.

218 1198 337 1284 [Τῶν’)
362 1203 466 1291 τριῶν]
492 1205 661 1267 πολιτειῶν
684 1205 725 1277 εἰς
752 1202 822 1288 [τὰς
845 1213 928 1294 τρεῖς
953 1195 1170 1293 δημιουργίας]
1197 1204 1444 1295 ἀναφερομένων,
1469 1207 1520 1290 [εἰς
1542 1205 1603 1278 τήν
1626 1207 1715 1285 όλην,

170 1307 223 1394 εἰς]
248 1307 307 1379 τὴν
328 1299 538 1394 διονυσιακήν,
559 1312 611 1394 [εἰς
630 1309 687 1380 τήν
705 1300 893 1384 ἀδωνιακήν.
910 1310 945 1377 ‘0
962 1309 1023 1402 γάρ
1039 1311 1200 1386 πολιτικός
1218 1305 1463 1391 ἀπεικονίζεσθαι
1481 1312 1629 1398 βούλεταί
1644 1338 1716 1378 τινα

127 1444 141 1483 ι
170 1402 371 1506 δημιουργόν·
395 1415 485 1506 ὁμὲν
502 1416 619 1504 πάντα]
638 1416 726 1482 κοινά
741 1428 849 1502 ποιῶν,
866 1420 921 1484 τόν
941 1418 993 1502 [τά
1011 1419 1081 1506 ὅλα]
1100 1430 1260 1498 ποιοῦντα,
1280 1423 1307 1506 [ὁ
1325 1413 1359 1486 δί
1375 1421 1474 1512 μένων
1498 1423 1552 1487 καὶ
1576 1413 1714 1512 διαιρῶν]

167 1523 223 1588 τὀν
247 1514 395 1590 διελόντα
418 1524 481 1589 ἀπό
506 1525 580 1611 [τῶν
605 1527 685 1592 όλων
708 1524 751 1591 τά
775 1527 865 1619 μίρη·
886 1530 904 1591 ό
928 1517 962 1592 δὲ
986 1527 1176 1617 ἐπαν]υρθῶν
1198 1529 1237 1593 τό
1256 1519 1443 1619 διάστροφον
1470 1520 1571 1615 [εἷδος,
1594 1532 1650 1596 τόν
1673 1529 1717 1596 τά

167 1631 351 1721 γιγνόμενα]
383 1632 437 1697 καί
468 1629 651 1723 φθειρόμενα
678 1635 917 1724 [ἀνυφαίνοντα,
941 1641 981 1711 ὡς
1005 1641 1021 1699 ὁ
1045 1634 1191 1720 Πλάτων]
1217 1636 1287 1726 περί
1317 1647 1377 1712 τῆς
1405 1636 1534 1729 πρώτης
1559 1627 1715 1704 διδάσκων

167 1742 329 1816 πολιτείας
361 1752 504 1832 μιμεῖται
534 1743 590 1806 τόν
614 1742 695 1806 όλων
720 1731 922 1833 δημιουργόν.
945 1741 997 1816 Ὦς
1021 1735 1073 1808 οὖν
1098 1732 1139 1806 δι’
1164 1745 1279 1806 ἐκεῖνον
1304 1741 1420 1807 ἄλυτον
1446 1737 1528 1808 εἶπεν
1561 1737 1638 1808 εἶναι
1662 1743 1716 1808 τόν

167 1849 295 1940 κόσμον,
320 1840 372 1916 διά
394 1847 455 1922 τὴν
479 1851 575 1915 αὐτοῦ
597 1848 758 1933 βούλησιν,
774 1851 923 1939 μέγιστον
948 1843 1042 1913 οὖσαν
1067 1839 1192 1938 δεσμόν,
1216 1849 1298 1915 οὕτω
1321 1849 1444 1923 ταύτην
1468 1850 1528 1924 τήν
1552 1852 1717 1916 πολιτείαν

112 1980 140 2018 1⁰
167 1962 224 2025 οὑκ
248 1957 364 2024 ἄλυτον
389 1958 463 2047 μὲν,
487 1956 682 2048 ἀνθρωπίνην
707 1951 821 2039 οὖσαν,
846 1948 999 2023 δίισλυτον
1024 1945 1058 2022 δέ
1081 1951 1159 2021 εἶναι
1182 1956 1276 2047 φησίν
1300 1948 1354 2023 διά
1377 1957 1437 2031 τήν
1460 1967 1524 2023 τῶν
1555 1958 1716 2048 ἀρχόντων

167 2067 293 2159 ἀρετήν·
316 2066 356 2131 τό
379 2064 440 2160 γάρ
463 2065 603 2156 χαλεπόν
628 2058 706 2130 εἰναι
729 2063 896 2139 κινηθῆναι
919 2064 979 2138 τήν
1004 2065 1102 2141 αὐτῆς
1119 2063 1279 2148 σύστασιν,
1302 2065 1354 2132 ἐπί
1376 2067 1432 2132 τόν
1455 2068 1619 2133 πολιτικόν
1643 2071 1718 2132 ἀνα-

167 2176 269 2268 φέρειν
291 2174 352 2248 τήν
376 2175 493 2260 αἰτίαν,
516 2177 555 2250 ὡς
579 2183 636 2238 τοῦ
658 2174 776 2250 παντὸς
800 2174 851 2240 ἐπί
873 2173 930 2238 τόν
953 2164 1156 2264 δημιουργόν.
1180 2173 1277 2246 Καίή
1303 2173 1450 2252 σόστασις
1474 2177 1573 2242 οἰκεία
1592 2186 1633 2261 τῇ
1660 2167 1718 2250 δη·

168 2285 322 2376 μιουργίφι·
346 2281 539 2348 συνιστάνειν
563 2279 623 2372 γάρ
647 2283 794 2355 κάκείνην
818 2275 900 2348 είπεν
923 2281 962 2346 τό
985 2290 1058 2358 πᾶν,
1077 2280 1131 2345 καί
1154 2282 1310 2348 συστατόν
1334 2284 1390 2348 τόν
1413 2284 1532 2373 κόσμον
1556 2283 1715 2352 ἐκάλεσεν·

167 2393 222 2458 καί
243 2391 304 2484 γάρ
327 2397 368 2468 ὡς
392 2395 409 2456 ό
425 2391 541 2478 κόσμος
557 2395 593 2455 ἐκ
607 2393 734 2456 πολλῶν
751 2395 835 2456 ἐστιν
853 2381 986 2480 δεσμῶν,
1003 2387 1066 2455 οίον
1083 2399 1146 2454 τῶν
1170 2391 1343 2480 στοιχείων,
1364 2401 1423 2467 τῆς
1446 2393 1628 2482 ἀναλογίας,
1652 2401 1715 2457 τῶν

110 2513 139 2552 1⁸
167 2494 306 2589 ψυχικῶν
320 2499 515 2588 μεσοτήτων,
528 2507 587 2573 τῆς
599 2493 766 2587 ἐμψυχίας,
778 2498 832 2562 καί
846 2499 905 2588 πρό
921 2496 1043 2564 τούτων
1055 2508 1113 2574 τῆς
1128 2489 1354 2590 δημιουργικῆς
1368 2501 1555 2584 βουλήσεως,
1568 2501 1650 2567 οὕτω
1662 2499 1717 2565 καί

167 2596 259 2679 ήδεή
277 2607 424 2670 πολιτεία
438 2608 606 2683 παντοίους
622 2609 714 2696 ἔσχεν
731 2607 875 2696 κόσμους·
893 2605 981 2672 κοινά
998 2605 1040 2672 τά
1057 2595 1308 2695 ἐπιτηδεύματα,
1324 2608 1421 2674 κοινοί
1437 2613 1466 2674 οἰ
1477 2599 1597 2691 παῖδες,
1616 2608 1717 2674 κοιναί

167 2715 200 2776 αἰ
222 2713 357 2788 κτήσεις.
383 2712 539 2790 Δόσλυτος
555 2708 608 2779 οὖν
624 2713 678 2778 καί
694 2714 775 2788 αὕτη
793 2711 934 2801 καθάπερ
951 2717 1065 2788 ἐκεῖνος
1090 2713 1216 2788 ἀλυτος.
1234 2719 1269 2778 Εἰ
1285 2705 1319 2782 δὲ
1334 2715 1416 2790 λυτή
1434 2727 1498 2794 πῶς
1522 2719 1593 2799 (fol.
1610 2721 1654 2786 33
1670 2719 1716 2800 v.)

169 2823 276 2905 stom,
301 2811 364 2908 διά]
388 2820 448 2894 τήν
472 2821 593 2912 γένεσιν
622 2815 741 2908 [δήλοκ
765 2828 805 2898 ὡς
829 2825 845 2886 ό
869 2823 986 2909 κόσμος
1003 2813 1080 2911 μηδ’
1098 2823 1177 2898 όλως
1192 2821 1281 2886 λόσιν
1304 2814 1538 2914 ἐπιδεχόμενος,
1562 2824 1717 2915 ἀγένητός

165 2931 261 2994 ἐστιν·
284 2927 345 3001 τήν
370 2919 404 2994 δὲ
420 2931 537 3016 οὐσίαν]
556 2941 615 3006 τῆς
631 2929 748 3006 λύσεως
770 2929 881 3016 [αὐτὴν
898 2937 939 3006 εἰς
956 2930 1113 3020 ἁμαρτίαν
1139 2929 1194 3017 μὲν
1216 2929 1389 3007 αἰσθήσεως
1413 2931 1549 3022 ἀνάγων,
1572 2923 1718 3022 περιόδου

107 3049 138 3087 ²⁰
167 3025 201 3101 δὲ
224 3035 494 3125 συμπλάττουσιν,
518 3037 566 3124 ἵν’]
593 3040 668 3128 ἔχῃς
692 3039 746 3104 καί
769 3039 807 3104 τό
825 3039 961 3128 [μερικδν
979 3039 1088 3113 αἴτιον,
1107 3038 1161 3102 καί
1183 3037 1243 3111 τήν
1268 3039 1342 3125 ἀπό]
1368 3049 1431 3106 τῶν
1456 3041 1537 3106 όλων
1561 3040 1716 3132 ἀνάγκην,

169 3133 320 3230 [διδάσκει
343 3154 448 3232 σαφῶς
472 3149 513 3220 ὡς
536 3143 615 3229 ἅμα]
640 3143 683 3209 τά
707 3145 930 3234 συμπίπτοντα
956 3146 1031 3231 [τοῖς
1055 3144 1273 3235 ἑπιστήμοσιν,
1295 3144 1348 3211 ἰάν
1372 3143 1391 3232 ᾗ
1418 3137 1554 3237 δυσχερῆ
1580 3137 1632 3213 διά
1656 3146 1716 3220 τήν

167 3249 274 3324 κοινήν
298 3250 397 3342 φύσιν]
422 3250 527 3318 είωθεν
554 3251 664 3340 [μόνην
688 3255 761 3340 ἰχον
778 3244 890 3340 σχεδόν
908 3252 1121 3344 συμπίπτειν]
1140 3245 1203 3315 οἷον
1224 3261 1323 3318 νοσεῖν
1350 3253 1396 3338 [οὐ
1419 3251 1505 3342 παρά
1528 3250 1588 3325 τήν
1613 3255 1716 3318 αὐτῶν

167 3352 275 3447 ζωήν]
300 3357 385 3424 ἀλλά
406 3357 492 3448 παρά
515 3357 575 3432 τήν
601 3356 766 3446 [κοσμικὴν
791 3351 891 3442 τάξιν,
915 3358 981 3445 καί]
1006 3357 1086 3422 άλλό
1111 3382 1143 3422 τι
1163 3358 1297 3447 πάσχειν
1314 3369 1377 3424 τῶν
1405 3360 1460 3448 [μή
1486 3360 1716 3449 ἐπιστημόνων,

167 3467 221 3532 καί
245 3458 285 3533 δι’
309 3465 437 3542 ἑαυτοὺς
453 3465 559 3532 πολλά
574 3466 774 3557 πασχόντων·
796 3465 866 3551 [τήν
884 3460 935 3531 οὖν
951 3457 1104 3555 περίοδον]
1127 3465 1254 3556 ἐπάγειν
1272 3471 1313 3542 ὡς
1328 3467 1402 3558 γένη
1423 3477 1469 3552 τῷ
1485 3467 1652 3559 πράγματι
1673 3477 1715 3554 τῇ

109 3601 140 3642 ει
166 3575 313 3659 πολιτείᾳ
335 3573 437 3659 ταύτῃ
459 3573 558 3659 λίισιν,
575 3571 804 3661 ἀποχρωμίνην
828 3581 869 3657 τῇ
887 3571 1056 3663 παροράσει
1071 3581 1134 3636 τῶν
1152 3569 1300 3660 φυλάκων
1317 3583 1358 3658 τῇ
1377 3561 1430 3639 διά
1451 3583 1510 3650 τής
1535 3571 1716 3660 αἰσθήσεως,

167 3683 205 3758 ήν
223 3682 345 3774 ἀνάγκη
366 3684 498 3748 σπανίαν
515 3676 603 3763 εἰναι,
620 3679 759 3770 καθάπερ
777 3681 830 3744 καὶ
845 3681 972 3745 πάντων
989 3680 1208 3770 ἐπιστημόνων
1225 3678 1285 3754 τήν
1303 3681 1480 3768 ἀποτυχίαν
1496 3689 1559 3746 τῶν
1573 3679 1717 3754 αἰσθήσει

170 3790 429 3882 προσχρωμένων,
454 3786 516 3856 οίον
535 3795 660 3881 ἰατρῶν,
676 3782 884 3877 κυόερνητῶν·
908 3787 1165 3879 ἀποτυγχάνουσι
1187 3787 1247 3878 γάρ
1272 3791 1406 3864 σπανίως
1416 3787 1453 3870 ⁸),
1476 3787 1662 3880 κατορθοῦσι
1685 3779 1720 3854 δέ

166 3896 331 3973 πολλάκις·
357 3888 406 3963 διδ
429 3897 483 3962 καί
505 3901 525 3970 ή
551 3907 610 3972 τῆς
632 3897 792 3972 πολιτείας
815 3895 903 3973 λόσις
925 3906 984 3971 τῆς
1008 3894 1160 3970 τοιαύτης
1184 3887 1237 3961 διά
1261 3903 1378 3985 μικρῶν
1401 3896 1526 3989 γίνεται
1555 3885 1716 3986 περιόδων.

913 4216 972 4282 lB'.

214 4438 324 4498 Ταῦτα
347 4431 389 4498 τά
413 4425 582 4522 ἀξιώματα
606 4430 648 4496 τά
671 4433 702 4498 ἐν
727 4440 768 4516 τῇ
793 4429 864 4518 περί
887 4433 1038 4519 Οὐρανοῦ,
1060 4427 1248 4494 πλατωνικά
1272 4430 1487 4519 ἀναφαίνεται·
1509 4427 1547 4494 τό
1571 4427 1638 4518 μὲν,
1654 4435 1717 4492 πᾶν

112 4563 141 4601 ει
168 4541 314 4630 γενητόν,
331 4539 478 4630 φθαρτόν,
495 4538 641 4606 ἐνταῦθα·
656 4539 693 4604 τό
706 4529 750 4616 δέ,
763 4546 825 4603 πᾶν
843 4537 1008 4627 ἀγένητον,
1022 4536 1190 4628 ἄφθαρτον,
1204 4542 1234 4602 ἐν
1247 4527 1384 4627 Φαίδρῳ,
1397 4537 1474 4602 ὅπου
1487 4555 1591 4626 φησιν·
1608 4523 1716 4607 ἐπειδή

169 4637 203 4712 δέ
227 4647 380 4738 ἀγένητόν
405 4653 482 4726 ἐστι,
507 4648 561 4712 καί
585 4639 771 4738 ἀδιάφθορον
796 4645 873 4711 αὑτό
897 4645 1020 4736 ἀνάγκη
1047 4638 1135 4710 εἶναι·
1152 4650 1167 4710 ὁ
1184 4643 1244 4736 γάρ
1261 4644 1374 4735 τρόπος
1394 4645 1588 4735 πρόσκειται.
1615 4643 1717 4715 Δήλον

169 4755 218 4822 ότι
242 4759 413 4847 ἀναγκαῖον
438 4757 476 4822 τό
501 4749 634 4846 ἀξίωμα.
659 4754 786 4822 Τούτων
812 4745 845 4820 δέ
862 4755 960 4830 οὕτως
976 4753 1125 4844 ἐχόντων,
1143 4745 1240 4827 δῆλον
1257 4755 1308 4818 ὅτι
1327 4753 1461 4844 γενητός
1485 4749 1556 4816 κατ’
1582 4748 1718 4814 αὐτόνό

203 4951 226 5026 ¹)
244 4949 304 5008 vix
321 4955 442 5008 versato
461 4949 572 5025 duplici
590 4949 670 5023 folio,
680 4949 745 5023 jam
760 4949 855 5008 series
866 4949 916 5006 ab·
967 4947 1039 5020 gine
1057 4943 1178 5015 caligat.
1196 4942 1240 4999 Αυ
1257 4940 1360 4998 mirari
1379 4941 1465 4998 subit
1482 4958 1542 5014 qua
1566 4941 1718 4998 Holstenii

167 5039 328 5115 rumpitur,
348 5041 420 5114 quin
438 5047 540 5098 tamen
561 5041 738 5098 Ηοίεἰειιίιιε
756 5058 775 5097 ε
794 5039 915 5097 silentio
968 5041 1033 5093 arte
1051 5039 1134 5090 totus
1153 5029 1309 5104 quaternio
1327 5029 1453 5086 rescribi
1470 5029 1604 5104 potuerit

166 5135 313 5203 perpetuo
323 5127 467 5200 discedat,
476 5127 570 5184 tacito
579 5127 651 5184 lieet
660 5127 737 5201 podo
748 5133 915 5200 retrogros·
1004 5125 1027 5195 ι)
1041 5121 1078 5177 Η.
1092 5119 1113 5177 ί.
1127 5121 1152 5174 ἰ.
1166 5118 1386 5190 Folia151,152
1399 5135 1437 5175 ex
1447 5117 1719 5175 unicamembrana

168 5237 221 5278 sus
239 5218 278 5276 ad
295 5218 347 5276 fot
365 5219 409 5291 Βά
429 5235 487 5291 quo
505 5216 558 5274 vix
576 5216 659 5274 aliud
681 5217 713 5276 in
731 5223 796 5275 toto
814 5217 915 5276 υοᾱίοο
968 5209 1081 5286 plicata
1098 5208 1273 5266 inseruntur
1291 5213 1378 5264 σείει,
1396 5205 1616 5279 quaterniones.

168 5304 354 5366 mleforisto
372 5303 482 5364 tetrius
502 5304 607 5362 horret
624 5308 678 5362 aut
696 5303 826 5363 densiori
846 5303 917 5362 fuli-
1004 5302 1026 5368 ³)
1045 5298 1084 5354 Η.
1101 5296 1122 5354 f.
1140 5296 1167 5354 8.
1185 5295 1224 5353 H.
1244 5293 1307 5354 eod.
1328 5299 1521 5365 ἀποτυχείνευεο
