3944 6074
837 515 928 589 Pars
955 515 1032 589 ΙΙΙ.
1657 527 1710 583 231

158 690 289 755 diuinus
300 698 397 775 poeta
413 687 497 755 duas
512 689 606 759 Joois
621 689 761 755 omnium
773 689 923 775 parentis
939 690 1104 755 conciones
1119 689 1301 776 descripsit,
1316 691 1367 756 ita
1388 690 1540 757 Platonis
1561 689 1712 756 Timaeus

159 799 401 865 concionantem
420 797 546 863 inducit
562 799 709 864 uniuersi
725 798 870 883 Patrem,
890 797 983 863 cerba
993 796 1172 885 facientem
1189 799 1235 864 ad
1249 823 1358 866 omnes
1378 799 1505 886 abipso
1523 823 1712 889 propressos

166 905 247 973 deos.
278 907 360 972 Tum
383 907 538 989 Socrates,
551 907 587 971 in
602 906 750 971 Phaedro
767 904 878 972 dioino
888 904 1011 992 feroce
1026 930 1063 971 ac
1077 908 1199 992 poetico
1219 908 1346 994 plenus,
1370 910 1552 976 mundanos
1574 910 1647 976 deos
1669 910 1713 974 ad

161 1014 329 1080 sublimem
352 1013 606 1101 intellipibilium
622 1013 794 1100 speculam,
810 1013 887 1078 duce
901 1013 1042 1078 menime
1066 1015 1156 1100 Jooe,
1174 1017 1377 1082 coruscendere
1395 1027 1506 1083 auctor
1528 1028 1582 1103 est,
1607 1041 1712 1106 quem·

159 1123 331 1188 admodum
344 1124 380 1188 in
391 1123 499 1188 Iliade
511 1122 644 1208 Jupiter
656 1123 701 1187 od
720 1121 839 1188 Oceani
846 1123 932 1208 flues
948 1121 1154 1210 Aethiopicos
1171 1127 1307 1190 numina
1319 1137 1473 1192 corsoocat.
1488 1127 1713 1213 Maximopcre

159 1233 335 1298 Homerum
362 1233 460 1299 Plato
491 1232 639 1300 imitatur
669 1233 705 1298 in
736 1239 798 1298 toto
829 1233 1016 1297 animarum
1050 1233 1169 1298 tbeatro
1200 1241 1229 1298 et
1260 1235 1344 1301 inter
1375 1236 1500 1324 tropica
1530 1236 1712 1323 inferorum

159 1339 351 1429 spectacula.

749 1489 1122 1505 m———q

203 1665 248 1732 M.
272 1664 329 1731 fol.
354 1668 408 1733 94.
433 1667 492 1733 Ed.
515 1689 548 1752 p.
565 1670 641 1734 395.
659 1705 702 1718 -
718 1670 740 1735 l.
767 1673 808 1735 10
832 1671 910 1732 ἀπο·
1009 1669 1054 1735 Μ.
1078 1668 1134 1736 tol.
1160 1671 1202 1736 96
1226 1693 1256 1735 v.
1275 1707 1315 1718 -
1331 1670 1353 1738 l.
1379 1673 1421 1737 40
1442 1661 1513 1736 οὐδὲ
1536 1670 1616 1761 περὶ)
1642 1661 1712 1736 οὐδὲ

159 1763 300 1856 lucsco)
333 1768 515 1839 ἀποίίλέπει.
543 1775 629 1842 -1.
660 1777 699 1842 19
732 1767 910 1865 ἁναῧρεχο·
965 1778 1084 1866 ὁπερί.

160 1878 255 1968 μένῳ)
280 1872 606 1969 ἀναῧραχωμένῳεὶο.
624 1881 704 1948 —l.
723 1886 765 1948 20
791 1883 909 1954 αἰπῆναι
1007 1887 1053 1954 Μ,
1077 1888 1134 1954 fol.
1160 1891 1213 1954 97.
1240 1925 1279 1937 -
1303 1888 1326 1954 l.
1355 1891 1397 1954 48
1430 1885 1598 1977 βάραθρον)
1629 1886 1713 1976 βέρε-

159 1979 309 2076 δοκοῢμεν
340 1988 550 2080 πραγμάτων)
579 1991 703 2053 ἀπεῖναι
733 1979 907 2054 δοκούντων
964 1995 1044 2086 θρον,
1070 2033 1111 2045 -
1135 1999 1157 2063 l,
1182 1998 1241 2063 ult.
1266 1998 1401 2080 νεκυίας)
1427 1997 1559 2067 νεκίιιαν,
1586 2035 1628 2046 -
1652 1999 1711 2065 Ed.

134 2079 366 2190 πραγμάτων.
963 2127 996 2188 p.
1021 2102 1141 2186 397,1Ι
1173 2103 1194 2168 2
1228 2103 1518 2192 ἀναμνησθοίημεν)
1549 2107 1713 2195 ἀναμνησ-

204 2205 248 2271 Μ.
265 2205 321 2272 fol.
342 2207 385 2272 94
402 2228 431 2270 ν.
451 2243 489 2255 -
508 2206 530 2271 l.
548 2208 590 2272 25
607 2205 728 2292 Τιμαίῳ
749 2206 910 2292 αναμνησ·
964 2210 1103 2300 θείημεν.

161 2309 909 2403 θῶμεν)Ἰἰμαίῳγεγραμμένωνἁναμν.-1.34
1007 2321 1052 2386 M.
1083 2321 1138 2387 fol.
1164 2325 1207 2388 97
1231 2345 1261 2387 v.
1292 2360 1328 2370 -
1351 2322 1374 2388 l.
1399 2324 1419 2387 4
1445 2319 1608 2410 πρόκειται
1638 2319 1711 2413 γὰρ)

162 2421 309 2510 μέγιστον
335 2420 417 2505 θεὸν)
443 2424 591 2515 μέγιστον
615 2433 727 2489 τοῦτον
752 2422 830 2491 θεόν.
962 2451 1053 2514 προκ.
1079 2425 1133 2516 μὲν
1157 2427 1226 2518 γάρ.
1255 2465 1293 2476 -
1318 2429 1341 2495 l.
1368 2433 1408 2495 10
1439 2437 1502 2492 τῶν
1535 2432 1626 2512 νεῶν)
1648 2439 1711 2494 τῶν

204 2530 249 2595 Μ.
273 2530 328 2596 fol.
358 2535 411 2598 95.
436 2569 478 2578 -
503 2533 522 2598 Ι.
556 2534 598 2598 47
629 2529 714 2621 παρὰ
746 2530 908 2618 Πλάτωνι)
964 2533 1053 2603 θεῶν.

160 2633 244 2724 παρὰ
268 2645 313 2718 τῷ
339 2635 495 2705 ssntcnu.
1007 2647 1052 2713 Μ.
1069 2646 1125 2712 fol.
1144 2649 1198 2713 98.
1217 2685 1256 2695 -
1274 2648 1296 2712 l.
1315 2649 1353 2713 21
1382 2649 1412 2710 ἐν
1437 2645 1530 2728 ἄστυ)
1554 2647 1585 2710 ἐν
1609 2643 1710 2710 ἄστει.

205 2746 249 2812 Μ.
274 2746 330 2812 fol.
354 2749 396 2813 95
422 2771 450 2812 v.
467 2747 524 2814 Ed.
542 2771 574 2832 p.
592 2751 668 2815 396.
687 2785 729 2798 -
744 2749 767 2816 l.
794 2751 834 2817 14
857 2749 909 2813 inl
964 2791 1006 2803 -
1030 2754 1053 2822 l.
1078 2757 1119 2820 22
1146 2752 1560 2838 Πενελόπον)’11ενελώπην.
1580 2791 1625 2801 -
1647 2776 1713 2840 τρι-

160 2859 278 2934 ταῢτα)
303 2852 353 2917 ἐπὶ
377 2843 482 2921 δαῖτα.
962 2861 1150 2945 πλασιοίσαι)
1164 2862 1403 2953 τριπλασιάσας.
1415 2900 1460 2911 --
1470 2863 1494 2929 l.
1509 2866 1551 2930 27
1564 2860 1711 2953 ἐνέργεια)

208 2963 252 3028 Μ.
277 2963 332 3030 fol.
357 2967 410 3030 96.
429 3002 465 3011 -
483 2965 505 3030 l.
523 2969 565 3031 ‘20
590 2967 732 3054 φοιτῶσι)
756 2963 909 3054 φοιτώσῃ.
964 2970 1117 3060 ἐνάργεια.

164 3108 204 3118 -
228 3073 250 3138 l·
276 3076 317 3138 23
342 3062 533 3156 bist-noscas)
560 3065 739 3147 διήκουσαν.
756 3115 801 3126 --
820 3079 840 3144 l.
867 3081 908 3144 25
1009 3080 1053 3145 M.
1067 3079 1123 3145 fol.
1138 3081 1180 3144 98
1193 3101 1222 3142 ν.
1236 3079 1312 3144 -1,
1328 3081 1369 3144 32
1382 3077 1712 3163 ἑκεενο;)ὲκείνοις.-

162 3178 216 3268 μὲν
240 3183 388 3265 εὐποιίας)
413 3181 467 3271 μὲν
493 3192 550 3259 τῆς
574 3185 719 3259 εὐποίῖας.
963 3185 986 3252 l.
1004 3189 1046 3252 43
1062 3184 1210 3275 τέρπεται
1226 3183 1291 3267 καί)
1317 3183 1465 3272 τέρπεται
1489 3187 1519 3248 ἑν
1537 3182 1629 3269 θαλίῃ
1649 3183 1712 3248 καί.

909 3505 969 3573 IV.

206 3724 250 3793 A‘.
274 3731 342 3801 Πῶς
368 3725 404 3788 ἄν
428 3749 475 3800 τις
494 3727 733 3816 ἀπολογήσαιτο
750 3725 824 3817 πρὸς
841 3724 883 3790 τὰ
900 3728 930 3790 ὲν
948 3713 1075 3812 Φαίλρῳ
1093 3719 1227 3812 ῥηθέντα
1244 3721 1315 3810 περὶ
1332 3721 1481 3812 Ὁμήρου,
1506 3725 1537 3787 ἐν
1562 3719 1605 3798 οῖς
1629 3709 1715 3787 δοκεῖ

164 3836 359 3922 Στησίχορον
383 3839 423 3908 ὡς
449 3835 677 3926 μουσικώτερον
701 3837 885 3926 προκρίνειν.

210 3939 278 4016 Quo
302 3941 373 4027 quis
390 3947 489 4027 pacto
513 3965 551 4008 ea
567 3943 760 4032 eapticuerit
782 3945 819 4010 in
842 3942 989 4009 Pboedro
1006 3940 1101 4026 dicta,
1117 3938 1231 4028 quibus
1247 3938 1373 4005 videtur
1394 3935 1593 4006 Stesichorus
1616 3937 1655 4003 de
1678 3958 1712 4004 re

165 4047 285 4112 musica
309 4047 448 4114 Homero
472 4049 639 4137 anteferri.

209 4265 377 4352 Pererqon
399 4267 566 4334 intercedit
581 4268 803 4335 subobscuram
826 4269 865 4335 de
879 4269 981 4336 tribus
994 4269 1100 4354 poetis
1115 4267 1265 4350 Homero,
1285 4263 1471 4349 Stesicboro,
1496 4264 1630 4350 Orpheo,
1648 4286 1714 4329 res·

160 4383 257 4458 pectu
280 4374 325 4439 ad
347 4375 514 4460 Helenam,
538 4377 635 4442 idest
651 4378 930 4465 pulcbritudinem
952 4399 1069 4460 rerum,
1094 4377 1160 4441 sios
1183 4397 1263 4462 quae
1286 4397 1410 4440 sensum
1428 4372 1534 4460 sapit,
1554 4375 1620 4438 sioc
1635 4394 1715 4460 quac

165 4481 267 4546 oculis
273 4485 468 4569 percipitur.
483 4485 606 4562 Quibus
617 4487 822 4552 interseritur
833 4487 1001 4552 decantato
1010 4485 1166 4572 periodus
1178 4483 1265 4550 mille
1277 4505 1436 4549 annorum
1448 4492 1502 4547 aut
1515 4481 1715 4547 saeculorum

165 4589 201 4654 in
223 4593 479 4680 metempsychosi
502 4595 695 4660 animarum.
719 4639 758 4647 -
781 4595 938 4660 Nolendo
953 4617 1026 4660 uero
1041 4594 1199 4659 Atlenaei
1215 4593 1302 4658 Xeni
1318 4591 1410 4678 opud
1433 4592 1603 4656 Platonem
1620 4590 1715 4655 verba

165 4698 386 4785 adamantino,
410 4702 517 4788 inquit
540 4703 688 4786 Procius,
706 4705 826 4770 scilicet
844 4711 856 4739 “
873 4703 948 4770 deos
962 4705 1071 4770 omnia
1088 4702 1179 4768 bonis
1194 4699 1327 4786 implere
1343 4710 1410 4765 tum
1427 4698 1513 4783 velle,
1537 4707 1602 4763 tum
1620 4719 1717 4783 posse

167 4809 211 4892 (si
232 4808 359 4895 quidem
376 4811 485 4875 omnia
498 4811 689 4898 pubernent,
706 4813 807 4878 nibilo
824 4813 954 4877 iuterim
970 4812 1142 4876 imminute
1157 4810 1301 4895 ipsorum
1315 4807 1472 4893 potentio)
1489 4815 1517 4870 et
1538 4804 1716 4892 intellipere

166 4917 244 5002 quid
256 4916 413 4982 diui-nitus
425 4920 597 5007 conueniat.
614 4918 766 4986 Conuenit
778 4929 882 4984 autem
895 4918 1110 4984 conditoribus
1120 4917 1273 5000 uniuersi,
1285 4917 1352 4980 suis
1363 4914 1512 5000 operibus
1518 4915 1713 5000 prospicere,

166 5034 194 5089 et
205 5023 415 5110 praesidibus
432 5027 576 5092 omnium
591 5049 641 5092 res
656 5028 848 5114 pubernatas
871 5049 994 5093 ornare.
1013 5027 1090 5090 Non
1114 5035 1158 5089 est
1173 5026 1275 5110 ipitur
1291 5024 1374 5110 quod
1390 5025 1462 5110 quis
1474 5021 1714 5109 procidentiam

165 5131 297 5197 deorum
320 5143 416 5220 nepot,
440 5133 490 5200 uel
507 5145 642 5221 propter
664 5137 879 5224 indipentiam
903 5136 1069 5218 bonorum,
1095 5133 1142 5198 uel
1165 5133 1321 5220 desectum
1337 5131 1511 5218 potentiae,
1537 5129 1593 5194 sed
1614 5151 1713 5215 neque

161 5246 300 5326 propter
322 5241 544 5326 ipnorantiam
568 5247 823 5312 convenientium
846 5246 928 5331 ipsis
952 5264 1094 5330 operum.
1112 5242 1179 5307 Nec
1203 5243 1288 5307 enim
1311 5264 1343 5306 sc
1367 5241 1462 5326 ipsos,
1484 5260 1536 5304 uec
1553 5237 1715 5325 inferiora

165 5351 316 5436 iquorant
336 5400 360 5427 ,.
