3940 6072
807 537 1003 613 Hermetico
1033 575 1035 580 ·

883 927 925 994 ΙΙ.

448 1141 532 1232 Εὐχή
557 1142 711 1233 λεγομένη
739 1140 789 1208 sal
813 1133 989 1232 συγκομιδῇ
1014 1140 1151 1218 ἑκάστης
1177 1139 1314 1225 βοτάνης
1330 1140 1365 1226 ι).

174 1357 406 1450 Παντοκράτωρ
425 1357 525 1448 Κύριε,
543 1349 713 1448 δημιουργὲ
729 1354 832 1431 πάσης
848 1357 978 1430 κτίσεως
1003 1355 1137 1445 ἀοράτου
1164 1357 1217 1419 καί
1239 1361 1395 1446 ὁρατῆςὸ
1420 1356 1461 1421 τά
1486 1367 1543 1432 τῆς
1567 1361 1683 1449 ὁρατῆς

124 1461 227 1542 τῆσδε
245 1480 301 1545 τῆς
318 1471 449 1544 κτίσεως
465 1470 555 1558 μέρη,
580 1465 623 1532 τά
644 1466 699 1555 μέν
717 1475 841 1555 συμφυῆ
866 1465 919 1528 καί
936 1464 1085 1553 σύμφωνα
1100 1466 1232 1541 ποιήσας
1250 1467 1413 1550 ἀλλήλοις,
1430 1472 1468 1542 ὡς
1487 1458 1682 1556 ἰσοδυναμεῖν

126 1581 159 1642 ἐν
186 1588 251 1654 τοῖς
275 1576 325 1642 ὑπ’
344 1580 446 1641 αὐτῶν
471 1575 658 1667 γενομένοις,
684 1573 725 1640 τά
743 1565 769 1638 δ’
788 1567 872 1647 αὖθις
891 1570 1060 1660 ἀσυμπαθή
1079 1573 1132 1637 καί
1149 1572 1329 1664 ἀσύμφωνα·
1346 1573 1429 1647 πλὴν
1450 1575 1503 1639 καί
1527 1577 1623 1651 οὕτως
1648 1579 1683 1641 ἐκ

126 1698 188 1763 τῆς
214 1677 254 1750 δι’
279 1687 428 1764 ἀλλήλων
451 1683 588 1778 κράσεώς
612 1708 649 1749 τε
673 1682 727 1747 καί
750 1680 884 1757 ἑνώοεως
904 1675 985 1770 μίξιν
1003 1684 1153 1772 εὔκρατον
1171 1681 1385 1768 συνίστασθαι,
1401 1684 1455 1747 καί
1479 1677 1556 1749 εἶναι
1579 1694 1683 1749 ταῦτα

127 1796 268 1885 κήρυκας
294 1786 496 1883 διαπρησίους
520 1803 578 1868 τῆς
603 1803 659 1867 σής
684 1789 943 1882 μεγαλειότητος,
962 1789 1054 1866 αὐτὸς
1079 1791 1132 1854 καί
1156 1801 1217 1869 νῦν,
1241 1795 1272 1856 έν
1294 1802 1335 1876 τῇ
1362 1788 1515 1881 ἀναλήψει
1538 1803 1596 1868 τῆς
1619 1817 1683 1858 πα-

131 1902 242 1990 ροίισης
268 1900 403 1984 βοτάνης
428 1911 485 1974 τῆς
511 1891 613 1977 δεῖνα,
638 1899 677 1971 ήν
702 1897 874 1988 συμπαθεῖν
899 1900 1011 1988 ὥρισας
1049 1907 1087 1980 τῷ
1119 1904 1154 1964 ἐκ
1184 1908 1247 1962 τῶν
1271 1901 1482 1988 πλανωμένων
1508 1901 1614 1990 ἀστέρι
1637 1909 1683 1984 τῷ

129 2000 215 2084 δεῖνι,
242 2000 432 2086 εὐδόκιστον,
458 2007 585 2098 ἰσχυράν
603 2006 725 2079 ταύτην
743 2007 795 2071 καί
812 1997 981 2094 ἑνδίιναμον
998 2008 1052 2071 καί
1069 1993 1331 2097 δραστικωτάτην
1349 2004 1435 2086 εἶναι,
1457 2008 1511 2072 καί
1534 2007 1593 2079 τήν
1618 2017 1681 2073 τῶν

130 2115 346 2205 βοηθημάτων
371 2117 477 2206 χρείαν
495 2125 557 2181 τῶν
574 2116 743 2207 γινομένων
762 2115 814 2179 καί
830 2121 871 2189 εἰς
890 2116 1071 2206 ἀποτροπήν
1089 2127 1151 2181 τῶν
1168 2110 1403 2204 συμβαινόντων
1420 2117 1620 2206 νοσημάτων,
1636 2127 1681 2200 τῷ

128 2236 173 2310 σῷ
198 2227 364 2311 πλάσματι
389 2235 607 2313 συνεργοῦντος
632 2215 782 2295 δηλονότι
805 2223 859 2288 καί
882 2233 938 2288 τοῦ
956 2227 1049 2288 αὐτοῦ
1067 2225 1203 2313 άστερος,
1222 2235 1262 2309 τῇ
1281 2235 1319 2309 σῇ
1338 2223 1488 2300 κελεύσει,
1513 2227 1562 2288 ὅτι
1586 2225 1682 2296 ηὐλό-

127 2357 228 2423 γηται
252 2333 304 2396 καί
329 2322 517 2409 δεδοξασταί
541 2356 594 2396 σου
618 2333 656 2396 τὸ
679 2333 782 2420 ὄνομα
806 2338 847 2408 εἰς
871 2332 941 2407 τοὺς
967 2337 1079 2409 αἰῶνας
1103 2342 1166 2396 τῶν
1190 2332 1320 2409 αἰώνων,
1346 2334 1429 2420 ἀμήν
1443 2331 1481 2415 ⁸).

173 2439 278 2509 Αὐτὴν
302 2439 377 2529 λέγε
392 2423 455 2502 καί
478 2439 528 2504 έπί
552 2449 609 2515 τῆς
634 2437 718 2504 κατά
741 2439 800 2512 τήν
833 2438 998 2531 θεραπείαν
1023 2450 1078 2504 τοῦ
1102 2439 1280 2530 νοσήματος
1304 2442 1427 2531 χρείας,
1453 2439 1536 2505 ἀλλά
1561 2430 1599 2514 δή
1625 2440 1679 2507 καί

127 2548 179 2616 ἐπί
203 2559 261 2622 τῆς
285 2549 461 2624 σκευασίας.

201 2981 312 3070 Ἑρμοῦ
336 2991 391 3046 τοῦ
416 2987 441 3046 Τ
446 2983 645 3073 ρισμεγίστου
655 2981 679 3064 ³)
704 2981 778 3071 πρὸς
803 2979 997 3052 Ἀσκλήπιον
1021 2981 1091 3070 περί
1114 2983 1256 3066 βοτανῶν
1282 2990 1344 3044 τῶν
1369 2975 1396 3060 ζ’
1421 2980 1557 3071 ἀστέρων
1572 2980 1609 3065 ⁴).

172 3197 198 3261 I.
224 3193 362 3278 (Ἥλιος).
388 3194 500 3284 Πρώτη
529 3194 647 3279 βοτάνη
674 3197 784 3272 ήλίου,
811 3194 1101 3286 προσαγορευομένη
1132 3196 1253 3285 κίχορα.
1283 3195 1404 3260 Τούτου
1433 3200 1448 3258 ὁ
1476 3197 1571 3283 χυλὸς
1597 3193 1680 3284 μετά

131 3305 145 3392 ρ
167 3293 250 3365 δίνου
266 3304 415 3392 μίγνυται
426 3303 460 3388 5),
474 3303 528 3366 καί
541 3305 669 3392 γίνηται
682 3303 870 3392 σθγχρισμα.
884 3302 1012 3367 Elaites
1023 3295 1056 3366 δὲ
1069 3293 1247 3391 καρδιακοῖς
1259 3303 1313 3366 καί
1326 3303 1523 3368 ἀπαλλάσσει
1536 3303 1632 3378 αὑτάς
1644 3305 1678 3386 ⁶).

126 3407 192 3473 λθει
216 3399 249 3473 δὲ
272 3411 415 3498 τριταίας
439 3409 492 3473 καί
516 3413 707 3500 τεταρταίας
731 3401 901 3500 περιόδους,
926 3411 980 3475 καί
1003 3411 1056 3474 σὺν
1080 3413 1174 3491 'claim
1200 3403 1233 3474 δὲ
1255 3415 1331 3500 ὁμοῦ
1355 3413 1412 3494 ἴσῳ
1441 3409 1628 3501 μιγνύμενον
1642 3407 1680 3493 ⁷),

130 3520 342 3608 κεφαλαλγίας
367 3517 466 3584 παίιει.
491 3523 526 3582 Ei
551 3509 585 3583 δέ
600 3543 647 3594 τις
664 3521 739 3609 πρθς
756 3519 915 3591 ἀνατολήν
935 3519 1068 3604 βλέπων,
1084 3520 1184 3608 χρίσει
1198 3515 1223 3604 ⁸)
1240 3522 1335 3583 αὑτοῦ
1352 3519 1389 3582 ro
1412 3517 1587 3607 πρόσωπον,
1612 3523 1678 3582 ἑπι-

165 3753 186 3826 1)
205 3753 252 3808 Ex
264 3751 328 3808 cod.
341 3750 516 3824 Mosquensi
528 3753 582 3807 415
594 3751 614 3808 f.
628 3752 672 3807 68.
685 3752 814 3810 Etiamsi
828 3754 877 3811 vel

130 3843 210 3915 apud
235 3841 366 3898 Plinium
391 3842 541 3899 Seniorem
569 3859 674 3916 preces
700 3842 878 3900 incantatio-

130 3949 201 3987 num
211 3930 464 4001 commendentur,
475 3930 557 3989 haud
567 3931 669 3988 omisit
682 3931 815 3988 Galenus
829 3933 878 3989 ed·

130 4037 236 4076 versus
249 4019 367 4092 magica
382 4024 504 4092 φάρμακα
524 4019 658 4093 graviter
677 4020 814 4077 invehiri.
831 4021 878 4076 Li·

130 4109 215 4166 brum
225 4107 312 4180 enim,
323 4115 425 4164 nostro
436 4107 563 4165 similem
575 4112 619 4167 De
632 4111 724 4165 XXX
731 4111 772 4166 VI
779 4112 878 4166 herbis

130 4203 359 4272 horoscoporum
368 4199 551 4257 insectatus:
563 4205 593 4254 sl
605 4203 713 4268 ιῠόιικιν,
726 4199 827 4273 inquit,
840 4205 877 4254 la

129 4291 200 4360 λάρος
221 4294 267 4344 εἰσί
281 4298 324 4344 καί
337 4295 477 4359 πλάσματα
497 4295 539 4344 τοῦ
560 4293 691 4358 συνθέντος,
710 4289 776 4346 libr.
795 4307 828 4348 VI
840 4295 877 4348 de

131 4384 320 4454 simplicibus.

163 4473 186 4546 2)
209 4471 276 4530 Nisi
301 4471 438 4530 clausula
467 4471 507 4531 sit
532 4471 682 4542 addititia,
709 4472 876 4530 neotericos

132 4563 215 4635 sepit.

164 4653 187 4726 Β)
206 4654 349 4710 Floruore
369 4653 448 4725 apud
467 4651 638 4709 Platonicos
664 4655 788 4724 ἰρμαικο,
809 4658 840 4709 et
859 4672 877 4709 c

131 4743 273 4815 magistro
286 4743 449 4800 lamblicho
462 4744 500 4800 ad
513 4743 654 4799 Proclnm
665 4741 876 4800 Pseudo-Tris·

131 4835 275 4907 megistus
288 4835 369 4891 haud
382 4834 446 4892 sine
459 4852 568 4907 pompa
580 4833 708 4890 transiit.
720 4831 875 4904 Ίάμέλιχις,

132 4923 226 4995 inquit
249 4923 384 4995 Procius,
404 4926 530 4995 ἱστόρησεν
550 4925 587 4976 ὅτι
606 4930 649 4976 καί
672 4923 767 4994 Ἐρμάς
787 4925 813 4976 ia
833 4927 876 4983 τής

133 5015 268 5075 εὐσιίτητος
292 5015 336 5072 τήν
362 5017 472 5071 ίιλίτητα
497 5017 654 5087 παράγεσθαι
680 5014 795 5078 βούλεται
820 5020 875 5065 κτλ.

132 5102 197 5159 edit.
217 5103 308 5159 Basil.
327 5120 355 5176 p.
375 5103 609 5161 tricatiorum
622 5103 718 5158 multa
730 5102 761 5157 id
780 5117 876 5174 genus

133 5190 230 5264 spuria
243 5198 312 5248 ante
325 5192 427 5248 ambos
441 5191 733 5262 circumferebantur,
747 5189 876 5247 maxime

133 5281 205 5336 inter
216 5281 391 5356 Aegyptios
405 5289 484 5338 testo
498 5282 651 5338 Clemente
664 5279 876 5352 Alexandrino,

133 5372 179 5445 qui
197 5373 319 5444 longam
342 5371 437 5446 nobis¹
452 5371 575 5428 tradidit
594 5372 727 5429 tabulam
750 5373 876 5429 duorum

932 3756 963 3807 et
979 3749 1180 3824 quadraginta
1191 3748 1337 3805 librorum
1349 3747 1589 3816 hermeticorum,
1601 3745 1681 3803 inter

931 3859 1006 3914 quos
1019 3857 1031 3897 1
1044 3843 1115 3911 ὕμνοι
1127 3842 1195 3910 θεῶν,
1210 3856 1231 3894 x
1243 3845 1298 3910 περὶ
1312 3841 1360 3891 τῶν
1372 3838 1548 3909 πλανωμένων,
1559 3850 1679 3895 xxxvffl

932 3940 987 4002 περὶ
1000 3935 1085 3999 νόσων,
1096 3945 1137 3987 Χῑ.
1149 3937 1204 4002 περί
1218 3933 1365 4001 φαρμάκων,
1376 3945 1453 4000 quud
1466 3933 1603 4001 spectent
1612 3944 1682 3983 non·

930 4023 1014 4092 nihil,
1033 4022 1060 4080 si
1080 4021 1196 4094 superis
1209 4021 1315 4094 placer,
1329 4021 1368 4075 ed
1380 4037 1416 4076 ea
1428 4037 1503 4093 quae
1516 4036 1596 4074 nnuc
1609 4016 1680 4076 offe-

931 4112 1033 4169 rimus.
1055 4112 1114 4168 Vix
1133 4117 1233 4167 tamen
1258 4117 1362 4166 nostre
1387 4108 1493 4164 Proclo
1512 4105 1682 4178 antiquiora

932 4202 1103 4259 asserimus.

966 4295 989 4366 ⁴)
1009 4293 1056 4348 Ex
1069 4291 1133 4349 eod.
1148 4291 1211 4347 cod.
1223 4290 1244 4346 f.
1258 4290 1301 4346 63.
1319 4289 1363 4348 of.
1375 4289 1472 4346 rarat.
1486 4289 1538 4344 226
1551 4286 1571 4342 f.
1584 4284 1638 4341 203
1651 4303 1680 4341 r.

930 4382 1034 4438 Solent
1052 4380 1225 4454 hujusmodi
1238 4380 1321 4436 codd.
1335 4379 1452 4436 exarari
1465 4395 1533 4434 oum
1546 4391 1681 4448 compen-

931 4471 988 4528 diis
996 4472 1071 4529 edeo
1084 4470 1239 4539 mulcatis,
1249 4476 1284 4526 nt
1293 4470 1356 4526 fere
1367 4487 1476 4525 arcana
1487 4468 1548 4525 sint
1558 4465 1681 4538 scriptu-

931 4579 974 4633 ra,
987 4560 1031 4617 rei
1044 4560 1179 4632 magicae
1192 4553 1299 4632 peritis
1312 4565 1475 4614 reservata.
1495 4557 1596 4612 Pauca
1609 4559 1680 4609 ante

931 4669 993 4705 xxx
1012 4667 1105 4705 annos
1122 4647 1249 4720 seligere
1259 4647 1349 4719 juvit,
1363 4647 1458 4702 emico
1475 4643 1590 4700 medico
1609 4641 1682 4698 acri·

931 4747 978 4798 ter
996 4739 1185 4808 sollicitante,
1204 4756 1281 4811 quae
1297 4736 1428 4794 fortasse
1447 4737 1545 4792 lucem
1562 4735 1613 4790 vel
1631 4750 1683 4787 no·

930 4847 1001 4887 vam
1026 4829 1076 4885 vel
1101 4827 1269 4900 antiquam,
1290 4825 1385 4883 inscio
1410 4843 1471 4896 me,
1491 4829 1678 4897 receperunt.

929 4921 1039 4976 Parcet
1058 4919 1160 4989 lector,
1175 4917 1202 4974 si
1214 4934 1268 4991 pro
1286 4916 1373 4973 novis
1393 4921 1424 4972 et
1439 4912 1575 4972 classicis
1595 4929 1680 4968 oseca

930 5008 1111 5080 rancideque
1130 5005 1338 5080 propinentur.

968 5100 990 5173 5)
1010 5098 1079 5156 Ood.
1099 5101 1230 5170 μίσγηται.

966 5191 989 5264 ⁶)
1008 5190 1050 5244 ld.
1071 5193 1214 5241 ἀπαλλάσει
1233 5188 1318 5256 αὑτάς,
1338 5185 1410 5242 sudi
1428 5188 1520 5246 νίσους.

967 5282 990 5353 7)
1010 5279 1079 5334 Cod.
1099 5281 1240 5351 μιγόμενυν.

966 5373 988 5444 ἰ)
1008 5369 1051 5426 lt.
1071 5372 1167 5440 χρίσει,
1187 5367 1297 5426 similia
1316 5366 1479 5424 silebimus.
