4008 6068
260 497 297 553 as
390 471 393 496 '
823 480 1051 576 Euphronius
1062 480 1242 573 pratum
1277 540 1279 544 .

305 663 487 730 Immensus
509 662 617 742 Potor,
640 662 815 728 immensus
837 659 959 738 Filius,
982 659 1157 726 immensus
1180 651 1326 740 Spiritus
1348 665 1489 725 sanetus.
1512 657 1588 725 Non
1611 664 1660 726 est
1674 683 1801 729 mensu-

261 771 371 838 rabilis
393 771 426 836 in
450 792 508 836 sua
529 772 654 849 nature,
679 767 755 852 quia
777 765 921 832 inlocalis
937 767 997 845 est,
1013 764 1315 850 inoiroumsoriptus,
1331 765 1450 851 ubique
1465 772 1564 850 totus,
1581 768 1699 853 ubique
1714 793 1804 855 prae·

261 901 341 960 sens,
366 877 483 962 ubique
506 883 629 960 potens.

304 991 468 1052 Aeternus
485 983 593 1067 Pater,
612 989 762 1051 aeternus
777 982 900 1062 Filius,
916 988 1066 1048 aeternus
1083 978 1228 1063 Spiritus
1245 988 1385 1064 sanctus,
1401 984 1433 1049 id
1450 989 1577 1049 estnon
1593 988 1658 1052 tres
1674 988 1806 1070 aeterni,

262 1095 317 1161 sed
340 1095 374 1159 in
397 1094 502 1159 tribus
524 1093 668 1177 personis
692 1091 779 1158 solus
802 1095 960 1170 aeternus,
984 1089 1039 1174 qui
1062 1091 1130 1155 sine
1146 1091 1239 1156 initio
1255 1097 1288 1157 et
1304 1091 1371 1158 sine
1387 1093 1450 1158 fine
1466 1099 1614 1159 aeternus
1629 1101 1807 1178 permanet.

306 1201 466 1270 Similiter
481 1202 679 1284 omnipotens
691 1200 800 1280 Pater,
814 1201 1012 1280 omnipotens
1026 1199 1149 1280 Filius,
1166 1202 1363 1283 omnipotens
1381 1199 1527 1284 Spiritus
1542 1209 1684 1270 sanstus.
1698 1203 1807 1270 Omni-

260 1316 375 1397 potens
405 1309 532 1388 dioitur,
557 1329 594 1373 eo
619 1307 702 1393 quod
726 1307 832 1372 omnia
863 1310 981 1391 potest,
1004 1311 1038 1372 et
1060 1328 1187 1372 omnem
1219 1309 1343 1374 obtinet
1374 1314 1577 1393 potestatem.
1600 1347 1645 1359 -
1668 1311 1756 1398 Ergo
1779 1314 1806 1379 si

261 1419 368 1488 omnis
391 1419 509 1503 potest,
533 1416 609 1500 quid
633 1419 682 1480 est
704 1415 791 1500 quod
812 1437 876 1481 non
899 1413 1034 1498 potest?
1048 1451 1088 1464 -
1104 1414 1175 1482 Hoc
1198 1437 1263 1480 uon
1279 1420 1396 1500 potest,
1413 1417 1498 1502 quod
1514 1418 1725 1504 omnipotenti
1740 1442 1805 1486 nou

260 1527 416 1611 competit
439 1547 516 1591 esse.
541 1524 623 1590 Falli
648 1545 711 1589 non
735 1527 853 1607 potest,
876 1523 952 1607 quis
973 1523 1091 1589 veritas
1115 1528 1173 1590 est.
1198 1522 1358 1590 lufirmari
1381 1547 1448 1590 nou
1463 1530 1580 1610 potest,
1594 1527 1669 1611 quia
1684 1527 1803 1594 sanitas

261 1641 320 1703 est.
344 1635 428 1700 Mori
450 1655 513 1700 uon
537 1637 654 1718 potest,
678 1633 754 1718 quia
776 1631 968 1697 immortalis
991 1632 1056 1698 vita
1079 1634 1137 1698 est.
1162 1630 1263 1696 Finiri
1285 1653 1350 1697 non
1373 1635 1494 1716 potest,
1517 1633 1593 1718 quia
1615 1633 1759 1700 infinitus
1774 1639 1806 1700 et

259 1743 408 1829 perennis
431 1746 490 1808 est.

305 1851 361 1919 Itu
372 1853 463 1919 Deus
475 1850 583 1931 Pater,
598 1847 687 1914 Deus
698 1846 925 1928 FiliussDeus
939 1841 1085 1930 Spiritus
1100 1851 1241 1926 sanutus,
1253 1852 1283 1911 et
1299 1852 1406 1912 tomen
1417 1866 1483 1914 non
1494 1853 1561 1914 tres
1571 1847 1642 1929 Dii,
1656 1849 1712 1914 sed
1723 1869 1809 1915 unns

261 1966 308 2028 est
330 1959 432 2026 Deus.
456 1959 542 2024 Deus
565 1979 681 2023 nomen
705 1961 753 2022 est
776 1955 954 2042 potestatis,
978 1977 1042 2020 non
1066 1953 1282 2038 proprietatis.
1299 1953 1471 2038 Proprium
1494 1959 1543 2021 est
1565 1976 1680 2021 nomen
1702 1955 1806 2022 Patris

262 2069 376 2148 Pater,
401 2072 435 2133 et
457 2067 624 2152 proprium
648 2069 696 2132 est
719 2087 834 2131 nomen
857 2064 931 2130 Filii
956 2063 1072 2143 Filius3
1085 2068 1118 2129 et
1140 2063 1308 2148 proprium
1332 2068 1382 2128 est
1405 2085 1520 2129 nomen
1544 2063 1683 2150 Spiritus
1705 2066 1808 2133 sanoti

262 2175 401 2261 Spiritus
425 2179 561 2241 sanctus.

305 2285 360 2352 Ito
383 2283 546 2351 Dominus
570 2284 677 2365 Pater,
701 2283 864 2350 Dominus
885 2279 1008 2362 Filius,
1032 2279 1195 2349 Dominus
1223 2278 1369 2363 Spiritus
1400 2287 1542 2361 sanetus,
1566 2285 1725 2348 ettamen
1747 2303 1813 2349 nou

261 2400 326 2461 tres
348 2392 494 2474 Domini,
519 2393 575 2460 sed
598 2414 684 2459 unus
704 2397 751 2459 ost
773 2390 946 2458 Dominus.
971 2389 1125 2456 Dominus
1149 2388 1275 2472 dieitur,
1300 2412 1336 2454 ex
1360 2390 1444 2475 quod
1477 2391 1583 2457 omnia
1615 2391 1806 2473 dominatur,

262 2503 294 2566 et
317 2500 459 2566 omnium
483 2504 532 2566 est
555 2500 712 2566 Dominus
735 2499 926 2566 dominator.

308 2609 393 2691 Quin
427 2610 511 2675 siout
543 2609 735 2692 sinpitiotim
766 2629 1021 2691 unamquamque
1047 2629 1222 2690 porsonam
1256 2607 1362 2674 Derim
1391 2629 1429 2676 oo
1458 2607 1635 2676 Dominum
1667 2609 1811 2691 confiteri

262 2715 442 2783 christiana
464 2716 597 2783 ueritate
619 2715 870 2797 compeliimur...
887 2751 928 2762 -
947 2714 1029 2792 Quia
1051 2714 1078 2780 si
1100 2736 1151 2780 me
1173 2715 1436 2801 interrogaveris,
1453 2716 1528 2801 quid
1551 2717 1594 2782 sit
1617 2715 1723 2798 Pater,
1748 2735 1810 2801 ego

262 2823 477 2908 respondebo:
501 2823 589 2890 Deus
611 2829 644 2889 et
671 2823 838 2889 Dominus.
861 2823 905 2888 Et
928 2823 954 2889 si
985 2823 1243 2909 interrogaveris,
1276 2824 1354 2909 quid
1383 2825 1426 2890 sit
1457 2824 1567 2906 Filius,
1598 2844 1660 2909 ego
1691 2824 1811 2890 dicam:

263 2929 350 2996 Deus
373 2933 405 2996 et
427 2930 593 2997 Dominus.
617 2931 661 2997 Et
684 2931 712 2996 si
734 2931 833 2998 dieas:
857 2930 940 3008 Quid
963 2935 1012 2997 est
1035 2930 1175 3016 Spiritus
1208 2937 1349 3013 sanctus,
1373 2952 1434 3017 ego
1464 2933 1551 2999 dico:
1582 2931 1669 2998 Deus
1692 2935 1725 2998 st
1747 2931 1812 2997 Do·

261 3038 377 3102 minus.
401 3037 445 3103 Et
467 3037 500 3103 in
516 3037 567 3104 his
583 3039 686 3105 tribus
709 3040 852 3124 personis
869 3061 932 3106 nou
947 3044 1013 3106 tres
1029 3040 1122 3120 Deos,
1139 3061 1198 3106 neo
1222 3044 1288 3106 tres
1315 3041 1486 3121 Dominos;
1504 3040 1607 3106 sedin
1631 3040 1681 3106 his
1697 3039 1812 3119 tribus,

262 3147 346 3213 siem
365 3147 433 3230 jam
456 3147 630 3230 supradixi,
654 3169 755 3213 unum
780 3147 881 3213 Deum
904 3151 937 3213 et
960 3168 1059 3213 unum
1084 3146 1256 3212 Dominum
1280 3147 1443 3213 confiteor.

314 3253 406 3322 Unus
428 3257 532 3338 ipitur
554 3255 664 3336 Potor,
687 3277 752 3322 non
776 3262 841 3322 tres
860 3255 988 3334 Patres,
1005 3255 1086 3320 idest
1102 3277 1166 3339 qua
1180 3254 1279 3321 Pater
1293 3277 1420 3339 semper
1435 3253 1542 3336 Pater,
1557 3276 1622 3321 non
1637 3252 1810 3339 aliquando

262 3363 381 3443 Filium
404 3385 490 3430 unus
512 3363 635 3445 Filius,
658 3385 723 3431 non
747 3371 812 3430 tres
834 3363 931 3444 Filii,
955 3363 987 3428 id
1003 3368 1052 3429 est
1067 3385 1130 3447 qus
1146 3361 1248 3428 tilius
1270 3385 1396 3448 semper
1421 3363 1530 3442 Filius,
1554 3385 1618 3428 non
1639 3360 1813 3446 aliquando

261 3469 373 3550 Pater,
396 3492 483 3538 unus
507 3469 654 3554 Spiritus
676 3479 817 3553 sanstus,
840 3493 906 3539 non
929 3477 995 3538 tres
1017 3469 1165 3553 Spiritus
1187 3472 1301 3551 saneti,
1314 3470 1346 3536 id
1370 3475 1418 3536 est
1435 3493 1499 3556 qua
1515 3470 1655 3556 Spiritus
1672 3473 1815 3554 sanetus,

265 3599 392 3662 semper
415 3576 554 3663 Spiritus
577 3583 706 3645 sanetus
729 3583 788 3660 est,
812 3601 875 3644 non
899 3578 1071 3663 aliquando
1098 3577 1200 3643 Filius
1223 3582 1280 3644 aut
1307 3576 1422 3644 Pater:
1446 3578 1526 3645 huso
1554 3583 1603 3644 est
1631 3579 1811 3663 proprietas

263 3707 483 3773 personarum.

308 3791 354 3857 Et
377 3793 413 3858 in
435 3793 493 3860 too
518 3793 681 3862 Trinitute
703 3794 787 3860 nutrit
804 3793 903 3876 prius
925 3799 982 3861 out
1001 3793 1174 3875 posterius,
1199 3792 1275 3877 quia
1298 3792 1429 3874 scilieet,
1445 3815 1609 3878 nunquam
1632 3792 1733 3859 Filius
1746 3792 1814 3858 sine

264 3897 371 3980 Patre,
394 3900 478 3967 siout
500 3923 664 3986 nunquam
686 3901 749 3968 fuit
777 3901 872 3967 Pater
894 3902 962 3966 sine
986 3900 1079 3982 Filio,
1103 3901 1157 3966 sed
1180 3904 1213 3966 et
1235 3924 1400 3986 nunquam
1431 3901 1529 3968 Pater
1551 3905 1583 3967 et
1611 3901 1722 3983 Filius,
1746 3901 1815 3967 sins

266 4006 389 4092 Spiritu
412 4013 534 4076 sancto.
551 4009 728 4076 Goaeterna
743 4029 823 4094 ergo
838 4009 979 4076 Trinitas
994 4014 1027 4075 et
1040 4009 1262 4094 inseparabilis
1278 4011 1395 4092 unitas,
1412 4010 1480 4076 sine
1495 4010 1588 4077 initio
1608 4015 1640 4076 et
1655 4011 1722 4075 sine
1737 4009 1813 4075 fine.

307 4115 403 4184 Nutu
426 4118 534 4202 majus
555 4123 613 4184 uut
636 4119 756 4201 minus,
772 4117 1001 4203 aequalitatem
1016 4139 1224 4203 personarum
1242 4116 1329 4196 dicit,
1346 4117 1421 4200 quia
1437 4117 1578 4182 Trinitas
1593 4115 1736 4201 aequalis
1755 4119 1816 4196 est,

261 4229 293 4290 et
312 4246 374 4290 uua
389 4225 501 4306 deitas,
518 4223 834 4310 Apostolo'dieente:
854 4231 868 4260 ⁸
880 4224 943 4290 Per
958 4247 996 4291 aa
1010 4247 1092 4310 qnae
1107 4224 1195 4290 faeta
1210 4227 1294 4304 sunt,
1310 4223 1476 4291 intellecta
1491 4223 1731 4307 conspiciuntur
1747 4221 1770 4306 ¹)
1789 4270 1817 4302 „

261 4333 295 4399 id
317 4337 367 4399 est
381 4355 441 4418 per
455 4339 636 4401 ornaturam
659 4339 785 4402 creator
808 4334 1014 4418 intelligitur,
1038 4333 1211 4399 secundum
1226 4332 1284 4397 has
1301 4332 1556 4416 comparationes
1572 4334 1606 4396 et
1622 4329 1702 4396 alias
1719 4351 1814 4415 quam

264 4439 383 4524 plures.
409 4438 476 4521 Sol,
499 4443 617 4508 candor
640 4446 673 4508 et
696 4441 783 4508 calor
805 4441 870 4507 tria
893 4445 968 4506 sunt
990 4440 1130 4521 nomine,
1147 4445 1180 4506 et
1199 4462 1250 4506 res
1274 4461 1347 4504 una.
1371 4439 1463 4516 Quod
1486 4438 1610 4518 candet,
1634 4438 1696 4504 hoo
1712 4437 1815 4516 oalet;

264 4550 298 4612 et
320 4547 405 4631 quod
428 4547 522 4628 salet,
546 4548 607 4616 hoo
630 4549 753 4617 caudet.
777 4549 854 4616 Tria
876 4548 954 4615 haec
977 4547 1132 4614 voeabula
1155 4570 1206 4636 res
1229 4569 1292 4612 una
1316 4569 1383 4613 esse
1399 4547 1585 4613 dinoscitur.
1602 4546 1654 4612 lta
1671 4549 1703 4610 et
1720 4543 1817 4610 Pater

264 4658 298 4720 et
312 4654 414 4722 Filius
431 4660 464 4722 et
481 4654 620 4742 Spiritus
643 4662 783 4739 sanstus,
806 4662 872 4724 tres
887 4677 1041 4741 personae
1057 4656 1091 4720 in
1106 4655 1224 4722 deitate
1241 4653 1438 4720 substantiae
1461 4676 1562 4720 unum
1586 4657 1662 4719 sunt
1679 4656 1712 4717 st
1733 4651 1817 4716 indi-

265 4761 360 4828 rldua
381 4763 488 4830 unitus
511 4768 599 4830 certe
622 4765 773 4832 ereditur.
796 4764 881 4831 Item
896 4762 1097 4850 dessterrenis,
1114 4785 1203 4846 rena,
1222 4764 1303 4844 fons,
1320 4761 1446 4844 fluvius,
1470 4763 1534 4828 tria
1556 4762 1700 4847 itemque
1722 4783 1819 4826 vosa-

265 4867 353 4950 bula,
377 4873 410 4935 et
432 4891 483 4936 res
506 4893 570 4937 una
592 4872 626 4936 in
649 4893 707 4937 sua
728 4875 855 4938 natura.
880 4870 932 4939 Ita
953 4872 1052 4939 trium
1081 4893 1301 4958 personarum,
1332 4868 1438 4935 Patris
1461 4873 1493 4935 et
1516 4868 1590 4934 Filii
1614 4873 1647 4935 st
1675 4867 1815 4953 Spiritus

267 4976 370 5043 sancti
394 4977 575 5044 substantia
597 4978 698 5044 deitas
721 5000 786 5044 una
809 4984 868 5045 ost.
1676 4989 1681 4996 '

312 5083 377 5150 Est
392 5105 465 5169 erpo
477 5085 560 5169 rides
582 5091 677 5168 rectu,
694 5091 731 5153 ut
746 5085 913 5155 credamus
929 5094 959 5155 et
973 5089 1179 5172 confiteamur
1194 5087 1270 5172 quio
1286 5085 1448 5153 Dominus
1469 5091 1577 5152 noster
1588 5083 1691 5152 Jesus
1709 5082 1820 5152 Utris-

306 5309 327 5384 Ι)
346 5310 430 5367 Rom.
450 5327 470 5385 1,
489 5312 532 5370 20.
