4008 6068
277 519 315 577 ⁸⁰
843 511 1071 605 Euphronius
1085 511 1264 605 proabmer

326 686 417 756 Unus
440 687 578 768 omnino,
602 707 668 754 non
691 688 876 771 confusione
898 685 1106 766 assistentiae,
1130 686 1186 752 aed
1208 686 1333 752 ondam
1349 705 1519 768 personae,
1545 687 1578 752 id
1601 691 1651 752 est
1672 686 1820 754 divinitas

274 793 484 861 immutabilis
507 816 580 860 cum
603 794 741 876 homine,
766 816 862 879 quem
885 814 1044 858 assumere
1067 792 1217 876 dignatus
1242 797 1301 873 est,
1326 793 1408 858 sicut
1431 793 1586 877 scriptum
1609 797 1674 859 est:
1708 793 1820 860 ‘Ver-

273 903 351 968 bum
373 906 476 983 tuum,
499 901 646 982 Domine,
672 901 705 966 in
727 905 893 966 aeternum
916 904 1084 984 permanet
1103 895 1126 980 ¹)
1150 948 1176 981 „
1200 901 1233 966 id
1259 904 1308 966 est
1331 900 1480 966 divinitas
1511 923 1583 966 cum
1610 900 1818 982 humanitate,

273 1015 311 1076 ut
334 1010 468 1076 diximus
490 1008 568 1074 duas
591 1009 785 1076 substantias
808 1029 904 1073 unam
927 1029 995 1072 esse
1017 1007 1050 1071 iu
1066 1005 1193 1072 Christo
1211 1006 1413 1092 [personam],
1432 1012 1469 1072 ut
1488 1008 1570 1074 sieut
1586 1011 1661 1072 anta
1675 1029 1819 1092 assump-

273 1118 392 1184 tionem
416 1118 519 1184 oarnis
534 1120 665 1183 aeterna
681 1115 743 1181 fuit
758 1115 909 1198 Trinitas,
925 1137 965 1180 ne
983 1118 1114 1198 propter
1131 1113 1384 1199 assumptionem
1400 1114 1558 1180 humanae
1573 1114 1677 1180 carnis
1692 1114 1817 1181 dicatur

274 1247 341 1292 esse
364 1221 572 1310 quaternitas,
596 1223 686 1309 qnod
705 1224 789 1289 absit
816 1245 836 1288 a
866 1221 1007 1288 fidelium
1038 1222 1185 1288 cordibus
1212 1222 1265 1287 vel
1295 1223 1452 1305 sensibus,
1484 1222 1545 1288 nisi
1575 1222 1631 1305 ita,
1663 1229 1819 1308 utsupra

273 1334 393 1401 dictum
417 1337 476 1415 est,
500 1337 534 1398 et
557 1333 662 1398 unitas
684 1333 718 1397 in
742 1331 901 1397 Trinitate
924 1335 959 1396 et
982 1329 1122 1395 Trinitas
1145 1328 1179 1393 in
1202 1329 1324 1395 unitate
1347 1329 1527 1396 veneranda
1549 1329 1602 1396 ait.

318 1441 405 1508 Nom
418 1433 1819 1516 siemanimaratiooutisetooroaousesthomo,itoDeusottomoanusestbhristua.

274 1547 344 1614 Etsi
360 1547 447 1614 Deus
464 1549 581 1614 dicitur
595 1547 655 1613 Dei
672 1547 783 1628 Filius,
799 1551 943 1612 nostram
958 1565 1122 1612 assumens
1137 1542 1260 1609 luteam
1275 1548 1309 1609 et
1324 1545 1493 1610 mortalem
1509 1565 1638 1612 carnem
1652 1549 1780 1612 nostrae
1792 1541 1819 1626 ¹)

274 1656 469 1722 conditionis·
485 1677 519 1721 se
542 1654 726 1721 nullatenus
748 1653 930 1740 inquinarit
952 1674 1055 1738 neque
1077 1641 1226 1718 naturam
1252 1651 1429 1719 divinitatis
1451 1653 1601 1736 mutavit,
1625 1654 1700 1738 quia
1722 1653 1749 1720 si
1771 1653 1820 1720 sol

273 1766 331 1830 aut
345 1763 429 1849 ignis
444 1762 566 1849 aliquid
589 1763 788 1828 immundum
803 1761 925 1847 tetigit,
949 1760 1036 1845 quod
1050 1757 1158 1844 tangit
1173 1764 1303 1844 purgat,
1316 1763 1349 1825 et
1364 1782 1397 1826 se
1420 1760 1603 1828 nullatenus
1625 1761 1819 1846 coinquinat.

272 1867 325 1934 Ita
347 1867 500 1934 divinitus
523 1869 681 1934 sarcinam
704 1889 832 1953 quoque
855 1870 983 1932 nostrae
1007 1865 1216 1931 humanitatis
1238 1867 1419 1952 assumpsit,
1433 1869 1666 1954 purgaviteta
1688 1867 1820 1935 maculis

272 1980 305 2042 et
328 1975 474 2042 sordibus
496 1980 699 2061 peccatorum
724 1979 756 2040 et
779 1974 930 2040 vitiorum
960 1971 1111 2057 expiavit,
1135 1973 1217 2039 sicut
1249 1973 1359 2040 Esaias
1382 1975 1449 2055 ait3
1466 1978 1495 2008 '⁴¹
1516 1975 1589 2060 Ipse
1616 1976 1819 2042 infirmitates

272 2087 399 2149 nostras
421 2083 545 2167 aceepit
568 2088 601 2149 et
623 2082 860 2168 aegrotationes
881 2074 1062 2166 portarit⁸)
1080 2129 1106 2160 ,.
1124 2077 1175 2145 Ad
1192 2081 1252 2146 hoe
1275 2081 1446 2148 secundum
1469 2081 1701 2148 humanitatem
1725 2087 1819 2148 natus

275 2195 335 2271 est,
358 2195 395 2256 ut
418 2189 621 2257 infirmitates
644 2195 769 2256 nostras
791 2189 952 2273 acciperet
967 2193 1000 2253 et
1017 2189 1253 2273 aegrotationes
1280 2194 1435 2274 portaret,
1450 2211 1515 2256 non
1531 2190 1616 2275 qnod
1638 2189 1707 2274 ipse
1729 2189 1819 2254 infir·

273 2298 402 2366 mitatea
425 2301 458 2364 et
480 2299 718 2384 aegrotationes
741 2298 774 2363 in
796 2319 831 2364 se
853 2296 998 2378 haberet,
1022 2295 1108 2381 quia
1121 2296 1208 2363 salus
1225 2297 1334 2363 mundi
1358 2301 1417 2378 est,
1433 2297 1488 2364 sod
1507 2297 1592 2383 qnod
1608 2319 1660 2364 eas
1683 2320 1703 2363 a
1726 2297 1817 2363 nobie

272 2405 454 2488 abstulerit,
471 2407 548 2473 dam
571 2428 645 2472 suae
668 2428 775 2473 sacrae
797 2406 953 2491 passionis
976 2405 1084 2490 gratia
1098 2427 1136 2472 ac
1151 2409 1361 2488 sacramento,
1379 2406 1594 2492 chirographo
1616 2406 1765 2492 adempto
1779 2402 1817 2490 ⁴),

275 2512 525 2598 redemptionem
548 2513 671 2598 pariter
693 2517 726 2578 et
749 2512 886 2579 salntem
909 2513 1091 2579 animarum
1113 2514 1205 2580 nobis
1229 2514 1429 2580 condonavit.

321 2620 385 2703 Qui
400 2641 524 2703 possus
546 2627 592 2688 ost
612 2642 673 2704 pro
696 2621 800 2688 solute
822 2628 946 2703 nostro,
967 2622 1001 2687 id
1017 2625 1065 2687 est
1081 2621 1254 2688 secuudum
1270 2621 1304 2687 id
1320 2617 1418 2706 quo⁵)
1435 2622 1542 2706 potuit
1564 2621 1644 2707 pati,
1660 2622 1746 2707 quod
1761 2628 1819 2702 est,

273 2728 445 2794 secundnm
468 2728 641 2795 humanam
665 2733 830 2806 naturam
846 2751 922 2794 nam
937 2729 1109 2794 secundum
1128 2728 1330 2795 divinitatem
1346 2729 1406 2795 Dei
1421 2729 1522 2796 ffilius
1538 2729 1744 2815 impassibilis
1760 2733 1820 2795 est.

317 2834 492 2902 Descendit
514 2835 558 2902 od
582 2835 731 2918 inferno,
755 2856 819 2920 quo
850 2835 1087 2919 protoplastum
1117 2835 1221 2901 Adam
1246 2839 1279 2901 et
1301 2836 1500 2921 patriarchas
1527 2842 1560 2902 et
1588 2837 1762 2922 prophetas
1788 2840 1821 2902 et

275 2963 384 3008 omnes
404 2941 518 3027 justos,
541 2943 597 3027 qui
621 2963 680 3027 pro
704 2941 855 3027 originali
871 2947 1001 3026 peccato
1017 2943 1135 3008 ibidem
1151 2942 1386 3024 detinebantur,
1402 2943 1568 3025 liberaret,
1582 2948 1614 3009 et
1631 2944 1669 3009 de
1685 2942 1820 3010 vinculis

274 3048 374 3133 ipsius
390 3049 512 3134 peccati
528 3049 702 3128 absolutos,
715 3048 755 3114 de
771 3048 881 3115 eadem
897 3049 1086 3134 captivitate
1109 3053 1141 3115 et
1164 3047 1314 3114 infernali
1336 3048 1407 3116 loco
1431 3072 1488 3116 suo
1504 3051 1660 3136 sanguine
1676 3051 1820 3135 redemp-

273 3158 337 3237 tos,
353 3154 393 3220 ad
417 3176 587 3240 supernam
609 3155 748 3240 patriam
771 3159 804 3220 et
820 3155 859 3220 ad
875 3159 1049 3240 perpetuae
1064 3156 1149 3222 vitae
1164 3156 1281 3242 gaudia
1297 3163 1472 3224 revocaret.
1488 3157 1628 3243 Reliqui,
1651 3157 1707 3243 qui
1724 3180 1821 3243 supra

277 3261 435 3348 originale
457 3267 623 3348 peccatum
646 3262 836 3348 principalia
858 3263 992 3329 crimina
1011 3264 1248 3346 commiserunt,
1262 3269 1299 3330 ut
1315 3265 1427 3331 asserit
1443 3264 1619 3351 Scriptura,
1637 3266 1671 3331 in
1693 3264 1821 3350 poenali

277 3371 414 3438 Tartaro
437 3376 667 3438 remanserunt.
691 3369 780 3438 Sient
803 3371 837 3436 in
860 3393 995 3456 persona
1019 3371 1160 3457 [Christi]
1185 3373 1305 3439 dictum
1327 3377 1377 3439 est
1399 3395 1457 3458 per
1479 3374 1691 3459 prophetam:
1722 3373 1821 3440 “Ero

281 3501 368 3545 mors
390 3484 489 3561 tna,o
504 3501 590 3545 mors
603 3473 629 3566 ⁰)
651 3479 725 3560 „id
747 3484 797 3545 est
819 3483 923 3544 morte
945 3501 1003 3545 sua
1026 3479 1172 3546 Christus
1195 3481 1327 3546 humani
1351 3480 1475 3566 generis
1498 3480 1660 3548 inimicam
1682 3485 1821 3547 mortem

280 3585 453 3668 interfecit,
477 3591 511 3652 at
533 3587 633 3652 vitam
656 3586 751 3652 dedit.
779 3585 878 3651 ‘hlro
908 3581 1072 3670 morsus⁷)
1089 3591 1173 3669 tuns,
1198 3609 1217 3653 o
1239 3587 1364 3653 inferne
1378 3637 1407 3671 „
1430 3589 1548 3672 partim
1579 3588 1750 3655 momordit
1771 3588 1822 3652 in·

282 3693 419 3774 fernum,
435 3715 495 3780 pro
517 3697 610 3779 parte
634 3715 744 3760 eorum
767 3715 848 3778 quos
870 3693 1030 3760 liberavit.
1054 3691 1177 3757 Partim
1199 3692 1341 3778 reliquit,
1357 3714 1417 3778 pro
1435 3697 1527 3777 parte
1550 3714 1661 3760 eornm
1684 3693 1739 3778 qui
1762 3714 1821 3778 pru

285 3801 515 3887 principalibus
537 3802 722 3868 criminibus
745 3802 778 3866 in
802 3801 969 3866 tormentis
991 3804 1222 3865 remanserunt.

328 3909 439 3976 Tertio
462 3909 514 3976 die
537 3910 716 3976 resnrrouit
737 3931 759 3975 o
780 3909 926 3974 mortuis.
955 3906 1101 3973 Surrexit
1130 3929 1149 3971 a
1179 3907 1313 3974 mortuis
1344 3908 1576 3994 primogenitus
1607 3914 1820 3975 mortuorum.

280 4015 324 4082 Et
347 4015 425 4083 alibi
449 4016 613 4102 apostolus
636 4017 728 4082 dicit:
749 4020 762 4050 ⁸
782 4015 857 4100 Ipse
881 4014 1113 4100 primogenitus
1136 4036 1175 4078 ex
1199 4015 1333 4082 mortuis
1363 4011 1466 4098 fuit⁸)
1488 4017 1562 4096 „id
1585 4021 1633 4082 est
1657 4016 1780 4101 primus
1802 4038 1821 4082 a

278 4124 414 4190 mortuis
438 4125 621 4204 resurrexit,
646 4123 795 4189 etmulti
823 4127 1005 4188 sauctorum
1032 4121 1257 4190 dormientium
1280 4145 1353 4190 cum
1377 4145 1414 4190 eo
1437 4128 1654 4206 surrexerunt,
1679 4124 1762 4190 sicut
1783 4123 1818 4189 in

277 4231 464 4317 evangelica
486 4232 678 4298 auctoritate
701 4231 788 4296 dicit.
813 4229 875 4297 Sed
897 4231 967 4316 ipse
991 4231 1046 4316 qui
1070 4235 1166 4315 caput
1190 4235 1257 4295 est.
1273 4281 1304 4296 ..

322 4339 480 4406 Continuo
502 4344 632 4425 postea:
656 4339 812 4406 Ascendit
834 4339 878 4406 od
900 4339 1009 4420 coelos,
1034 4339 1116 4404 sicut
1139 4337 1305 4423 psalmista
1327 4338 1387 4404 ait:
1406 4342 1419 4371 ⁸
1438 4338 1590 4405 Ascendit
1612 4338 1646 4403 in
1663 4359 1820 4420 occasum,

273 4449 433 4533 captivam
463 4448 552 4514 duxit
584 4441 846 4532 captivitatem⁹l
870 4496 895 4527 „
919 4445 1022 4512 idest
1045 4446 1220 4512 humanam
1251 4450 1410 4528 naturam,
1436 4467 1518 4530 quae
1550 4446 1639 4531 prius
1671 4445 1734 4512 fuit
1761 4444 1821 4510 sub

274 4559 406 4642 peccato
430 4556 622 4622 venumdata
636 4548 687 4637 ¹⁰),
702 4559 735 4620 et
750 4554 922 4639 captivata,
940 4553 1082 4620 eamdem
1105 4555 1303 4639 redemptam
1318 4555 1351 4619 in
1369 4554 1539 4621 coelestem
1562 4553 1767 4620 altitudinem
1789 4559 1823 4620 et

314 4875 337 4950 ¹)
356 4873 406 4934 Pa.
425 4891 473 4949 nx,
492 4873 518 4931 ὅ.
1123 4869 1323 4944 ⁶)0seem11,
1344 4871 1386 4927 14.

312 4965 335 5038 ¹)
354 4962 425 5022 coo
443 4961 550 5022 inserit
567 4963 764 5034 amantionis,
786 4961 840 5021 sed
858 4961 972 5021 frustm
990 4964 1022 5020 st
1122 4960 1145 5032 ⁷)
1163 4959 1234 5018 cod.
1252 4976 1343 5017 mora

277 5049 416 5109 abundat
1122 5049 1144 5119 8)
1164 5047 1224 5104 Col.
1244 5064 1265 5120 1,
1285 5049 1328 5104 18.

312 5144 335 5213 ⁸)
354 5142 394 5200 Is.
412 5155 477 5216 mn,
497 5141 540 5197 10.
1121 5140 1145 5213 ⁹)
1163 5139 1213 5196 Ps.
1232 5155 1324 5212 uxvrr,
1345 5139 1388 5196 19.

312 5232 338 5306 ⁴)
355 5231 469 5290 Culusa.
488 5247 520 5304 n,
540 5232 584 5288 14.
1112 5227 1146 5302 ¹⁰)
1164 5229 1248 5286 Rom.
1268 5243 1320 5300 vu,
1341 5229 1383 5285 14.

313 5323 336 5397 ⁵)
354 5321 425 5381 Cod.
443 5323 532 5397 meod.
