3940 6072
825 539 1023 616 Ηιαιιιοίῑοο
1643 545 1697 605 289

145 717 274 810 θρωπων
297 716 462 808 ἀνθρακας,
479 717 533 781 καὶ
550 717 674 806 θύμους.
692 714 812 805 Γλύβον
830 709 881 782 οὑν
899 725 1039 780 τοιοῦτον
1057 716 1088 779 ἐν
1105 711 1181 798 λίθῳ
1202 715 1330 804 πυρὶτη,
1347 713 1401 779 καί
1416 712 1538 790 ὑποθεὶς
1557 713 1695 800 βοτάνην

55 869 75 892 ι.
144 830 358 918 σκορπίονρον,
384 829 592 890 κατακλεῑσον
617 828 647 889 ἐν
672 829 696 908 ᾡ
722 825 838 908 βούλει,
863 824 917 889 καὶ
940 823 1035 912 φόρει.

190 942 215 1001 Τ
218 937 346 1023 έταρτος
371 935 424 998 καὶ
448 934 598 1008 εἰκοστός.
620 927 718 1008 ούτος
736 933 833 1021 ὄνομα
850 935 914 1022 ἔχει
930 923 1082 1021 ”Αῳηὺις,
1100 934 1179 1021 έχων
1197 931 1235 996 τό
1252 930 1306 1019 μέν
1323 940 1382 1006 πᾶς
1407 940 1499 1020 σῶμα
1522 929 1695 1021 ἀνθρώπου,

144 1039 205 1113 τὴν
220 1033 253 1107 δὲ
265 1040 406 1131 κεφαλὴν
424 1041 552 1132 τράγον
572 1044 602 1106 ἐν
620 1033 654 1104 δὲ
671 1051 740 1116 ταῖς
758 1032 827 1105 δυσί
843 1041 949 1130 χερσὶν
966 1042 1110 1129 κατέχων
1129 1045 1236 1116 οἰακας
1247 1037 1282 1124 ¹),
1299 1034 1540 1130 περιεζωσμένος
1557 1041 1619 1104 ἀπό
1632 1049 1695 1104 τῶν

145 1161 274 1238 μαστῶν
300 1151 392 1239 μέχρι
415 1159 478 1214 τῶν
504 1147 731 1240 ἀστραγάλων,
756 1147 809 1212 καὶ
833 1148 892 1222 τὴν
917 1147 1058 1237 κεφαλὴν
1088 1139 1388 1237 περιύεόλημμένος.
1414 1147 1551 1238 Κυριεὺει
1575 1139 1609 1214 δὲ
1631 1156 1694 1212 τῶν

144 1251 295 1349 διδύμων,
320 1261 373 1323 καὶ
396 1258 564 1345 ἐπιπέμπει
588 1256 644 1333 τάς
668 1257 832 1346 γινομένας
850 1262 954 1333 αὑτοῖς
970 1257 1162 1347 ρλεγμόνας,
1181 1257 1234 1320 ὅτε
1251 1255 1306 1344 μὲν
1327 1255 1398 1346 περὶ
1413 1255 1616 1346 ἀμφοτέρους,
1642 1257 1695 1321 ὅτε

142 1357 177 1432 δὲ
200 1367 271 1456 περὶ
294 1367 349 1431 τὶν
373 1366 437 1433 ἕνα.
462 1362 582 1453 Γλύψον
607 1359 659 1429 οὑν
683 1376 795 1430 τοῦτον
819 1367 849 1429 έν
881 1365 957 1448 λίθῳ
990 1355 1106 1454 σαρδίῳ
1137 1362 1302 1455 αὶγύπτὶῳ,
1328 1363 1381 1426 καὶ
1403 1361 1525 1439 ὑποθεὶς
1555 1361 1693 1447 βοτάνην

142 1465 329 1564 γλυκυσίδα,
355 1478 619 1539 κατακλεῖοονέν
644 1468 667 1536 ὦ
693 1473 808 1557 βούλει,
832 1473 885 1538 καὶ
910 1474 1003 1563 φόρει,
1026 1472 1222 1562 ἀπεχόμενος
1248 1469 1400 1561 ύρχιος’).

189 1583 334 1671 Πέμπτος
358 1581 411 1646 καὶ
434 1582 573 1658 εἰκοστός
598 1572 735 1665 δέκανος,
759 1575 891 1661 τοξότου
916 1591 1047 1673 πρῶτος.
1066 1578 1163 1656 Ούτος
1181 1581 1281 1670 ὄνομα
1297 1583 1362 1670 ἔχει
1379 1575 1487 1657 Σύύος·
1503 1583 1572 1647 ἔστι
1594 1571 1628 1647 δὲ
1651 1592 1692 1667 τῇ

143 1689 198 1778 μὲν
212 1695 399 1774 καταστολῇ
415 1689 581 1780 ἄνθρωπος,
596 1689 676 1778 ἔχων
690 1688 749 1759 τὶν
762 1688 917 1778 εὑώνυμον
930 1701 1021 1780 χοῖροι
1034 1696 1075 1767 εἰς
1089 1691 1126 1755 τ“ο
1141 1689 1228 1756 κάτω
1241 1690 1444 1778 ἡπλωμένην,
1460 1694 1491 1756 ἑν
1505 1681 1539 1756 δέ
1551 1701 1591 1776 τῇ
1606 1681 1693 1776 δεξιᾷ

141 1807 265 1888 κρατῶν
291 1789 385 1863 ἀκίδα
411 1797 491 1882 (ἔστι
514 1787 548 1861 δε
565 1787 708 1886 δοράτιον
722 1795 747 1880 ³)
765 1799 916 1873 ποίκιλον,
935 1789 1086 1885 δυκτίον),
1102 1793 1343 1889 περιεζωσμένος
1360 1800 1422 1864 ἀπὸ
1448 1808 1576 1887 μαστῶν
1601 1799 1693 1890 μέχρι

141 1916 205 1970 τῶν
231 1906 451 1998 ἀστραγάλων,
474 1901 529 1969 Ικαὶ
545 1904 604 1976 τὶν
622 1905 763 1993 κεφαλὴν
780 1899 1078 1998 περιύεύλημμένος.
1096 1902 1194 1983 Ούτος
1212 1909 1379 1996 ἐπιπέμπει
1394 1907 1463 1998 περὶ
1489 1906 1559 1984 τούς
1584 1907 1693 1998 μέρους

141 2013 184 2078 τά
207 2013 336 2103 φύματα
361 2013 381 2078 ά
404 2018 535 2078 καλοῦσι
560 2006 711 2098 βυὺῶνας.
737 2011 855 2102 Γλύβον
880 2009 932 2080 οὑν
963 2027 1076 2081 τοῦτον
1107 2020 1137 2082 έν
1169 2025 1215 2100 τᾷ
1242 2015 1318 2099 λίθῳ
1342 2018 1470 2108 ρρυγίῳ,
1495 2015 1549 2080 καὶ
1571 2013 1692 2090 ὑποθεὶς

144 2121 281 2205 βοτάνην
306 2123 538 2211 έλαλήσρακον,
563 2121 773 2188 κατάκλεῒσον
798 2125 920 2210 ὁμοίως,
945 2125 998 2189 καί
1022 2125 1158 2216 φύρει*).

188 2231 295 2307 Ἑκτὺς
319 2229 373 2294 καί
395 2233 533 2307 εἰκοστός
557 2223 695 2307 δέκανος.
714 2227 813 2308 Οὑτος
831 2233 930 2320 ὄνομα
946 2235 1011 2321 ἔχει
1029 2239 1171 2322 Τεὑχμος
1187 2234 1223 2315 ¹)‚
1242 2231 1362 2323 μορφὴν
1380 2233 1459 2322 ἔχων
1480 2233 1518 2297 τό
1544 2233 1598 2322 μὲν
1622 2233 1695 2324 πρύ-

142 2359 246 2402 σωπον
273 2337 458 2426 ίχνεὺμονος,
484 2339 521 2402 τὸ
546 2331 579 2404 δέ
601 2341 711 2405 λοιπόν
744 2349 834 2428 σῶμα
867 2338 1038 2428 ἀνθρώπου,
1062 2341 1116 2405 καὶ
1139 2346 1170 2406 έν
1195 2339 1251 2429 μὲν
1275 2351 1315 2425 τῇ
1351 2331 1436 2424 δεξιᾷ
1459 2341 1541 2430 χειρὶ
1568 2351 1691 2430 κρατῶν

140 2438 299 2533 ὑδρίσκην,
325 2451 356 2511 ἐν
377 2438 410 2512 δὲ
426 2457 466 2531 τῇ
487 2451 632 2538 ἀριστερᾷ
649 2459 821 2538 σκῆπτρον.
839 2443 937 2523 Οὗτος
955 2452 970 2510 ό
988 2439 1114 2532 δέκανος
1132 2448 1263 2520 ἕστηκεν
1280 2448 1331 2512 ἐπὶ
1355 2457 1493 2536 κρημνοῦ
1514 2446 1692 2537 ὑλισθόρου.

143 2552 282 2643 Κυριεύει
304 2546 337 2620 δέ
354 2563 415 2618 τῶν
433 2555 548 2620 ὑοτέων
566 2557 620 2620 καὶ
637 2557 803 2646 ἐπιπέμπει
820 2555 942 2631 τούτοις
959 2555 1000 2619 τά
1020 2547 1234 2644 συμβαίνοντα
1258 2557 1421 2643 κλίσματα
1435 2551 1471 2636 ⁶).
1495 2552 1614 2643 Γλύψον
1638 2549 1690 2621 οὑν

143 2671 256 2727 τοῦτον
281 2667 312 2727 ἐν
336 2661 414 2746 λίθῳ
438 2661 582 2750 ἀμεθύσῳ
596 2660 621 2752 ⁷)
638 2664 691 2728 καί
708 2663 864 2739 ὑποτιθεὶς
882 2661 1020 2747 βοτάνην
1038 2655 1320 2753 ἀνδρακτίσταλον,
1337 2664 1449 2752 ὁμοίως
1470 2667 1691 2741 κατακλεῖσον,

141 2771 334 2859 ἀπεχόμενος
357 2770 513 2862 τρὺγωνος
538 2770 710 2848 θαλασσίης
725 2769 761 2854 ⁸).

179 2871 334 2968 Ἕβδομος
359 2880 413 2943 καὶ
436 2881 576 2956 εἰκοστὸς
601 2871 739 2956 δέκανος.
765 2875 862 2957 Οὑτος
887 2880 985 2970 ὄνομα
1009 2882 1077 2970 ἔχει
1100 2877 1215 2969 λ’θισάρ
1231 2881 1265 2957 ⁰).
1290 2879 1387 2944 ’Ἔστι
1410 2871 1445 2946 δε
1475 2878 1534 2953 τόν
1560 2878 1691 2970 μορρθν,
1757 2962 1762 2972 ⁸

140 2984 296 3076 ἅνθρωπος
321 2979 541 3075 προὺεὑηκὼς,
568 2989 647 3077 ἔχων
672 2989 722 3054 ἐπὶ
745 2999 803 3064 τῆς
836 2992 973 3077 κεραλῆς
1001 2991 1177 3072 βασίλειον,
1201 2981 1443 3078 περιεζωσμένος
1475 2990 1536 3053 ἀπο
1561 2998 1690 3077 μαστῶν

142 3094 233 3182 μέχρι
257 3103 319 3158 τῶν
345 3094 563 3184 ἀστραγάλων,
590 3097 643 3160 καὶ
666 3101 697 3162 ἑν
723 3095 777 3184 μὲν
795 3107 834 3180 τῇ
855 3087 939 3180 δεξιᾷ
956 3096 1036 3186 χειρί
1052 3107 1175 3187 κρατῶν
1192 3088 1350 3186 ὑδρίσκην,
1367 3101 1398 3162 ὲν
1422 3089 1455 3162 δέ
1478 3108 1518 3182 τῇ
1545 3099 1691 3188 ἀριστερᾷ

145 3209 315 3288 σκῆπτρον,
330 3202 469 3290 Κυριεὺει
483 3193 516 3267 δὲ
528 3213 590 3267 τῶν
605 3213 710 3294 μηρῶν
724 3200 767 3280 οίς
784 3203 950 3291 ἐπιπέμπει
963 3194 1072 3280 ὀθόνας
1088 3203 1142 3269 καὶ
1158 3196 1371 3293 διαὺρώσεις...
1382 3202 1502 3292 Γλὺψον
1515 3199 1566 3270 οὑν
1579 3215 1691 3270 τοῦτον

145 3311 176 3372 ἐν
200 3307 277 3390 λίθῳ
302 3303 464 3398 ἀερίζοντι,
481 3311 534 3374 καὶ
549 3310 669 3386 ὑποθεὶς
690 3310 827 3395 βοτάνην
845 3311 1035 3395 κενταύριον,
1052 3313 1262 3376 κατακλεῖσον
1280 3313 1404 3399 ὁμοίως,
1419 3309 1474 3375 καὶ
1498 3311 1592 3400 φόρει,
1617 3315 1692 3378 ἀπε-

142 3415 274 3505 χόμενος
300 3407 499 3508 ἀλεκτορίδος
524 3421 731 3508 ἑγκεραλαίου
747 3414 796 3500 ¹⁰).

185 3515 323 3614 Ὄγδοος
348 3523 401 3588 καὶ
424 3526 562 3600 εἰκοστός
587 3514 725 3601 δέκανος,
743 3521 828 3616 αἷγος
845 3535 975 3616 πρῶτος,
1002 3519 1090 3602 οὑτος
1107 3525 1204 3612 ὄνομα
1221 3527 1286 3613 ἔχει
1310 3523 1387 3614 Τά*ρ
1403 3522 1451 3612 ¹¹)
1475 3527 1543 3590 ἔστι
1566 3516 1594 3591 δ’
1620 3529 1693 3591 ἀκέ-

142 3634 248 3721 φαλος,
274 3633 310 3697 τό
335 3624 368 3698 δὲ
393 3631 472 3697 ἄλλο
497 3643 588 3722 σῶμα
612 3632 786 3724 ἀνθρώπου,
802 3627 1045 3723 περιεζωσμένος
1060 3633 1129 3720 περὶ
1145 3635 1183 3697 τό
1200 3631 1314 3710 στῆθος
1332 3632 1488 3722 καντάρου
1510 3625 1613 3724 δοροὶν,
1637 3633 1691 3698 καὶ

141 3744 171 3805 ἐν
195 3751 236 3826 τῇ
255 3731 340 3824 δεξιᾷ
356 3741 435 3831 χειρὶ
452 3752 574 3831 κρατῶν
591 3733 749 3833 ὑδρίσκην,
767 3741 826 3813 τὴν
844 3733 877 3807 δέ
892 3741 1048 3830 ε’νιὺνυμον
1065 3741 1256 3830 όπλωμένην
1273 3743 1353 3831 ἔχων
1370 3747 1409 3818 ὡς
1434 3741 1484 3807 ἐπὶ
1500 3742 1555 3806 τὺν
1581 3743 1688 3832 μηρόν.

142 3853 282 3939 Κυριεὺει
307 3840 340 3914 δὲ
363 3859 426 3914 τῶν
449 3850 591 3940 γονάτων
616 3850 755 3915 καὶτῶν
780 3851 904 3926 τούτοις
928 3850 1187 3938 ἑπιπεμπομένων
1211 3847 1329 3916 παθῶν.
1355 3845 1474 3938 Γλὺψον
1498 3844 1550 3916 οὑν
1580 3859 1689 3915 τοῦτον

141 3959 171 4022 ίν
195 3955 272 4040 λίθῳ
296 3959 401 4045 ὑρίτη,
417 3957 471 4022 καὶ
488 3957 609 4034 ὑποθεὶς
635 3959 773 4044 βοτάνην
798 3951 946 4049 δελρίνην
962 3957 1012 4041 ”,,
1036 3961 1243 4023 κατακλεῖσον
1268 3961 1390 4048 ὁμοίως,
1414 3959 1468 4022 καί
1494 3959 1690 4050 ρόρει,.ἀπε-

141 4064 273 4155 χύμενος
297 4061 511 4157 ἑγχέλυοςέέ).

194 4173 341 4250 Ἐννατος
366 4174 419 4238 καὶ
441 4175 580 4252 εἰιιοστὺς
598 4167 735 4252 δέκανος.
754 4171 852 4252 Οὑτος
869 4177 968 4264 ὄνομα
985 4179 1051 4266 ἔχει
1073 4177 1204 4265 Ἰίπίτεχ
1218 4173 1267 4260 ¹⁴)
1284 4177 1351 4241 ἔστι
1368 4167 1401 4242 δέ
1418 4171 1517 4253 οὑτος,
1537 4176 1597 4248 τὴν
1621 4173 1689 4266 ὄψιν

142 4283 220 4370 έχων
245 4288 361 4372 χοίρου,
379 4283 416 4346 τό
434 4271 464 4348 δέ
482 4285 591 4348 λοιπον
609 4291 700 4372 σῶμα
716 4285 935 4374 παραπλήσιον
952 4293 998 4366 τῷ
1014 4282 1139 4373 πρώτῳ,
1157 4285 1210 4347 καὶ
1233 4278 1482 4374 περιεζωσμένος,
1500 4284 1554 4348 καὶ
1577 4289 1608 4350 έν
1633 4284 1688 4374 μὲν

143 4398 182 4476 τᾷ
209 4380 296 4474 δεξιᾷ
319 4387 399 4479 χειρὶ
422 4389 566 4479 κατέχων
591 4383 750 4482 ὑδρίσκην,
775 4397 805 4456 έν
830 4382 864 4458 δέ
888 4403 927 4478 τῇ
955 4391 1101 4479 εὐωνύμῳ
1121 4383 1216 4479 ξίρος,
1234 4390 1372 4481 Κυριεύει
1388 4383 1422 4457 δὲ
1445 4399 1508 4457 τῶν
1533 4391 1688 4483 ἀγκύλων.

179 4729 200 4807 ¹)
218 4729 258 4790 M.
278 4729 358 4802 ίιιχας.
540 4777 544 4782 .
994 4731 1017 4805 ⁸)
1036 4731 1076 4790 M.
1097 4733 1213 4806 τρύγονοις
1232 4732 1376 4792 θαλασσίας.

176 4825 198 4897 ²)
218 4823 288 4880 Cod.
309 4826 396 4894 ὄρχεις.
888 4881 893 4891 ,
994 4825 1017 4896 ⁹)
1036 4823 1071 4880 V.
1091 4827 1225 4894 Χοχθιοιὶρ.

177 4913 199 4982 ³)
219 4913 254 4969 V.
278 4915 331 4974 ἣτις
352 4917 490 4984 ὑορυράτων
511 4915 625 4966 ποικιλου
978 4913 1014 4986 ¹¹¹)
1033 4913 1072 4970 M.
1093 4916 1263 4986 ὶγκιφὶλοιον.

177 5004 199 5070 ⁴)
219 5000 254 5056 V.
274 5004 441 5074 ποριρυριιὺνο.
979 4999 1015 5071 ¹¹)
1034 4999 1068 5056 V.
1089 5005 1208 5072 Χιιτάειρ.

181 5091 203 5164 ⁵)
223 5091 257 5146 V.
278 5093 401 5164 Σίρχμος.
981 5093 1016 5164 ¹²)
1036 5092 1070 5148 V.
1090 5097 1219 5165 ὑιλρίνιον.

178 5179 200 5252 ⁶)
220 5181 254 5234 V.
274 5186 420 5250 κλάσματα.
981 5181 1018 5256 ¹³)
1036 5183 1075 5240 M.
1096 5183 1224 5255 ίγχέλιως.
1244 5180 1279 5238 V.
1298 5181 1427 5255 ὶγχίλτπς.

177 5272 200 5344 1ί)
221 5270 269 5330 Sic
287 5271 357 5328 fort.
377 5273 513 5342 ἀμιὺίοτῳ.
913 5347 915 5352 ,
981 5273 1017 5346 ¹⁴)
1037 5271 1071 5328 V.
1092 5273 1220 5341 Τιπιιτίχ,
1240 5270 1270 5328 in
1289 5287 1384 5344 marg.
1403 5273 1509 5345 σταυρβ.

256 5403 257 5408 ’
284 5395 380 5454 Amr..
400 5409 427 5468 v,
447 5397 490 5454 19.
