3944 6074
306 499 359 560 172
662 501 944 594 Ἀνακεφαλαίωσις
968 495 1010 570 de
1028 519 1169 571 numero
1182 494 1332 590 perfecto
1351 494 1490 590 duplici.

304 664 406 753 μηθέα
419 675 477 741 τῆς
491 667 608 756 ἀλόγου
622 665 738 754 φύσεως
751 667 773 750 ¹)
790 667 844 729 καί
860 666 1047 756 ’ορ[φεύς],..
1060 669 1113 732 καί
1129 661 1264 745 Ἠσίοδος
1281 661 1331 735 διά
1345 681 1404 745 τῆς
1417 675 1536 746 κλοπῆς
1550 682 1606 736 τοῦ
1619 673 1780 761 πυρόςκαὶ
1796 684 1850 749 τῆς

303 781 344 848 εἰς
368 773 545 865 ἀνθρώπους
562 767 694 861 ψευδέως
711 767 923 838 ἐνδείκνυσθαι
940 774 998 846 τήν
1016 771 1119 864 ψυχήν
1138 777 1198 841 ἀπό
1215 787 1270 841 τοῦ
1287 789 1400 849 νοητοῦ
1418 779 1568 869 κατάγειν
1584 784 1625 853 εἰς
1640 779 1700 850 τήν
1722 781 1851 870 γένεσιν,

303 888 342 958 ὡς
368 893 425 957 τῆς
451 881 644 971 ἀνθρωπίνης
667 871 811 970 περιόδου
836 882 947 970 κύριον,
972 883 1024 945 καί
1048 892 1110 946 τῶν
1129 885 1295 970 ἀμεινόνων
1313 887 1366 948 καί
1389 886 1544 974 χειρόνων.
1569 887 1717 963 Γενέσεως
1740 880 1851 964 διττῆς

303 987 354 1056 ούν
379 993 483 1068 οὔσης,
507 993 556 1054 ίνα
572 990 667 1057 πάλιν
688 1001 783 1078 σαφῆ,
801 990 982 1076 ποιήσωμεν
999 991 1054 1055 τόν
1073 992 1145 1054 ὅλον
1162 1002 1230 1055 νοῦν
1248 1003 1306 1067 τῆς
1322 985 1465 1081 περιόδου
1489 1004 1553 1058 τῶν
1578 1005 1709 1084 μερικῶν
1732 993 1849 1084 ψυχῶν,

303 1109 360 1188 τῆς
385 1100 440 1188 μὲν
465 1097 526 1164 ἀπό
550 1109 604 1163 τοῦ
629 1109 743 1170 νοητοῦ
767 1099 841 1186 πρός
864 1095 901 1162 τό
925 1099 1050 1180 νοητόν,
1074 1108 1132 1172 τῆς
1157 1091 1191 1163 δέ
1215 1100 1275 1164 ἀπό
1299 1101 1445 1190 γενέσεως
1470 1101 1521 1164 ἐπί
1543 1102 1673 1190 γένεσιν,
1698 1104 1848 1193 ἑκατέροιν

302 1207 424 1272 τούτων
449 1209 596 1298 ἁρμονίαν
614 1206 771 1271 ἐκάλεσεν·
791 1197 872 1270 διότι
889 1211 961 1269 κατ’
979 1205 1072 1294 ἄμφω
1089 1207 1148 1278 τήν
1166 1209 1281 1271 οἰκείαν
1299 1213 1354 1273 ούκ
1371 1210 1522 1274 ἀπόλυσιν
1543 1213 1648 1275 ούσίαν
1674 1214 1849 1302 ἐναρμόνιος

302 1315 465 1408 γενομένη,
489 1315 543 1378 καί
566 1315 639 1403 πρός
664 1304 792 1389 ἀνόδους
816 1313 870 1377 καί
886 1313 960 1401 πρός
977 1305 1137 1389 καθόδους,
1156 1315 1210 1378 καί
1225 1316 1377 1389 τοιαύτην
1394 1321 1553 1406 λαχοῦσαν
1579 1317 1740 1397 σύστασιν,
1768 1321 1849 1385 ἀλλά

302 1425 362 1495 τήν
387 1422 442 1512 μὲν
467 1421 701 1513 τετραγωνικήν
719 1417 812 1497 εἶπεν,
830 1424 889 1493 τὴν
908 1421 1042 1487 ἀπὸτοῦ
1060 1434 1172 1496 νοητοῦ
1192 1417 1334 1513 περίοδον
1360 1431 1401 1500 εἰς
1424 1426 1461 1491 τό
1484 1428 1608 1499 νοητὸν·
1633 1427 1766 1500 τοιαύτη
1794 1430 1850 1520 γάρ

302 1537 322 1603 ῆ
342 1531 461 1620 μυριάς·
478 1529 537 1604 τὴν
556 1520 590 1594 δέ
605 1531 752 1619 προμήκη
772 1529 831 1602 τήν
850 1529 910 1595 ἀπό
928 1531 1075 1620 γενέσεως
1093 1530 1143 1594 ἐπί
1159 1532 1289 1622 γένεσιν,
1308 1533 1378 1597 καθ’
1397 1529 1470 1607 ήνή
1491 1534 1545 1623 μὲν
1562 1536 1735 1612 έκατοντάς
1755 1538 1850 1601 πάλιν

304 1640 399 1728 μένει,
425 1644 496 1703 ἀλλ’
522 1642 577 1703 ούκ
601 1643 641 1713 εἰς
666 1637 782 1710 ἑαυτὴν
807 1627 953 1720 εἰσιοῦσαι,
978 1641 1074 1703 ἐποίει
1098 1638 1157 1710 τήν
1183 1643 1301 1729 ἀμείνω
1325 1641 1378 1706 καί
1403 1643 1706 1714 ἀποκαταστατικήν
1732 1647 1851 1716 ἐκείνην

301 1740 454 1838 περίοδον,
480 1745 563 1810 ἀλλά
585 1747 842 1835 συνταττομένην
859 1749 933 1836 πρὸς
950 1747 1046 1810 ἄλλον
1065 1746 1204 1836 ἀριθμόν,
1222 1748 1301 1813 ἀλλο
1318 1753 1520 1838 προτείνοντα
1538 1744 1619 1828 ζωῆς
1636 1744 1723 1828 εἶδος,
1741 1755 1851 1818 λοιπόν

302 1867 347 1939 τῷ
366 1857 425 1922 ἀπό
449 1867 508 1931 τῆς
530 1847 694 1942 πεμπάδος
718 1855 923 1945 τετραγώνῳ,
947 1867 1089 1920 τοιοῦτον
1111 1847 1144 1921 δὲ
1166 1855 1204 1923 τό
1228 1857 1354 1949 ἄλογον,
1372 1862 1406 1923 ού
1428 1861 1520 1947 μόνον
1545 1861 1595 1922 ότι
1618 1869 1676 1935 τῆς
1701 1865 1851 1936 κυκλικῆς

302 1970 489 2053 ἐπιστροφῆς
515 1969 555 2039 εἰς
580 1963 673 2029 ἑαυτό
697 1964 889 2053 παρῄρηται,
913 1960 974 2038 οίος
998 1969 1014 2026 6
1039 1963 1100 2028 ἀπό
1122 1974 1181 2040 τῆς
1206 1958 1380 2054 πεμπάδος,
1397 1967 1544 2042 κυκλικός
1570 1965 1611 2029 ὢν
1636 1966 1776 2056 ἀριθμός,
1802 1968 1850 2056 ἀφ’

301 2079 416 2149 ἑαυτῆς
439 2097 475 2137 τε
492 2075 667 2161 ἀρχομένης
685 2072 737 2134 καὶ
755 2077 796 2146 εἰς
813 2071 929 2141 ἑαυτήν
947 2070 1119 2161 ληγούσης,
1136 2072 1219 2136 ἀλλά
1237 2075 1290 2137 καί
1307 2075 1357 2138 ότι
1375 2066 1572 2150 δικαιοσύνης
1591 2075 1656 2164 ἰερά
1680 2082 1699 2148 ῆ
1724 2077 1850 2164 πεμπάς

301 2189 340 2257 ὡς
365 2185 551 2245 ἐπανισοῦσα
577 2180 653 2266 μόνη
681 2179 752 2254 τοὺς
777 2178 838 2244 ἀπό
863 2171 994 2266 μονάδος
1020 2179 1107 2268 ἀρρις
1131 2173 1287 2262 ἐννεάδος,
1312 2176 1348 2255 ής
1373 2183 1411 2246 τό
1436 2179 1550 2271 ἄλογον
1576 2182 1653 2247 αύτό
1677 2183 1742 2246 καθ
1775 2186 1849 2248 αύτό

303 2289 439 2379 ἄμοιρον·
464 2294 484 2360 i,
510 2279 537 2352 δ’
564 2281 614 2351 οὖν
639 2286 810 2362 ἐκατοντάς
835 2297 880 2370 τῷ
904 2289 1080 2351 ἑλλείποντι
1098 2287 1217 2376 ἀριθμῷ
1233 2290 1307 2378 πρὸς
1326 2288 1424 2360 αὐτὴν
1441 2289 1525 2354 κατά
1542 2291 1596 2354 τόν
1615 2289 1674 2356 ἀπό
1698 2293 1771 2374 (fol.
1800 2296 1851 2378 95)
1939 2333 1940 2336 =

304 2401 373 2484 [τῆς
389 2387 588 2485 πεμπάδοςί)
607 2395 734 2485 ἀριθμόν
753 2391 945 2484 συζυγοῦσαν
962 2397 1051 2482 ποτὲ]
1070 2398 1130 2462 ἀπό
1145 2399 1293 2488 γενέσεως
1310 2399 1360 2463 ἐπί
1376 2399 1494 2487 γένεσιν
1511 2389 1679 2488 [περίοδον
1696 2397 1850 2487 προλήψει

302 2505 361 2596 γάρ
385 2505 521 2594 χείρονος
545 2499 626 2582 ζωῆς
650 2509 670 2575 ή
695 2495 835 2594 περίοδος
861 2504 954 2589 αὐτή]
980 2507 1111 2594 γίνεται·
1130 2507 1280 2594 πρόσεστι
1298 2506 1428 2596 γάρκαὶ
1455 2509 1551 2588 [αύτῷ
1575 2515 1620 2588 τῷ
1645 2505 1848 2596 ἀριθμῷί,τῷ

275 2606 277 2610 ’
302 2625 361 2690 τῆς
384 2614 534 2687 τοιαύτης
558 2605 639 2689 ζωῆς
667 2615 735 2696 [τῆς
752 2623 792 2697 τῆ
812 2613 929 2702 γενέσει
946 2614 1118 2701 συμφύλου,
1135 2615 1188 2678 καί
1204 2613 1241 2678 τό
1258 2619 1292 2678 ἐκ
1310 2606 1403 2698 δυεῖν]
1426 2607 1512 2689 εἶναι,
1531 2625 1586 2677 τοῦ
1611 2613 1666 2702 μὲν
1691 2618 1848 2696 κυκλικοῦ,

304 2725 369 2807 [τοῦ
395 2713 429 2786 δὲ
445 2714 477 2797 ἐξ
496 2721 663 2808 ἀνομοίίων
680 2724 831 2808 πλευρῶν·
851 2711 931 2783 διότι
949 2712 986 2790 δή
1006 2721 1112 2784 καὶτὸ
1130 2719 1245 2811 ἀλογον
1264 2723 1342 2809 [ἔχει
1358 2720 1441 2805 κατ’]
1462 2721 1578 2800 ούσίαν,
1596 2719 1632 2784 τό
1651 2720 1705 2807 μὲν
1724 2720 1849 2808 ἄμεινον

302 2829 357 2894 καί
380 2831 559 2900 ταυτότητι
583 2827 767 2917 συγ[γενὲς],
792 2826 828 2891 τό
852 2819 885 2891 δέ
909 2839 1011 2916 χεῖρον
1037 2829 1090 2893 καὶ
1106 2829 1271 2917 ἑτερότητι
1288 2833 1387 2917 φίλον·
1406 2829 1510 2892 καίτοι
1531 2829 1606 2914 [καί]
1626 2829 1676 2892 ἐπί
1699 2839 1759 2904 τῆς
1784 2833 1851 2892 ἐκα-

301 2929 453 3012 τοντάδος
477 2933 535 3010 ήνν·
560 2934 597 3001 τό
619 2935 672 3022 μὲν
697 2926 775 3009 εἶδος
802 2927 965 3018 [κυόι]κ“ον,
991 2935 1027 2998 τό
1052 2927 1084 3000 δὲ
1108 2928 1140 3012 ἐξ
1165 2939 1317 3023 ἀνομοίων
1343 2933 1426 2999 ἀλλά
1441 2934 1466 3020 ³)
1490 2935 1543 2998 καί
1567 2935 1606 2998 τό
1630 2928 1662 3012 ἐξ
1687 2937 1849 3024 ἀνομοίων,

303 3045 405 3120 ἀλλως
422 3041 460 3119 ἦν
477 3044 708 3134 τετραγωνικον
727 3043 790 3106 ἀπό
806 3053 863 3116 τῆς
880 3043 1085 3130 πρω[τί]στης
1102 3043 1156 3107 τόν
1174 3046 1293 3108 τέλειον
1312 3035 1455 3120 δειξάσης
1473 3042 1525 3104 καὶ
1542 3035 1574 3119 ἐξ
1592 3047 1706 3131 ἀμφοῖν
1729 3045 1850 3128 [incipi

302 3155 357 3218 τόν
375 3153 482 3237 ὁλονίδ
497 3150 738 3241 τετραγωνικόν·
757 3142 838 3212 διότι
853 3149 907 3212 καί
923 3149 958 3213 τό
975 3151 1077 3238 ἕτερον
1097 3149 1168 3236 [ἐπὶ]
1190 3161 1244 3215 τοῦ
1261 3155 1389 3240 λογικοῦ
1413 3151 1487 3240 πρός
1512 3150 1611 3214 ταύτό
1634 3151 1848 3238 συμφυόμενον

304 3263 367 3346 [εἰς]
395 3261 469 3348 μίαν
494 3259 673 3348 ὁμοιότητα
696 3258 770 3346 πρός
794 3256 910 3326 ἑαυτήν
944 3258 1188 3346 ἐπιστρέφουσαν
1220 3259 1385 3336 κατήντα,
1411 3257 1453 3346 μῆ
1480 3251 1665 3322 ἐκύαίνουσα
1694 3257 1756 3328 τήν
1789 3268 1849 3331 τοῖς

304 3367 482 3455 ἀσωμάτοις
508 3369 621 3430 οἰκείαν
646 3365 744 3454 φύσιν·
769 3367 806 3430 τό
830 3358 863 3430 δέ
888 3369 918 3429 ἐν
942 3375 988 3448 τῷ
1006 3367 1111 3456 ἀλόγῳ
1127 3367 1230 3456 ἕτερον
1248 3367 1302 3431 καί
1319 3367 1355 3432 τό
1379 3368 1494 3430 ταύτόν
1519 3366 1556 3430 τό
1579 3369 1610 3430 ἐν
1635 3371 1720 3448 αύτῷ
1743 3367 1849 3455 περιή-

303 3500 400 3569 γαγεν
419 3481 458 3551 εἰς
475 3475 534 3547 τήν
550 3487 605 3540 τοῦ
623 3477 696 3539 όλου
714 3476 788 3564 πρὸς
804 3473 896 3539 ἑαυτό
916 3474 1141 3562 ἀνομοιότητα,
1155 3476 1332 3564 πρέπουσαν
1349 3485 1418 3548 ταῖς
1436 3485 1658 3565 γενεσιουργοῒς
1673 3465 1848 3562 δυνάμεσιν·

303 3587 402 3648 οἰκεία
426 3582 485 3672 γάρ
510 3595 575 3658 τοῖς
600 3583 654 3672 μὲν
680 3582 821 3672 καθαρῶς
847 3581 1025 3669 ἀσωμάτοις
1056 3588 1075 3655 ή
1103 3584 1267 3670 ὁμοιότης·
1294 3592 1359 3657 τοῖς
1384 3573 1416 3645 δέ
1441 3581 1595 3669 σωμάτων
1621 3583 1806 3669 ἀχωρίστοις
1829 3585 1845 3648 i.

303 3692 501 3779 ἀνομοιότης.
527 3691 586 3754 Καὶ
609 3689 669 3780 γάρ
695 3692 770 3754 ὅπου
789 3688 843 3776 μέν
862 3694 876 3752 6
894 3683 985 3764 κύύος
1002 3682 1190 3778 ύπερήάλλει
1207 3691 1261 3753 τόν
1279 3688 1321 3778 μή
1341 3682 1445 3764 attor,
1463 3693 1502 3762 ὡς
1526 3688 1563 3753 τό
1587 3689 1704 3752 ταύτόν
1729 3691 1762 3751 ἐν
1787 3696 1846 3760 τοῖς

303 3800 491 3888 ἀσωμάτοις·
518 3801 594 3863 ὅπου
612 3791 645 3862 δέ
662 3803 677 3861 6
696 3798 737 3889 μή
757 3789 849 3871 κύόος
867 3799 921 3862 τόν
939 3791 1043 3880 κύύον,
1061 3803 1100 3873 ὡς
1118 3798 1156 3861 τό
1173 3797 1274 3887 ἕτερον
1292 3801 1323 3862 ἐν
1341 3808 1404 3871 τοῖς
1422 3806 1622 3886 σωματικοῖς,
1643 3795 1697 3859 καί
1721 3785 1847 3878 συνᾴδει

302 3909 408 3974 πάντα
433 3909 582 3983 ἀλλήλοις
598 3908 633 3991 ⁵).

1043 4125 1112 4190 AZ'.

348 4345 383 4404 Ei
406 4341 490 4406 ἔστιν
508 4345 523 4403 ό
541 4337 667 4429 ἀριθμός
685 4335 774 4417 ούτος
790 4340 845 4405 καί
861 4345 892 4406 ἐν
910 4349 954 4424 τῷ
977 4340 1073 4404 παντὶ
1097 4331 1298 4427 δηλούμενος,
1317 4338 1369 4402 καί
1388 4335 1447 4402 ὑπό
1468 4345 1531 4402 τῶν
1556 4340 1586 4403 ἐν
1612 4336 1697 4417 αύτῷ
1722 4355 1843 4424 οχημα·

302 4459 421 4537 τισμῶν
439 4449 492 4512 καί
506 4450 657 4520 κινήσεων
676 4449 993 4537 συναποτελούμενος,
1011 4459 1073 4512 τῶν
1092 4450 1171 4512 όλων
1184 4447 1429 4538 προηγουμένων
1451 4446 1499 4510 ἀεὶ
1515 4455 1577 4510 τῶν
1597 4453 1705 4533 μερῶν,
1725 4445 1842 4532 εἴρηται

303 4548 336 4622 δὲ
360 4567 455 4621 τοῦτο
478 4558 638 4646 πρότερον,
663 4559 712 4622 ότι
729 4557 782 4623 καί
799 4563 830 4624 ἐν
847 4569 915 4634 ταῖς
934 4567 1071 4646 μερικαῒς
1088 4561 1156 4620 ἐστι
1173 4553 1285 4644 ι’ρυχαῖς
1303 4553 1555 4642 συνουσιοίμενος,
1578 4546 1669 4630 ζῶσιν
1693 4549 1753 4640 γάρ
1777 4545 1841 4612 κατ’

340 4784 364 4856 ¹)
384 4782 453 4840 00‘1·
472 4783 541 4838 f0f¹²0
562 4785 638 4854 φῦῦθ·
1102 4787 1207 4846 f01.95
1233 4786 1331 4842 adhuc
1356 4787 1504 4842 intactum
1527 4801 1649 4856 prorsus
1668 4788 1750 4839 erat:
1771 4794 1841 4836 nunc

338 4873 361 4945 ²)
374 4872 442 4926 Jem
454 4871 649 4943 intercipitur,
663 4879 693 4928 et
706 4873 824 4945 quidem
841 4876 969 4948 septime
981 4876 1047 4936 vice
1103 4895 1173 4934 vero
1194 4877 1292 4932 omnia
1303 4875 1419 4932 incluse
1433 4875 1534 4931 oculos
1547 4872 1670 4945 fugiunt
1684 4877 1716 4928 et
1735 4866 1840 4926 Alletic

302 4962 333 5018 in
353 4962 457 5018 eodem
475 4963 538 5018 cod.
553 4962 708 5034 dissoluto,
729 4966 821 5022 series
836 4967 1048 5037 commentarii,
1104 4967 1256 5024 debentur.
1275 4997 1311 5008 -
1329 4967 1356 5020 A
1374 4963 1462 5037 incip.
1482 4969 1525 5024 τῆς
1545 4966 1699 5033 πιμπτάδος.

302 5071 358 5108 nec
375 5051 433 5107 nisi
452 5052 482 5107 in
500 5052 551 5109 fol.
563 5055 598 5110 95
613 5057 767 5126 retexitur,
782 5058 859 5129 quod
874 5076 928 5114 nos
948 5058 1049 5113 docuit
1138 5057 1161 5128 ³)
1181 5059 1215 5111 Α.
1230 5074 1285 5112 om.
1299 5073 1337 5110 ex
1350 5053 1498 5109 similibus
1513 5057 1578 5106 ἀλλὰ
1592 5068 1687 5122 usque
1701 5049 1740 5105 ed
1759 5053 1839 5102 itte:-
1879 5085 1888 5102 .

302 5145 365 5197 tum
389 5157 532 5199 numerus
556 5145 605 5196 AZ'
626 5163 715 5217 quem
740 5146 833 5202 codex
858 5147 1047 5218 Barberinus,
1103 5147 1172 5204 Ood.
1192 5146 1320 5219 primum
1334 5150 1399 5198 ἀλλὰ
1413 5151 1464 5211 καὶ,
1479 5142 1585 5215 copula
1603 5141 1670 5198 fort
1691 5143 1839 5212 expunctc

301 5229 354 5286 ubi
372 5229 405 5286 in
423 5229 473 5287 iol.
486 5231 522 5285 23
534 5250 562 5288 v.
576 5231 679 5306 incipit
695 5235 792 5292 altere
810 5253 917 5292 munus
936 5235 1047 5305 Allatii,
1138 5237 1161 5308 ⁴)
1182 5238 1215 5289 A.
1236 5253 1292 5290 om.
1313 5237 1375 5286 ῶιν.
1394 5262 1429 5275 -
1448 5250 1476 5290 ν.
1495 5232 1531 5286 26
1550 5231 1584 5286 Α.
1605 5233 1725 5302 πιριῆγιν.

302 5318 354 5393 qui
364 5317 495 5378 codicem
508 5321 613 5379 hebuit
626 5330 657 5380 et
670 5329 734 5381 tuto
749 5322 915 5397 descripsit,
930 5324 1049 5396 quando
1139 5324 1161 5398 ἰ)
1181 5325 1215 5380 A.
1235 5322 1286 5380 fol.
1306 5323 1350 5378 24.
