<?xml version="1.0" encoding="UTF-8"?>
<!DOCTYPE html PUBLIC "-//W3C//DTD XHTML 1.0 Transitional//EN"
    "http://www.w3.org/TR/xhtml1/DTD/xhtml1-transitional.dtd">
<html xmlns="http://www.w3.org/1999/xhtml" xml:lang="en" lang="en">
 <head>
  <title>
</title>
<meta http-equiv="Content-Type" content="text/html;charset=utf-8" />
  <meta name='ocr-system' content='tesseract 3.04.00' />
  <meta name='ocr-capabilities' content='ocr_page ocr_carea ocr_par ocr_line ocrx_word'/>
</head>
<body>
  <div class='ocr_page' id='page_1' title='image "./analectasacrasp02pitrgoog_0511.png"; bbox 0 0 3940 6072; ppageno 0'>
   <div class='ocr_carea' id='block_1_1' title="bbox 725 823 1406 1128">
    <p class='ocr_par' dir='ltr' id='par_1_1' title="bbox 725 823 1406 1128">
     <span class='ocr_line' id='line_1_1' title="bbox 725 823 1406 936; baseline 0.007 -6"><span class='ocrx_word' id='word_1_1' title='bbox 725 823 1406 936; x_wconf 77' lang='lat' dir='ltr'><strong>VARIETATES</strong></span> 
     </span>
     <span class='ocr_line' id='line_1_2' title="bbox 826 1049 1301 1128; baseline 0.002 -2"><span class='ocrx_word' id='word_1_2' title='bbox 826 1049 1014 1126; x_wconf 87' lang='lat' dir='ltr'>conrors</span> <span class='ocrx_word' id='word_1_3' title='bbox 1050 1052 1301 1128; x_wconf 76' lang='lat' dir='ltr'>varicem.</span> 
     </span>
    </p>
   </div>
   <div class='ocr_carea' id='block_1_2' title="bbox 958 1261 1172 1280">
    <p class='ocr_par' dir='ltr' id='par_1_2' title="bbox 958 1261 1172 1280">
     <span class='ocr_line' id='line_1_3' title="bbox 958 1261 1172 1280; baseline 0.009 -6"><span class='ocrx_word' id='word_1_4' title='bbox 958 1261 1172 1280; x_wconf 68' lang='lat'>-—----—-</span> 
     </span>
    </p>
   </div>
   <div class='ocr_carea' id='block_1_3' title="bbox 241 1477 1833 2326">
    <p class='ocr_par' dir='ltr' id='par_1_3' title="bbox 291 1477 1833 2108">
     <span class='ocr_line' id='line_1_4' title="bbox 340 1477 1832 1559; baseline 0.007 -16"><span class='ocrx_word' id='word_1_5' title='bbox 340 1477 500 1544; x_wconf 85' lang='lat' dir='ltr'>“Habent</span> <span class='ocrx_word' id='word_1_6' title='bbox 524 1501 581 1544; x_wconf 86' lang='lat' dir='ltr'>sua</span> <span class='ocrx_word' id='word_1_7' title='bbox 603 1477 672 1543; x_wconf 86' lang='lat' dir='ltr'>fata</span> <span class='ocrx_word' id='word_1_8' title='bbox 694 1477 797 1543; x_wconf 87' lang='lat' dir='ltr'>libelli</span> <span class='ocrx_word' id='word_1_9' title='bbox 816 1529 841 1559; x_wconf 89' lang='lat'>,.</span> <span class='ocrx_word' id='word_1_10' title='bbox 867 1478 947 1545; x_wconf 82' lang='lat' dir='ltr'>Eece</span> <span class='ocrx_word' id='word_1_11' title='bbox 964 1479 1055 1545; x_wconf 91' lang='lat' dir='ltr'>nobis</span> <span class='ocrx_word' id='word_1_12' title='bbox 1072 1479 1160 1546; x_wconf 88' lang='lat' dir='ltr'>adest</span> <span class='ocrx_word' id='word_1_13' title='bbox 1184 1481 1280 1548; x_wconf 85' lang='lat' dir='ltr'><strong>codex</strong></span> <span class='ocrx_word' id='word_1_14' title='bbox 1304 1505 1323 1548; x_wconf 88' lang='lat' dir='ltr'>a</span> <span class='ocrx_word' id='word_1_15' title='bbox 1345 1484 1471 1550; x_wconf 90' lang='lat' dir='ltr'>nemine</span> <span class='ocrx_word' id='word_1_16' title='bbox 1491 1485 1526 1550; x_wconf 68' lang='lat' dir='ltr'>&#39;in</span> <span class='ocrx_word' id='word_1_17' title='bbox 1550 1486 1610 1554; x_wconf 92' lang='lat' dir='ltr'>hoc</span> <span class='ocrx_word' id='word_1_18' title='bbox 1626 1487 1754 1554; x_wconf 84' lang='lat' dir='ltr'>saeculo</span> <span class='ocrx_word' id='word_1_19' title='bbox 1769 1511 1832 1554; x_wconf 85' lang='lat' dir='ltr'>rer-</span> 
     </span>
     <span class='ocr_line' id='line_1_5' title="bbox 292 1587 1832 1681; baseline 0.006 -30"><span class='ocrx_word' id='word_1_20' title='bbox 292 1591 392 1666; x_wconf 68' lang='lat' dir='ltr'>satua</span> <span class='ocrx_word' id='word_1_21' title='bbox 417 1591 544 1671; x_wconf 91' lang='lat' dir='ltr'>praeter</span> <span class='ocrx_word' id='word_1_22' title='bbox 568 1587 728 1674; x_wconf 84' lang='lat' dir='ltr'>Angelum</span> <span class='ocrx_word' id='word_1_23' title='bbox 746 1588 877 1666; x_wconf 86' lang='lat' dir='ltr'>Maium,</span> <span class='ocrx_word' id='word_1_24' title='bbox 895 1611 914 1654; x_wconf 89' lang='lat' dir='ltr'>a</span> <span class='ocrx_word' id='word_1_25' title='bbox 931 1588 1055 1654; x_wconf 89' lang='lat' dir='ltr'>nemine</span> <span class='ocrx_word' id='word_1_26' title='bbox 1071 1589 1183 1672; x_wconf 88' lang='lat' dir='ltr'>lectus,</span> <span class='ocrx_word' id='word_1_27' title='bbox 1208 1591 1361 1676; x_wconf 80' lang='lat' dir='ltr'>(exceptis</span> <span class='ocrx_word' id='word_1_28' title='bbox 1385 1593 1554 1677; x_wconf 83' lang='lat' dir='ltr'>perpaucis</span> <span class='ocrx_word' id='word_1_29' title='bbox 1577 1596 1706 1681; x_wconf 84' lang='lat' dir='ltr'>paginis</span> <span class='ocrx_word' id='word_1_30' title='bbox 1728 1595 1832 1662; x_wconf 87' lang='lat' dir='ltr'>laceris</span> 
     </span>
     <span class='ocr_line' id='line_1_6' title="bbox 293 1695 1833 1786; baseline 0.006 -26"><span class='ocrx_word' id='word_1_31' title='bbox 293 1701 326 1760; x_wconf 88' lang='lat' dir='ltr'>et</span> <span class='ocrx_word' id='word_1_32' title='bbox 349 1698 529 1778; x_wconf 89' lang='lat' dir='ltr'>truncatis),</span> <span class='ocrx_word' id='word_1_33' title='bbox 546 1697 625 1762; x_wconf 88' lang='lat' dir='ltr'>adeo</span> <span class='ocrx_word' id='word_1_34' title='bbox 643 1697 845 1763; x_wconf 90' lang='lat' dir='ltr'>absconditus</span> <span class='ocrx_word' id='word_1_35' title='bbox 863 1703 898 1763; x_wconf 89' lang='lat' dir='ltr'>ut</span> <span class='ocrx_word' id='word_1_36' title='bbox 917 1698 967 1761; x_wconf 85' lang='lat' dir='ltr'>vir</span> <span class='ocrx_word' id='word_1_37' title='bbox 990 1695 1094 1763; x_wconf 88' lang='lat' dir='ltr'>adhuc</span> <span class='ocrx_word' id='word_1_38' title='bbox 1117 1719 1282 1782; x_wconf 85' lang='lat' dir='ltr'>superesse</span> <span class='ocrx_word' id='word_1_39' title='bbox 1299 1705 1477 1784; x_wconf 88' lang='lat' dir='ltr'>putaretur,</span> <span class='ocrx_word' id='word_1_40' title='bbox 1494 1724 1592 1786; x_wconf 90' lang='lat' dir='ltr'>quum</span> <span class='ocrx_word' id='word_1_41' title='bbox 1609 1703 1706 1769; x_wconf 90' lang='lat' dir='ltr'>multi</span> <span class='ocrx_word' id='word_1_42' title='bbox 1723 1704 1833 1770; x_wconf 85' lang='lat' dir='ltr'>multas</span> 
     </span>
     <span class='ocr_line' id='line_1_7' title="bbox 291 1793 1832 1896; baseline 0.005 -28"><span class='ocrx_word' id='word_1_43' title='bbox 291 1805 456 1889; x_wconf 80' lang='lat' dir='ltr'>indagines</span> <span class='ocrx_word' id='word_1_44' title='bbox 480 1806 519 1871; x_wconf 88' lang='lat' dir='ltr'>ad</span> <span class='ocrx_word' id='word_1_45' title='bbox 542 1806 753 1891; x_wconf 84' lang='lat' dir='ltr'>detegendum</span> <span class='ocrx_word' id='word_1_46' title='bbox 776 1806 869 1871; x_wconf 90' lang='lat' dir='ltr'>illurn</span> <span class='ocrx_word' id='word_1_47' title='bbox 892 1806 1013 1870; x_wconf 88' lang='lat' dir='ltr'>frustra</span> <span class='ocrx_word' id='word_1_48' title='bbox 1037 1806 1247 1873; x_wconf 73' lang='lat' dir='ltr'>tentaverint:</span> <span class='ocrx_word' id='word_1_49' title='bbox 1272 1809 1328 1891; x_wconf 93' lang='lat' dir='ltr'>qui</span> <span class='ocrx_word' id='word_1_50' title='bbox 1352 1813 1458 1874; x_wconf 90' lang='lat' dir='ltr'>tamen</span> <span class='ocrx_word' id='word_1_51' title='bbox 1479 1811 1547 1894; x_wconf 88' lang='lat' dir='ltr'>jam</span> <span class='ocrx_word' id='word_1_52' title='bbox 1571 1793 1724 1896; x_wconf 87' lang='lat' dir='ltr'>oppletur</span> <span class='ocrx_word' id='word_1_53' title='bbox 1746 1813 1832 1876; x_wconf 92' lang='lat' dir='ltr'>innu-</span> 
     </span>
     <span class='ocr_line' id='line_1_8' title="bbox 292 1914 1832 2006; baseline 0.006 -28"><span class='ocrx_word' id='word_1_54' title='bbox 292 1915 388 1980; x_wconf 89' lang='lat' dir='ltr'>meris</span> <span class='ocrx_word' id='word_1_55' title='bbox 411 1914 573 1980; x_wconf 91' lang='lat' dir='ltr'>variorum</span> <span class='ocrx_word' id='word_1_56' title='bbox 603 1914 823 1996; x_wconf 87' lang='lat' dir='ltr'>varietatibus,</span> <span class='ocrx_word' id='word_1_57' title='bbox 847 1915 948 1998; x_wconf 89' lang='lat' dir='ltr'>iisque</span> <span class='ocrx_word' id='word_1_58' title='bbox 971 1914 1178 1998; x_wconf 83' lang='lat' dir='ltr'>gravissimis,</span> <span class='ocrx_word' id='word_1_59' title='bbox 1202 1917 1377 2001; x_wconf 82' lang='lat' dir='ltr'>exquibus</span> <span class='ocrx_word' id='word_1_60' title='bbox 1401 1918 1545 2003; x_wconf 89' lang='lat' dir='ltr'>profecto</span> <span class='ocrx_word' id='word_1_61' title='bbox 1569 1921 1687 2005; x_wconf 91' lang='lat' dir='ltr'>pendet</span> <span class='ocrx_word' id='word_1_62' title='bbox 1720 1921 1832 2006; x_wconf 87' lang='lat' dir='ltr'>qualis·</span> 
     </span>
     <span class='ocr_line' id='line_1_9' title="bbox 294 2023 845 2108; baseline 0.005 -21"><span class='ocrx_word' id='word_1_63' title='bbox 294 2043 429 2106; x_wconf 89' lang='lat' dir='ltr'>cumque</span> <span class='ocrx_word' id='word_1_64' title='bbox 453 2023 630 2108; x_wconf 86' lang='lat' dir='ltr'>scripturae</span> <span class='ocrx_word' id='word_1_65' title='bbox 654 2023 845 2090; x_wconf 89' lang='lat' dir='ltr'>intellectus.</span> 
     </span>
    </p>

    <p class='ocr_par' dir='ltr' id='par_1_4' title="bbox 241 2127 1832 2326">
     <span class='ocr_line' id='line_1_10' title="bbox 241 2127 1832 2218; baseline 0.005 -24"><span class='ocrx_word' id='word_1_66' title='bbox 241 2211 243 2214; x_wconf 16' lang='grc' dir='ltr'>Ι</span> <span class='ocrx_word' id='word_1_67' title='bbox 337 2129 507 2213; x_wconf 91' lang='lat' dir='ltr'>Holstenii,</span> <span class='ocrx_word' id='word_1_68' title='bbox 524 2127 647 2213; x_wconf 79' lang='lat' dir='ltr'>Allatii,</span> <span class='ocrx_word' id='word_1_69' title='bbox 664 2132 751 2214; x_wconf 86' lang='lat' dir='ltr'>Maii,</span> <span class='ocrx_word' id='word_1_70' title='bbox 768 2134 865 2198; x_wconf 90' lang='lat' dir='ltr'>trium</span> <span class='ocrx_word' id='word_1_71' title='bbox 884 2133 1022 2197; x_wconf 86' lang='lat' dir='ltr'>virorum</span> <span class='ocrx_word' id='word_1_72' title='bbox 1040 2131 1135 2212; x_wconf 83' lang='lat' dir='ltr'>ferna,</span> <span class='ocrx_word' id='word_1_73' title='bbox 1152 2133 1305 2214; x_wconf 86' lang='lat' dir='ltr'>doctrina,</span> <span class='ocrx_word' id='word_1_74' title='bbox 1322 2133 1489 2218; x_wconf 88' lang='lat' dir='ltr'>diligentia</span> <span class='ocrx_word' id='word_1_75' title='bbox 1512 2136 1756 2218; x_wconf 87' lang='lat' dir='ltr'>praestantium,</span> <span class='ocrx_word' id='word_1_76' title='bbox 1773 2137 1832 2202; x_wconf 90' lang='lat' dir='ltr'>lec·</span> 
     </span>
     <span class='ocr_line' id='line_1_11' title="bbox 291 2237 1831 2326; baseline 0.003 -25"><span class='ocrx_word' id='word_1_77' title='bbox 291 2237 394 2303; x_wconf 87' lang='lat' dir='ltr'>tiones</span> <span class='ocrx_word' id='word_1_78' title='bbox 417 2261 515 2323; x_wconf 86' lang='lat' dir='ltr'>snpra</span> <span class='ocrx_word' id='word_1_79' title='bbox 530 2240 595 2325; x_wconf 86' lang='lat' dir='ltr'>jam</span> <span class='ocrx_word' id='word_1_80' title='bbox 613 2242 690 2306; x_wconf 87' lang='lat' dir='ltr'>satis</span> <span class='ocrx_word' id='word_1_81' title='bbox 706 2263 863 2326; x_wconf 89' lang='lat' dir='ltr'>superque</span> <span class='ocrx_word' id='word_1_82' title='bbox 879 2241 1032 2320; x_wconf 76' lang='lat' dir='ltr'>dedimus,</span> <span class='ocrx_word' id='word_1_83' title='bbox 1050 2239 1089 2304; x_wconf 88' lang='lat' dir='ltr'>ad</span> <span class='ocrx_word' id='word_1_84' title='bbox 1106 2263 1184 2324; x_wconf 91' lang='lat' dir='ltr'>quas</span> <span class='ocrx_word' id='word_1_85' title='bbox 1201 2241 1316 2305; x_wconf 86' lang='lat' dir='ltr'>iterum</span> <span class='ocrx_word' id='word_1_86' title='bbox 1335 2240 1514 2325; x_wconf 85' lang='lat' dir='ltr'>iterumque</span> <span class='ocrx_word' id='word_1_87' title='bbox 1538 2244 1656 2308; x_wconf 88' lang='lat' dir='ltr'>reverti</span> <span class='ocrx_word' id='word_1_88' title='bbox 1680 2243 1831 2308; x_wconf 87' lang='lat' dir='ltr'>nolumus.</span> 
     </span>
    </p>
   </div>
   <div class='ocr_carea' id='block_1_4' title="bbox 337 2346 1929 2434">
    <p class='ocr_par' dir='ltr' id='par_1_5' title="bbox 337 2346 1929 2434">
     <span class='ocr_line' id='line_1_12' title="bbox 337 2346 1929 2434; baseline 0 -20"><span class='ocrx_word' id='word_1_89' title='bbox 337 2346 399 2414; x_wconf 88' lang='lat' dir='ltr'>Sed</span> <span class='ocrx_word' id='word_1_90' title='bbox 422 2347 545 2430; x_wconf 82' lang='lat' dir='ltr'>ProclO,</span> <span class='ocrx_word' id='word_1_91' title='bbox 570 2351 660 2434; x_wconf 85' lang='lat' dir='ltr'>cujus</span> <span class='ocrx_word' id='word_1_92' title='bbox 683 2351 822 2416; x_wconf 84' lang='lat' dir='ltr'>codicem</span> <span class='ocrx_word' id='word_1_93' title='bbox 847 2349 980 2416; x_wconf 87' lang='lat' dir='ltr'>anobis</span> <span class='ocrx_word' id='word_1_94' title='bbox 1004 2350 1139 2434; x_wconf 89' lang='lat' dir='ltr'>denique</span> <span class='ocrx_word' id='word_1_95' title='bbox 1163 2350 1321 2414; x_wconf 90' lang='lat' dir='ltr'>detectum</span> <span class='ocrx_word' id='word_1_96' title='bbox 1339 2372 1396 2434; x_wconf 89' lang='lat' dir='ltr'>per</span> <span class='ocrx_word' id='word_1_97' title='bbox 1412 2355 1516 2415; x_wconf 90' lang='lat' dir='ltr'>totum</span> <span class='ocrx_word' id='word_1_98' title='bbox 1539 2349 1677 2415; x_wconf 91' lang='lat' dir='ltr'>lustrum</span> <span class='ocrx_word' id='word_1_99' title='bbox 1702 2352 1832 2416; x_wconf 86' lang='lat' dir='ltr'>versavi·</span> <span class='ocrx_word' id='word_1_100' title='bbox 1928 2379 1929 2382; x_wconf 41' lang='lat'>¹</span> 
     </span>
    </p>
   </div>
   <div class='ocr_carea' id='block_1_5' title="bbox 294 2457 1831 2759">
    <p class='ocr_par' dir='ltr' id='par_1_6' title="bbox 294 2457 1831 2759">
     <span class='ocr_line' id='line_1_13' title="bbox 294 2457 1831 2544; baseline 0.002 -25"><span class='ocrx_word' id='word_1_101' title='bbox 294 2477 375 2536; x_wconf 89' lang='lat' dir='ltr'>rnus,</span> <span class='ocrx_word' id='word_1_102' title='bbox 400 2479 497 2540; x_wconf 92' lang='lat' dir='ltr'>quum</span> <span class='ocrx_word' id='word_1_103' title='bbox 523 2457 697 2523; x_wconf 74' lang='lat' dir='ltr'>valedicere</span> <span class='ocrx_word' id='word_1_104' title='bbox 721 2460 845 2524; x_wconf 86' lang='lat' dir='ltr'>animus</span> <span class='ocrx_word' id='word_1_105' title='bbox 868 2463 960 2539; x_wconf 91' lang='lat' dir='ltr'>esset,</span> <span class='ocrx_word' id='word_1_106' title='bbox 985 2457 1069 2523; x_wconf 83' lang='lat' dir='ltr'>iores</span> <span class='ocrx_word' id='word_1_107' title='bbox 1093 2458 1232 2542; x_wconf 88' lang='lat' dir='ltr'>pulsavit</span> <span class='ocrx_word' id='word_1_108' title='bbox 1255 2458 1493 2541; x_wconf 83' lang='lat' dir='ltr'>inexpectatum</span> <span class='ocrx_word' id='word_1_109' title='bbox 1511 2481 1590 2543; x_wconf 88' lang='lat' dir='ltr'>opus</span> <span class='ocrx_word' id='word_1_110' title='bbox 1610 2459 1831 2544; x_wconf 88' lang='lat' dir='ltr'>germanicum,</span> 
     </span>
     <span class='ocr_line' id='line_1_14' title="bbox 295 2563 1830 2647; baseline 0.002 -21"><span class='ocrx_word' id='word_1_111' title='bbox 295 2563 346 2627; x_wconf 92' lang='lat' dir='ltr'>cui</span> <span class='ocrx_word' id='word_1_112' title='bbox 369 2564 559 2629; x_wconf 85' lang='lat' dir='ltr'>insudarunt</span> <span class='ocrx_word' id='word_1_113' title='bbox 582 2570 647 2630; x_wconf 89' lang='lat' dir='ltr'>tres</span> <span class='ocrx_word' id='word_1_114' title='bbox 670 2566 725 2630; x_wconf 94' lang='lat' dir='ltr'>alii</span> <span class='ocrx_word' id='word_1_115' title='bbox 750 2567 809 2631; x_wconf 90' lang='lat' dir='ltr'>viri</span> <span class='ocrx_word' id='word_1_116' title='bbox 829 2567 1011 2646; x_wconf 88' lang='lat' dir='ltr'>doctissimi,</span> <span class='ocrx_word' id='word_1_117' title='bbox 1029 2565 1167 2647; x_wconf 84' lang='lat' dir='ltr'>Schoell,</span> <span class='ocrx_word' id='word_1_118' title='bbox 1187 2565 1318 2646; x_wconf 78' lang='lat' dir='ltr'>Usener,</span> <span class='ocrx_word' id='word_1_119' title='bbox 1335 2565 1484 2646; x_wconf 89' lang='lat' dir='ltr'>Hultsch,</span> <span class='ocrx_word' id='word_1_120' title='bbox 1502 2589 1540 2631; x_wconf 93' lang='lat' dir='ltr'>ne</span> <span class='ocrx_word' id='word_1_121' title='bbox 1557 2567 1636 2632; x_wconf 88' lang='lat' dir='ltr'>alios</span> <span class='ocrx_word' id='word_1_122' title='bbox 1654 2589 1830 2632; x_wconf 87' lang='lat' dir='ltr'>memorem.</span> 
     </span>
     <span class='ocr_line' id='line_1_15' title="bbox 295 2669 1831 2759; baseline 0.001 -24"><span class='ocrx_word' id='word_1_123' title='bbox 295 2671 417 2747; x_wconf 75' lang='lat' dir='ltr'>Quibus</span> <span class='ocrx_word' id='word_1_124' title='bbox 438 2669 539 2737; x_wconf 86' lang='lat' dir='ltr'>¹unurn</span> <span class='ocrx_word' id='word_1_125' title='bbox 564 2673 668 2738; x_wconf 85' lang='lat' dir='ltr'>illuxit</span> <span class='ocrx_word' id='word_1_126' title='bbox 692 2674 853 2739; x_wconf 90' lang='lat' dir='ltr'>Holstenii</span> <span class='ocrx_word' id='word_1_127' title='bbox 877 2675 1109 2759; x_wconf 81' lang='lat' dir='ltr'>apographum,</span> <span class='ocrx_word' id='word_1_128' title='bbox 1134 2697 1153 2738; x_wconf 89' lang='lat' dir='ltr'>a</span> <span class='ocrx_word' id='word_1_129' title='bbox 1176 2673 1317 2758; x_wconf 90' lang='lat' dir='ltr'>quinque</span> <span class='ocrx_word' id='word_1_130' title='bbox 1341 2680 1373 2737; x_wconf 84' lang='lat' dir='ltr'>et</span> <span class='ocrx_word' id='word_1_131' title='bbox 1396 2673 1503 2739; x_wconf 88' lang='lat' dir='ltr'>decern</span> <span class='ocrx_word' id='word_1_132' title='bbox 1527 2675 1617 2739; x_wconf 89' lang='lat' dir='ltr'>annis</span> <span class='ocrx_word' id='word_1_133' title='bbox 1645 2675 1831 2759; x_wconf 86' lang='lat' dir='ltr'>descriptum</span> 
     </span>
    </p>
   </div>
   <div class='ocr_carea' id='block_1_6' title="bbox 292 2778 1929 2976">
    <p class='ocr_par' dir='ltr' id='par_1_7' title="bbox 292 2778 1929 2976">
     <span class='ocr_line' id='line_1_16' title="bbox 292 2778 1929 2868; baseline 0.002 -26"><span class='ocrx_word' id='word_1_134' title='bbox 292 2778 378 2843; x_wconf 91' lang='lat' dir='ltr'>inter</span> <span class='ocrx_word' id='word_1_135' title='bbox 402 2781 560 2848; x_wconf 90' lang='lat' dir='ltr'>tumultus</span> <span class='ocrx_word' id='word_1_136' title='bbox 584 2783 699 2867; x_wconf 91' lang='lat' dir='ltr'>quibus</span> <span class='ocrx_word' id='word_1_137' title='bbox 715 2807 744 2848; x_wconf 87' lang='lat' dir='ltr'>a.</span> <span class='ocrx_word' id='word_1_138' title='bbox 764 2785 860 2863; x_wconf 77' lang='lat'>1870,</span> <span class='ocrx_word' id='word_1_139' title='bbox 877 2783 1012 2848; x_wconf 86' lang='lat' dir='ltr'>Romam</span> <span class='ocrx_word' id='word_1_140' title='bbox 1028 2787 1061 2848; x_wconf 92' lang='lat' dir='ltr'>et</span> <span class='ocrx_word' id='word_1_141' title='bbox 1084 2783 1246 2868; x_wconf 89' lang='lat' dir='ltr'>Europam</span> <span class='ocrx_word' id='word_1_142' title='bbox 1269 2781 1425 2846; x_wconf 76' lang='lat' dir='ltr'>funestari</span> <span class='ocrx_word' id='word_1_143' title='bbox 1445 2787 1644 2866; x_wconf 90' lang='lat' dir='ltr'>compertum</span> <span class='ocrx_word' id='word_1_144' title='bbox 1665 2787 1725 2848; x_wconf 87' lang='lat' dir='ltr'>est.</span> <span class='ocrx_word' id='word_1_145' title='bbox 1749 2782 1829 2858; x_wconf 85' lang='lat' dir='ltr'>Quod</span> <span class='ocrx_word' id='word_1_146' title='bbox 1928 2827 1929 2830; x_wconf 63' lang='lat'>,</span> 
     </span>
     <span class='ocr_line' id='line_1_17' title="bbox 294 2887 1929 2976; baseline 0.001 -26"><span class='ocrx_word' id='word_1_147' title='bbox 294 2909 368 2951; x_wconf 91' lang='lat' dir='ltr'>sane</span> <span class='ocrx_word' id='word_1_148' title='bbox 384 2910 447 2952; x_wconf 93' lang='lat' dir='ltr'>non</span> <span class='ocrx_word' id='word_1_149' title='bbox 464 2895 532 2955; x_wconf 87' lang='lat' dir='ltr'>erat</span> <span class='ocrx_word' id='word_1_150' title='bbox 548 2890 716 2976; x_wconf 86' lang='lat' dir='ltr'>indignum</span> <span class='ocrx_word' id='word_1_151' title='bbox 739 2892 809 2957; x_wconf 91' lang='lat' dir='ltr'>luce</span> <span class='ocrx_word' id='word_1_152' title='bbox 832 2891 961 2976; x_wconf 88' lang='lat' dir='ltr'>publica</span> <span class='ocrx_word' id='word_1_153' title='bbox 985 2898 1017 2956; x_wconf 92' lang='lat' dir='ltr'>et</span> <span class='ocrx_word' id='word_1_154' title='bbox 1041 2893 1238 2956; x_wconf 90' lang='lat' dir='ltr'>eruditorum</span> <span class='ocrx_word' id='word_1_155' title='bbox 1261 2889 1366 2955; x_wconf 92' lang='lat' dir='ltr'>studio</span> <span class='ocrx_word' id='word_1_156' title='bbox 1383 2912 1419 2956; x_wconf 91' lang='lat' dir='ltr'>ac</span> <span class='ocrx_word' id='word_1_157' title='bbox 1436 2888 1612 2974; x_wconf 88' lang='lat' dir='ltr'>diligentia,</span> <span class='ocrx_word' id='word_1_158' title='bbox 1636 2890 1830 2974; x_wconf 85' lang='lat' dir='ltr'>quantumvis</span> <span class='ocrx_word' id='word_1_159' title='bbox 1928 2887 1929 2906; x_wconf 59' lang='lat'>³</span> 
     </span>
    </p>
   </div>
   <div class='ocr_carea' id='block_1_7' title="bbox 294 2993 1830 3083">
    <p class='ocr_par' dir='ltr' id='par_1_8' title="bbox 294 2993 1830 3083">
     <span class='ocr_line' id='line_1_18' title="bbox 294 2993 1830 3083; baseline 0.003 -27"><span class='ocrx_word' id='word_1_160' title='bbox 294 3015 352 3060; x_wconf 89' lang='lat' dir='ltr'>nce</span> <span class='ocrx_word' id='word_1_161' title='bbox 374 2993 497 3061; x_wconf 88' lang='lat' dir='ltr'>lacunis</span> <span class='ocrx_word' id='word_1_162' title='bbox 521 2997 618 3081; x_wconf 89' lang='lat' dir='ltr'>(haud</span> <span class='ocrx_word' id='word_1_163' title='bbox 642 2999 827 3083; x_wconf 89' lang='lat' dir='ltr'>pauciorum</span> <span class='ocrx_word' id='word_1_164' title='bbox 851 3021 946 3083; x_wconf 83' lang='lat' dir='ltr'>quarn</span> <span class='ocrx_word' id='word_1_165' title='bbox 963 3000 1172 3064; x_wconf 88' lang='lat' dir='ltr'>ducentarum</span> <span class='ocrx_word' id='word_1_166' title='bbox 1195 2998 1310 3063; x_wconf 89' lang='lat' dir='ltr'>codicis</span> <span class='ocrx_word' id='word_1_167' title='bbox 1333 2997 1524 3082; x_wconf 89' lang='lat' dir='ltr'>paginarum</span> <span class='ocrx_word' id='word_1_168' title='bbox 1540 2997 1606 3063; x_wconf 88' lang='lat' dir='ltr'>fere</span> <span class='ocrx_word' id='word_1_169' title='bbox 1626 2997 1830 3081; x_wconf 82' lang='lat' dir='ltr'>integrarum)</span> 
     </span>
    </p>
   </div>
   <div class='ocr_carea' id='block_1_8' title="bbox 184 3104 1830 3192">
    <p class='ocr_par' dir='ltr' id='par_1_9' title="bbox 184 3104 1830 3192">
     <span class='ocr_line' id='line_1_19' title="bbox 184 3104 1830 3192; baseline 0.002 -28"><span class='ocrx_word' id='word_1_170' title='bbox 184 3181 188 3188; x_wconf 26' lang='grc' dir='ltr'>ι</span> <span class='ocrx_word' id='word_1_171' title='bbox 294 3122 353 3166; x_wconf 89' lang='lat' dir='ltr'>nec</span> <span class='ocrx_word' id='word_1_172' title='bbox 369 3104 489 3170; x_wconf 89' lang='lat' dir='ltr'>mendis</span> <span class='ocrx_word' id='word_1_173' title='bbox 506 3106 705 3187; x_wconf 89' lang='lat' dir='ltr'>destitutum,</span> <span class='ocrx_word' id='word_1_174' title='bbox 729 3129 809 3192; x_wconf 89' lang='lat' dir='ltr'>quae</span> <span class='ocrx_word' id='word_1_175' title='bbox 834 3108 970 3173; x_wconf 82' lang='lat' dir='ltr'>fortasse</span> <span class='ocrx_word' id='word_1_176' title='bbox 994 3107 1084 3172; x_wconf 86' lang='lat' dir='ltr'>auxit</span> <span class='ocrx_word' id='word_1_177' title='bbox 1107 3126 1322 3190; x_wconf 87' lang='lat' dir='ltr'>praepropera</span> <span class='ocrx_word' id='word_1_178' title='bbox 1344 3105 1632 3190; x_wconf 79' lang='lat' dir='ltr'>intempestivoque</span> <span class='ocrx_word' id='word_1_179' title='bbox 1656 3105 1830 3190; x_wconf 88' lang='lat' dir='ltr'>descriptio,</span> 
     </span>
    </p>
   </div>
   <div class='ocr_carea' id='block_1_9' title="bbox 294 3209 1929 4922">
    <p class='ocr_par' dir='ltr' id='par_1_10' title="bbox 295 3209 1390 3302">
     <span class='ocr_line' id='line_1_20' title="bbox 295 3209 1390 3302; baseline 0.004 -28"><span class='ocrx_word' id='word_1_180' title='bbox 295 3213 328 3274; x_wconf 87' lang='lat' dir='ltr'>et</span> <span class='ocrx_word' id='word_1_181' title='bbox 352 3209 500 3277; x_wconf 89' lang='lat' dir='ltr'>brevibus</span> <span class='ocrx_word' id='word_1_182' title='bbox 516 3212 601 3280; x_wconf 89' lang='lat' dir='ltr'>horis</span> <span class='ocrx_word' id='word_1_183' title='bbox 626 3216 801 3302; x_wconf 90' lang='lat' dir='ltr'>diebusque</span> <span class='ocrx_word' id='word_1_184' title='bbox 825 3215 906 3280; x_wconf 90' lang='lat' dir='ltr'>raris</span> <span class='ocrx_word' id='word_1_185' title='bbox 930 3215 1040 3281; x_wconf 91' lang='lat' dir='ltr'>utendi</span> <span class='ocrx_word' id='word_1_186' title='bbox 1063 3215 1143 3280; x_wconf 85' lang='lat' dir='ltr'>dura</span> <span class='ocrx_word' id='word_1_187' title='bbox 1165 3212 1335 3278; x_wconf 79' lang='lat' dir='ltr'>necessitas</span> <span class='ocrx_word' id='word_1_188' title='bbox 1354 3209 1390 3297; x_wconf 88' lang='lat'>¹).</span> 
     </span>
    </p>

    <p class='ocr_par' dir='ltr' id='par_1_11' title="bbox 294 3315 1929 4379">
     <span class='ocr_line' id='line_1_21' title="bbox 339 3315 1828 3406; baseline 0.001 -27"><span class='ocrx_word' id='word_1_189' title='bbox 339 3315 499 3400; x_wconf 87' lang='lat' dir='ltr'>Quidquid</span> <span class='ocrx_word' id='word_1_190' title='bbox 522 3341 597 3385; x_wconf 87' lang='lat' dir='ltr'>vero</span> <span class='ocrx_word' id='word_1_191' title='bbox 621 3343 735 3406; x_wconf 89' lang='lat' dir='ltr'>operae</span> <span class='ocrx_word' id='word_1_192' title='bbox 758 3323 832 3389; x_wconf 91' lang='lat' dir='ltr'>novi</span> <span class='ocrx_word' id='word_1_193' title='bbox 860 3344 1004 3388; x_wconf 86' lang='lat' dir='ltr'>censores</span> <span class='ocrx_word' id='word_1_194' title='bbox 1035 3324 1241 3400; x_wconf 88' lang='lat' dir='ltr'>navaverunt,</span> <span class='ocrx_word' id='word_1_195' title='bbox 1269 3320 1423 3404; x_wconf 90' lang='lat' dir='ltr'>quidquid</span> <span class='ocrx_word' id='word_1_196' title='bbox 1451 3320 1589 3386; x_wconf 84' lang='lat' dir='ltr'>feliciter</span> <span class='ocrx_word' id='word_1_197' title='bbox 1617 3321 1828 3396; x_wconf 83' lang='lat' dir='ltr'>emendarunt,</span> 
     </span>
     <span class='ocr_line' id='line_1_22' title="bbox 294 3423 1827 3515; baseline 0.001 -29"><span class='ocrx_word' id='word_1_198' title='bbox 294 3423 449 3508; x_wconf 89' lang='lat' dir='ltr'>quidquid</span> <span class='ocrx_word' id='word_1_199' title='bbox 472 3430 527 3490; x_wconf 87' lang='lat' dir='ltr'>aut</span> <span class='ocrx_word' id='word_1_200' title='bbox 551 3432 642 3494; x_wconf 89' lang='lat' dir='ltr'>acute</span> <span class='ocrx_word' id='word_1_201' title='bbox 666 3434 722 3495; x_wconf 83' lang='lat' dir='ltr'>aut</span> <span class='ocrx_word' id='word_1_202' title='bbox 745 3431 895 3496; x_wconf 89' lang='lat' dir='ltr'>audacter</span> <span class='ocrx_word' id='word_1_203' title='bbox 918 3430 1160 3515; x_wconf 90' lang='lat' dir='ltr'>suppleverunt,</span> <span class='ocrx_word' id='word_1_204' title='bbox 1183 3429 1283 3493; x_wconf 86' lang='lat' dir='ltr'>nostri</span> <span class='ocrx_word' id='word_1_205' title='bbox 1308 3429 1464 3514; x_wconf 89' lang='lat' dir='ltr'>propositi</span> <span class='ocrx_word' id='word_1_206' title='bbox 1487 3452 1551 3494; x_wconf 91' lang='lat' dir='ltr'>non</span> <span class='ocrx_word' id='word_1_207' title='bbox 1575 3433 1624 3495; x_wconf 88' lang='lat' dir='ltr'>est</span> <span class='ocrx_word' id='word_1_208' title='bbox 1646 3431 1785 3496; x_wconf 88' lang='lat' dir='ltr'>cribrare</span> <span class='ocrx_word' id='word_1_209' title='bbox 1800 3431 1827 3490; x_wconf 88' lang='lat' dir='ltr'>et</span> 
     </span>
     <span class='ocr_line' id='line_1_23' title="bbox 294 3532 1828 3619; baseline 0 -23"><span class='ocrx_word' id='word_1_210' title='bbox 294 3532 473 3614; x_wconf 89' lang='lat' dir='ltr'>decernere,</span> <span class='ocrx_word' id='word_1_211' title='bbox 498 3557 600 3619; x_wconf 91' lang='lat' dir='ltr'>neque</span> <span class='ocrx_word' id='word_1_212' title='bbox 624 3537 655 3604; x_wconf 92' lang='lat' dir='ltr'>id</span> <span class='ocrx_word' id='word_1_213' title='bbox 678 3544 787 3604; x_wconf 89' lang='lat' dir='ltr'>nostra</span> <span class='ocrx_word' id='word_1_214' title='bbox 810 3539 960 3605; x_wconf 88' lang='lat' dir='ltr'>tulissent</span> <span class='ocrx_word' id='word_1_215' title='bbox 983 3539 1155 3604; x_wconf 85' lang='lat' dir='ltr'>Anecdota.</span> <span class='ocrx_word' id='word_1_216' title='bbox 1178 3535 1335 3602; x_wconf 89' lang='lat' dir='ltr'>Nostrum</span> <span class='ocrx_word' id='word_1_217' title='bbox 1360 3539 1467 3602; x_wconf 89' lang='lat' dir='ltr'>tamen</span> <span class='ocrx_word' id='word_1_218' title='bbox 1487 3541 1566 3617; x_wconf 88' lang='lat' dir='ltr'>esto,</span> <span class='ocrx_word' id='word_1_219' title='bbox 1583 3537 1664 3602; x_wconf 91' lang='lat' dir='ltr'>nihil</span> <span class='ocrx_word' id='word_1_220' title='bbox 1679 3537 1828 3610; x_wconf 89' lang='lat' dir='ltr'>omittere,</span> 
     </span>
     <span class='ocr_line' id='line_1_24' title="bbox 296 3643 1827 3732; baseline -0.001 -27"><span class='ocrx_word' id='word_1_221' title='bbox 296 3662 360 3723; x_wconf 92' lang='lat' dir='ltr'>quo</span> <span class='ocrx_word' id='word_1_222' title='bbox 383 3645 451 3706; x_wconf 87' lang='lat' dir='ltr'>tarn</span> <span class='ocrx_word' id='word_1_223' title='bbox 474 3643 584 3710; x_wconf 91' lang='lat' dir='ltr'>multis</span> <span class='ocrx_word' id='word_1_224' title='bbox 607 3645 745 3732; x_wconf 90' lang='lat' dir='ltr'>dirisque</span> <span class='ocrx_word' id='word_1_225' title='bbox 768 3648 874 3714; x_wconf 90' lang='lat' dir='ltr'>Procli</span> <span class='ocrx_word' id='word_1_226' title='bbox 902 3648 1087 3712; x_wconf 86' lang='lat' dir='ltr'>vulneribus</span> <span class='ocrx_word' id='word_1_227' title='bbox 1111 3647 1217 3730; x_wconf 85' lang='lat' dir='ltr'>aptior</span> <span class='ocrx_word' id='word_1_228' title='bbox 1241 3645 1364 3710; x_wconf 86' lang='lat' dir='ltr'>medela</span> <span class='ocrx_word' id='word_1_229' title='bbox 1387 3645 1447 3722; x_wconf 78' lang='lat' dir='ltr'>sit3</span> <span class='ocrx_word' id='word_1_230' title='bbox 1470 3643 1615 3728; x_wconf 90' lang='lat' dir='ltr'>iniquum</span> <span class='ocrx_word' id='word_1_231' title='bbox 1636 3644 1720 3708; x_wconf 90' lang='lat' dir='ltr'>enim</span> <span class='ocrx_word' id='word_1_232' title='bbox 1745 3644 1827 3716; x_wconf 89' lang='lat' dir='ltr'>esset,</span> 
     </span>
     <span class='ocr_line' id='line_1_25' title="bbox 294 3747 1827 3840; baseline -0.001 -28"><span class='ocrx_word' id='word_1_233' title='bbox 294 3747 409 3814; x_wconf 90' lang='lat' dir='ltr'>lectori</span> <span class='ocrx_word' id='word_1_234' title='bbox 424 3751 563 3817; x_wconf 90' lang='lat' dir='ltr'>invidere</span> <span class='ocrx_word' id='word_1_235' title='bbox 576 3755 660 3838; x_wconf 90' lang='lat' dir='ltr'>quod</span> <span class='ocrx_word' id='word_1_236' title='bbox 670 3755 723 3820; x_wconf 90' lang='lat' dir='ltr'>alii</span> <span class='ocrx_word' id='word_1_237' title='bbox 736 3760 914 3838; x_wconf 87' lang='lat' dir='ltr'>tentarunt,</span> <span class='ocrx_word' id='word_1_238' title='bbox 928 3761 964 3822; x_wconf 90' lang='lat' dir='ltr'>ut</span> <span class='ocrx_word' id='word_1_239' title='bbox 977 3779 1051 3840; x_wconf 90' lang='lat' dir='ltr'>pars</span> <span class='ocrx_word' id='word_1_240' title='bbox 1067 3755 1168 3840; x_wconf 90' lang='lat' dir='ltr'>major</span> <span class='ocrx_word' id='word_1_241' title='bbox 1184 3753 1289 3839; x_wconf 91' lang='lat' dir='ltr'>operis</span> <span class='ocrx_word' id='word_1_242' title='bbox 1306 3753 1407 3818; x_wconf 90' lang='lat' dir='ltr'>nostri</span> <span class='ocrx_word' id='word_1_243' title='bbox 1419 3753 1487 3837; x_wconf 89' lang='lat' dir='ltr'>jam</span> <span class='ocrx_word' id='word_1_244' title='bbox 1503 3751 1628 3835; x_wconf 91' lang='lat' dir='ltr'>plenius</span> <span class='ocrx_word' id='word_1_245' title='bbox 1643 3751 1827 3816; x_wconf 86' lang='lat' dir='ltr'>absolvatur.</span> 
     </span>
     <span class='ocr_line' id='line_1_26' title="bbox 295 3855 1929 3952; baseline -0.001 -32"><span class='ocrx_word' id='word_1_246' title='bbox 295 3855 357 3921; x_wconf 89' lang='lat' dir='ltr'>Fas</span> <span class='ocrx_word' id='word_1_247' title='bbox 370 3857 471 3942; x_wconf 88' lang='lat' dir='ltr'>igitur</span> <span class='ocrx_word' id='word_1_248' title='bbox 483 3860 534 3942; x_wconf 91' lang='lat' dir='ltr'>sit,</span> <span class='ocrx_word' id='word_1_249' title='bbox 547 3861 579 3926; x_wconf 93' lang='lat' dir='ltr'>in</span> <span class='ocrx_word' id='word_1_250' title='bbox 595 3865 678 3930; x_wconf 89' lang='lat' dir='ltr'>nudo</span> <span class='ocrx_word' id='word_1_251' title='bbox 691 3867 819 3949; x_wconf 91' lang='lat' dir='ltr'>speculo</span> <span class='ocrx_word' id='word_1_252' title='bbox 831 3867 985 3952; x_wconf 86' lang='lat' dir='ltr'>colligere</span> <span class='ocrx_word' id='word_1_253' title='bbox 998 3870 1030 3930; x_wconf 87' lang='lat' dir='ltr'>et</span> <span class='ocrx_word' id='word_1_254' title='bbox 1041 3865 1101 3930; x_wconf 90' lang='lat' dir='ltr'>sub</span> <span class='ocrx_word' id='word_1_255' title='bbox 1117 3863 1216 3928; x_wconf 87' lang='lat' dir='ltr'>oeulis</span> <span class='ocrx_word' id='word_1_256' title='bbox 1234 3884 1362 3946; x_wconf 93' lang='lat' dir='ltr'>ponere,</span> <span class='ocrx_word' id='word_1_257' title='bbox 1377 3865 1451 3945; x_wconf 84' lang='lat' dir='ltr'>post</span> <span class='ocrx_word' id='word_1_258' title='bbox 1467 3858 1602 3924; x_wconf 89' lang='lat' dir='ltr'>Romani</span> <span class='ocrx_word' id='word_1_259' title='bbox 1618 3859 1826 3923; x_wconf 85' lang='lat' dir='ltr'>triumviratus</span> <span class='ocrx_word' id='word_1_260' title='bbox 1928 3925 1929 3936; x_wconf 53' lang='lat'>,</span> 
     </span>
     <span class='ocr_line' id='line_1_27' title="bbox 295 3963 1827 4050; baseline -0.002 -21"><span class='ocrx_word' id='word_1_261' title='bbox 295 3963 412 4029; x_wconf 88' lang='lat' dir='ltr'>collata</span> <span class='ocrx_word' id='word_1_262' title='bbox 427 3967 541 4050; x_wconf 89' lang='lat' dir='ltr'>studia,</span> <span class='ocrx_word' id='word_1_263' title='bbox 559 3971 655 4036; x_wconf 90' lang='lat' dir='ltr'>etiam</span> <span class='ocrx_word' id='word_1_264' title='bbox 673 3973 769 4039; x_wconf 90' lang='lat' dir='ltr'>trium</span> <span class='ocrx_word' id='word_1_265' title='bbox 787 3972 976 4038; x_wconf 85' lang='lat' dir='ltr'>Germaniae</span> <span class='ocrx_word' id='word_1_266' title='bbox 993 3994 1159 4038; x_wconf 88' lang='lat' dir='ltr'>censorum</span> <span class='ocrx_word' id='word_1_267' title='bbox 1174 3969 1439 4035; x_wconf 86' lang='lat' dir='ltr'>lucubrationem.</span> <span class='ocrx_word' id='word_1_268' title='bbox 1457 3965 1544 4043; x_wconf 85' lang='lat' dir='ltr'>Quae</span> <span class='ocrx_word' id='word_1_269' title='bbox 1560 3966 1673 4050; x_wconf 89' lang='lat' dir='ltr'>siquis</span> <span class='ocrx_word' id='word_1_270' title='bbox 1694 3963 1827 4050; x_wconf 85' lang='lat' dir='ltr'>vigilanti</span> 
     </span>
     <span class='ocr_line' id='line_1_28' title="bbox 297 4070 1829 4162; baseline -0.001 -28"><span class='ocrx_word' id='word_1_271' title='bbox 297 4070 389 4136; x_wconf 93' lang='lat' dir='ltr'>oculo</span> <span class='ocrx_word' id='word_1_272' title='bbox 412 4072 608 4158; x_wconf 86' lang='lat' dir='ltr'>lustraverit,</span> <span class='ocrx_word' id='word_1_273' title='bbox 627 4076 728 4143; x_wconf 91' lang='lat' dir='ltr'>multa</span> <span class='ocrx_word' id='word_1_274' title='bbox 743 4079 768 4144; x_wconf 89' lang='lat' dir='ltr'>si</span> <span class='ocrx_word' id='word_1_275' title='bbox 785 4080 959 4162; x_wconf 79' lang='lat' dir='ltr'>suspexerit</span> <span class='ocrx_word' id='word_1_276' title='bbox 975 4079 1142 4157; x_wconf 90' lang='lat' dir='ltr'>attonitus,</span> <span class='ocrx_word' id='word_1_277' title='bbox 1165 4077 1193 4141; x_wconf 90' lang='lat' dir='ltr'>is</span> <span class='ocrx_word' id='word_1_278' title='bbox 1216 4097 1311 4159; x_wconf 88' lang='lat' dir='ltr'>aegre</span> <span class='ocrx_word' id='word_1_279' title='bbox 1326 4075 1487 4140; x_wconf 90' lang='lat' dir='ltr'>interdum</span> <span class='ocrx_word' id='word_1_280' title='bbox 1503 4073 1615 4139; x_wconf 85' lang='lat' dir='ltr'>tulerit</span> <span class='ocrx_word' id='word_1_281' title='bbox 1630 4073 1725 4157; x_wconf 92' lang='lat' dir='ltr'>plura</span> <span class='ocrx_word' id='word_1_282' title='bbox 1747 4072 1829 4137; x_wconf 84' lang='lat' dir='ltr'>citius</span> 
     </span>
     <span class='ocr_line' id='line_1_29' title="bbox 295 4179 1828 4270; baseline -0.003 -27"><span class='ocrx_word' id='word_1_283' title='bbox 295 4180 327 4244; x_wconf 91' lang='lat' dir='ltr'>in</span> <span class='ocrx_word' id='word_1_284' title='bbox 344 4179 450 4248; x_wconf 91' lang='lat' dir='ltr'>Procli</span> <span class='ocrx_word' id='word_1_285' title='bbox 473 4207 651 4250; x_wconf 90' lang='lat' dir='ltr'>sermonem</span> <span class='ocrx_word' id='word_1_286' title='bbox 674 4186 780 4268; x_wconf 91' lang='lat' dir='ltr'>inseri,</span> <span class='ocrx_word' id='word_1_287' title='bbox 805 4191 866 4252; x_wconf 86' lang='lat' dir='ltr'>aut.</span> <span class='ocrx_word' id='word_1_288' title='bbox 876 4189 910 4252; x_wconf 94' lang='lat' dir='ltr'>in</span> <span class='ocrx_word' id='word_1_289' title='bbox 927 4188 999 4252; x_wconf 88' lang='lat' dir='ltr'>imis</span> <span class='ocrx_word' id='word_1_290' title='bbox 1016 4185 1213 4270; x_wconf 88' lang='lat' dir='ltr'>marginibus</span> <span class='ocrx_word' id='word_1_291' title='bbox 1230 4183 1385 4250; x_wconf 88' lang='lat' dir='ltr'>cumulari</span> <span class='ocrx_word' id='word_1_292' title='bbox 1409 4205 1511 4248; x_wconf 89' lang='lat' dir='ltr'>meras</span> <span class='ocrx_word' id='word_1_293' title='bbox 1535 4182 1828 4266; x_wconf 67' lang='lat' dir='ltr'>conjecturasque</span> 
     </span>
     <span class='ocr_line' id='line_1_30' title="bbox 297 4271 1729 4379; baseline 0 -26"><span class='ocrx_word' id='word_1_294' title='bbox 297 4311 316 4353; x_wconf 84' lang='lat' dir='ltr'>a</span> <span class='ocrx_word' id='word_1_295' title='bbox 339 4290 445 4356; x_wconf 89' lang='lat' dir='ltr'>codice</span> <span class='ocrx_word' id='word_1_296' title='bbox 468 4297 580 4358; x_wconf 91' lang='lat' dir='ltr'>nostro</span> <span class='ocrx_word' id='word_1_297' title='bbox 603 4293 786 4375; x_wconf 88' lang='lat' dir='ltr'>abhorrent,</span> <span class='ocrx_word' id='word_1_298' title='bbox 811 4301 866 4361; x_wconf 89' lang='lat' dir='ltr'>ant</span> <span class='ocrx_word' id='word_1_299' title='bbox 887 4271 928 4361; x_wconf 77' lang='lat' dir='ltr'>br</span> <span class='ocrx_word' id='word_1_300' title='bbox 952 4295 1022 4360; x_wconf 88' lang='lat' dir='ltr'>aliis</span> <span class='ocrx_word' id='word_1_301' title='bbox 1046 4293 1286 4379; x_wconf 86' lang='lat' dir='ltr'>peregrinisque</span> <span class='ocrx_word' id='word_1_302' title='bbox 1309 4291 1452 4355; x_wconf 84' lang='lat' dir='ltr'>fontibus</span> <span class='ocrx_word' id='word_1_303' title='bbox 1476 4290 1675 4354; x_wconf 91' lang='lat' dir='ltr'>deducuntur</span> <span class='ocrx_word' id='word_1_304' title='bbox 1692 4285 1729 4372; x_wconf 78' lang='lat'>²).</span> 
     </span>
    </p>

    <p class='ocr_par' dir='ltr' id='par_1_12' title="bbox 294 4389 1827 4922">
     <span class='ocr_line' id='line_1_31' title="bbox 343 4389 1826 4489; baseline -0.008 -24"><span class='ocrx_word' id='word_1_305' title='bbox 343 4400 464 4484; x_wconf 88' lang='lat' dir='ltr'>Cuique</span> <span class='ocrx_word' id='word_1_306' title='bbox 489 4401 582 4467; x_wconf 91' lang='lat' dir='ltr'>obvia</span> <span class='ocrx_word' id='word_1_307' title='bbox 607 4406 701 4466; x_wconf 89' lang='lat' dir='ltr'>crunt</span> <span class='ocrx_word' id='word_1_308' title='bbox 724 4404 807 4489; x_wconf 85' lang='lat' dir='ltr'>sigla</span> <span class='ocrx_word' id='word_1_309' title='bbox 831 4404 862 4484; x_wconf 85' lang='lat' dir='ltr'>S,</span> <span class='ocrx_word' id='word_1_310' title='bbox 887 4405 928 4487; x_wconf 87' lang='lat' dir='ltr'>V,</span> <span class='ocrx_word' id='word_1_311' title='bbox 952 4405 995 4486; x_wconf 90' lang='lat' dir='ltr'>H,</span> <span class='ocrx_word' id='word_1_312' title='bbox 1019 4403 1134 4488; x_wconf 92' lang='lat' dir='ltr'>quibus</span> <span class='ocrx_word' id='word_1_313' title='bbox 1159 4401 1297 4466; x_wconf 90' lang='lat' dir='ltr'>breviter</span> <span class='ocrx_word' id='word_1_314' title='bbox 1328 4398 1533 4483; x_wconf 87' lang='lat' dir='ltr'>appellantur</span> <span class='ocrx_word' id='word_1_315' title='bbox 1563 4399 1603 4464; x_wconf 91' lang='lat' dir='ltr'>cl.</span> <span class='ocrx_word' id='word_1_316' title='bbox 1629 4421 1679 4462; x_wconf 90' lang='lat' dir='ltr'>vv.</span> <span class='ocrx_word' id='word_1_317' title='bbox 1704 4389 1826 4463; x_wconf 84' lang='lat' dir='ltr'>Schoell,</span> 
     </span>
     <span class='ocr_line' id='line_1_32' title="bbox 298 4499 1826 4591; baseline -0.007 -17"><span class='ocrx_word' id='word_1_318' title='bbox 298 4507 430 4591; x_wconf 89' lang='lat' dir='ltr'>Usener,</span> <span class='ocrx_word' id='word_1_319' title='bbox 451 4509 607 4590; x_wconf 90' lang='lat' dir='ltr'>Hultsoh;</span> <span class='ocrx_word' id='word_1_320' title='bbox 625 4510 742 4575; x_wconf 85' lang='lat' dir='ltr'>caeteri</span> <span class='ocrx_word' id='word_1_321' title='bbox 760 4503 921 4588; x_wconf 77' lang='grc' dir='ltr'>αὐτολεξεὶ</span> <span class='ocrx_word' id='word_1_322' title='bbox 936 4513 1082 4578; x_wconf 84' lang='lat' dir='ltr'>aderunt.</span> <span class='ocrx_word' id='word_1_323' title='bbox 1102 4509 1220 4574; x_wconf 90' lang='lat' dir='ltr'>Verum</span> <span class='ocrx_word' id='word_1_324' title='bbox 1236 4499 1275 4574; x_wconf 86' lang='lat' dir='ltr'>ad</span> <span class='ocrx_word' id='word_1_325' title='bbox 1293 4507 1495 4574; x_wconf 85' lang='lat' dir='ltr'>Schoelliana</span> <span class='ocrx_word' id='word_1_326' title='bbox 1510 4505 1674 4572; x_wconf 76' lang='lat' dir='ltr'>Arrecdotu</span> <span class='ocrx_word' id='word_1_327' title='bbox 1689 4505 1826 4571; x_wconf 88' lang='lat' dir='ltr'>lectorem</span> 
     </span>
     <span class='ocr_line' id='line_1_33' title="bbox 299 4612 1827 4705; baseline -0.003 -24"><span class='ocrx_word' id='word_1_328' title='bbox 299 4618 427 4683; x_wconf 89' lang='lat' dir='ltr'>mittere</span> <span class='ocrx_word' id='word_1_329' title='bbox 448 4614 585 4703; x_wconf 79' lang='lat' dir='ltr'>juvat³),</span> <span class='ocrx_word' id='word_1_330' title='bbox 603 4618 653 4684; x_wconf 89' lang='lat' dir='ltr'>cui</span> <span class='ocrx_word' id='word_1_331' title='bbox 669 4619 826 4704; x_wconf 86' lang='lat' dir='ltr'>placuerit</span> <span class='ocrx_word' id='word_1_332' title='bbox 842 4621 1049 4705; x_wconf 87' lang='lat' dir='ltr'>introspicere</span> <span class='ocrx_word' id='word_1_333' title='bbox 1065 4622 1168 4684; x_wconf 86' lang='lat' dir='ltr'>totum</span> <span class='ocrx_word' id='word_1_334' title='bbox 1191 4622 1223 4682; x_wconf 87' lang='lat' dir='ltr'>et</span> <span class='ocrx_word' id='word_1_335' title='bbox 1240 4615 1492 4700; x_wconf 87' lang='lat' dir='ltr'>copiosissimum</span> <span class='ocrx_word' id='word_1_336' title='bbox 1508 4612 1582 4678; x_wconf 92' lang='lat' dir='ltr'>novi</span> <span class='ocrx_word' id='word_1_337' title='bbox 1599 4612 1727 4678; x_wconf 89' lang='lat' dir='ltr'>editoris</span> <span class='ocrx_word' id='word_1_338' title='bbox 1742 4628 1827 4692; x_wconf 77' lang='lat' dir='ltr'>appa·</span> 
     </span>
     <span class='ocr_line' id='line_1_34' title="bbox 295 4714 1825 4812; baseline -0.009 -23"><span class='ocrx_word' id='word_1_339' title='bbox 295 4729 414 4805; x_wconf 87' lang='lat' dir='ltr'>ratum,</span> <span class='ocrx_word' id='word_1_340' title='bbox 438 4748 476 4791; x_wconf 87' lang='lat' dir='ltr'>ex</span> <span class='ocrx_word' id='word_1_341' title='bbox 492 4727 626 4791; x_wconf 91' lang='lat' dir='ltr'>vetustis</span> <span class='ocrx_word' id='word_1_342' title='bbox 642 4727 794 4812; x_wconf 89' lang='lat' dir='ltr'>novisque</span> <span class='ocrx_word' id='word_1_343' title='bbox 809 4729 963 4794; x_wconf 84' lang='lat' dir='ltr'>refertum</span> <span class='ocrx_word' id='word_1_344' title='bbox 980 4727 1081 4806; x_wconf 84' lang='lat' dir='ltr'>libris,</span> <span class='ocrx_word' id='word_1_345' title='bbox 1098 4747 1177 4809; x_wconf 85' lang='lat' dir='ltr'>quos</span> <span class='ocrx_word' id='word_1_346' title='bbox 1194 4724 1261 4789; x_wconf 90' lang='lat' dir='ltr'>sola</span> <span class='ocrx_word' id='word_1_347' title='bbox 1278 4723 1354 4788; x_wconf 84' lang='lat' dir='ltr'>felix</span> <span class='ocrx_word' id='word_1_348' title='bbox 1372 4721 1543 4787; x_wconf 83' lang='lat' dir='ltr'>Germania</span> <span class='ocrx_word' id='word_1_349' title='bbox 1564 4720 1712 4801; x_wconf 88' lang='lat' dir='ltr'>custodit,</span> <span class='ocrx_word' id='word_1_350' title='bbox 1728 4714 1825 4788; x_wconf 83' lang='lat' dir='ltr'>nutrit,</span> 
     </span>
     <span class='ocr_line' id='line_1_35' title="bbox 294 4828 1517 4922; baseline -0.003 -23"><span class='ocrx_word' id='word_1_351' title='bbox 294 4835 391 4920; x_wconf 91' lang='lat' dir='ltr'>inque</span> <span class='ocrx_word' id='word_1_352' title='bbox 414 4835 480 4900; x_wconf 87' lang='lat' dir='ltr'>dies</span> <span class='ocrx_word' id='word_1_353' title='bbox 502 4835 597 4918; x_wconf 87' lang='lat' dir='ltr'>parit,</span> <span class='ocrx_word' id='word_1_354' title='bbox 622 4835 740 4920; x_wconf 90' lang='lat' dir='ltr'>quique</span> <span class='ocrx_word' id='word_1_355' title='bbox 764 4837 880 4902; x_wconf 92' lang='lat' dir='ltr'>nullibi</span> <span class='ocrx_word' id='word_1_356' title='bbox 905 4837 1006 4922; x_wconf 87' lang='lat' dir='ltr'>magis</span> <span class='ocrx_word' id='word_1_357' title='bbox 1030 4857 1126 4921; x_wconf 88' lang='lat' dir='ltr'>quam</span> <span class='ocrx_word' id='word_1_358' title='bbox 1150 4833 1231 4899; x_wconf 88' lang='lat' dir='ltr'>citra</span> <span class='ocrx_word' id='word_1_359' title='bbox 1255 4831 1354 4916; x_wconf 81' lang='lat' dir='ltr'>Alpes</span> <span class='ocrx_word' id='word_1_360' title='bbox 1378 4828 1517 4895; x_wconf 86' lang='lat' dir='ltr'>exulant.</span> 
     </span>
    </p>
   </div>
   <div class='ocr_carea' id='block_1_10' title="bbox 294 5017 1824 5465">
    <p class='ocr_par' dir='ltr' id='par_1_13' title="bbox 294 5017 1824 5282">
     <span class='ocr_line' id='line_1_36' title="bbox 334 5017 1824 5104; baseline -0.011 -18"><span class='ocrx_word' id='word_1_361' title='bbox 334 5032 355 5104; x_wconf 90' lang='lat'>¹)</span> <span class='ocrx_word' id='word_1_362' title='bbox 374 5032 469 5087; x_wconf 89' lang='lat' dir='ltr'>Immo</span> <span class='ocrx_word' id='word_1_363' title='bbox 482 5031 643 5104; x_wconf 87' lang='lat' dir='ltr'>ipsummet</span> <span class='ocrx_word' id='word_1_364' title='bbox 655 5030 852 5098; x_wconf 89' lang='lat' dir='ltr'>Holstenium,</span> <span class='ocrx_word' id='word_1_365' title='bbox 867 5030 938 5102; x_wconf 89' lang='lat' dir='ltr'>quin</span> <span class='ocrx_word' id='word_1_366' title='bbox 952 5036 982 5088; x_wconf 90' lang='lat' dir='ltr'>et</span> <span class='ocrx_word' id='word_1_367' title='bbox 995 5031 1044 5087; x_wconf 89' lang='lat' dir='ltr'>Al·</span> <span class='ocrx_word' id='word_1_368' title='bbox 1096 5027 1258 5100; x_wconf 88' lang='lat' dir='ltr'>prudenter</span> <span class='ocrx_word' id='word_1_369' title='bbox 1270 5031 1432 5082; x_wconf 85' lang='lat' dir='ltr'>reservata.</span> <span class='ocrx_word' id='word_1_370' title='bbox 1446 5025 1526 5079; x_wconf 86' lang='lat' dir='ltr'>Data</span> <span class='ocrx_word' id='word_1_371' title='bbox 1535 5023 1690 5080; x_wconf 87' lang='lat' dir='ltr'>occasione</span> <span class='ocrx_word' id='word_1_372' title='bbox 1702 5017 1775 5078; x_wconf 88' lang='lat' dir='ltr'>hand</span> <span class='ocrx_word' id='word_1_373' title='bbox 1786 5031 1824 5071; x_wconf 91' lang='lat' dir='ltr'>ne·</span> 
     </span>
     <span class='ocr_line' id='line_1_37' title="bbox 294 5109 1824 5206; baseline -0.008 -27"><span class='ocrx_word' id='word_1_374' title='bbox 294 5122 402 5179; x_wconf 85' lang='lat' dir='ltr'>latium</span> <span class='ocrx_word' id='word_1_375' title='bbox 421 5120 537 5177; x_wconf 88' lang='lat' dir='ltr'>concita</span> <span class='ocrx_word' id='word_1_376' title='bbox 555 5137 646 5177; x_wconf 88' lang='lat' dir='ltr'>manu</span> <span class='ocrx_word' id='word_1_377' title='bbox 668 5120 832 5192; x_wconf 85' lang='lat' dir='ltr'>scripsisse,</span> <span class='ocrx_word' id='word_1_378' title='bbox 859 5120 910 5176; x_wconf 83' lang='lat' dir='ltr'>vix</span> <span class='ocrx_word' id='word_1_379' title='bbox 935 5139 1044 5192; x_wconf 85' lang='lat' dir='ltr'>negan—</span> <span class='ocrx_word' id='word_1_380' title='bbox 1096 5119 1254 5191; x_wconf 73' lang='lat' dir='ltr'>gleximuS,</span> <span class='ocrx_word' id='word_1_381' title='bbox 1275 5125 1378 5173; x_wconf 87' lang='lat' dir='ltr'>nostra</span> <span class='ocrx_word' id='word_1_382' title='bbox 1398 5133 1537 5187; x_wconf 86' lang='lat' dir='ltr'>regerere</span> <span class='ocrx_word' id='word_1_383' title='bbox 1557 5121 1587 5171; x_wconf 86' lang='lat' dir='ltr'>ct</span> <span class='ocrx_word' id='word_1_384' title='bbox 1606 5115 1764 5180; x_wconf 86' lang='lat' dir='ltr'>emendare,</span> <span class='ocrx_word' id='word_1_385' title='bbox 1781 5109 1824 5206; x_wconf 56' lang='lat' dir='ltr'>itq-</span> 
     </span>
     <span class='ocr_line' id='line_1_38' title="bbox 297 5204 1824 5282; baseline -0.01 -12"><span class='ocrx_word' id='word_1_386' title='bbox 297 5214 374 5282; x_wconf 91' lang='lat' dir='ltr'>dum,</span> <span class='ocrx_word' id='word_1_387' title='bbox 394 5217 429 5269; x_wconf 87' lang='lat' dir='ltr'>ut</span> <span class='ocrx_word' id='word_1_388' title='bbox 447 5211 519 5268; x_wconf 87' lang='lat' dir='ltr'>alibi</span> <span class='ocrx_word' id='word_1_389' title='bbox 538 5211 696 5269; x_wconf 90' lang='lat' dir='ltr'>dicendum</span> <span class='ocrx_word' id='word_1_390' title='bbox 716 5219 770 5268; x_wconf 87' lang='lat' dir='ltr'>cst.</span> <span class='ocrx_word' id='word_1_391' title='bbox 1096 5225 1221 5279; x_wconf 86' lang='lat' dir='ltr'>rumque</span> <span class='ocrx_word' id='word_1_392' title='bbox 1241 5206 1402 5263; x_wconf 85' lang='lat' dir='ltr'>sollicitare</span> <span class='ocrx_word' id='word_1_393' title='bbox 1416 5205 1537 5260; x_wconf 84' lang='lat' dir='ltr'>attritas</span> <span class='ocrx_word' id='word_1_394' title='bbox 1550 5204 1685 5277; x_wconf 84' lang='lat' dir='ltr'>pagellas</span> <span class='ocrx_word' id='word_1_395' title='bbox 1699 5217 1767 5275; x_wconf 80' lang='lat' dir='ltr'>qnae</span> <span class='ocrx_word' id='word_1_396' title='bbox 1778 5213 1824 5270; x_wconf 79' lang='lat' dir='ltr'>prl-</span> 
     </span>
    </p>

    <p class='ocr_par' dir='ltr' id='par_1_14' title="bbox 296 5293 1798 5465">
     <span class='ocr_line' id='line_1_39' title="bbox 332 5293 1798 5376; baseline -0.012 -17"><span class='ocrx_word' id='word_1_397' title='bbox 332 5304 355 5376; x_wconf 75' lang='lat'>2)</span> <span class='ocrx_word' id='word_1_398' title='bbox 374 5301 465 5374; x_wconf 85' lang='lat' dir='ltr'>Signo</span> <span class='ocrx_word' id='word_1_399' title='bbox 482 5301 564 5357; x_wconf 90' lang='lat' dir='ltr'>dubii</span> <span class='ocrx_word' id='word_1_400' title='bbox 577 5301 611 5375; x_wconf 74' lang='lat' dir='ltr'>(l)</span> <span class='ocrx_word' id='word_1_401' title='bbox 625 5307 692 5373; x_wconf 87' lang='lat' dir='ltr'>post</span> <span class='ocrx_word' id='word_1_402' title='bbox 705 5301 843 5372; x_wconf 78' lang='lat' dir='ltr'>editores,</span> <span class='ocrx_word' id='word_1_403' title='bbox 857 5318 912 5358; x_wconf 88' lang='lat' dir='ltr'>nos</span> <span class='ocrx_word' id='word_1_404' title='bbox 926 5317 1042 5372; x_wconf 89' lang='lat' dir='ltr'>quoquc</span> <span class='ocrx_word' id='word_1_405' title='bbox 1097 5316 1178 5353; x_wconf 89' lang='lat' dir='ltr'>mum</span> <span class='ocrx_word' id='word_1_406' title='bbox 1197 5299 1300 5352; x_wconf 90' lang='lat' dir='ltr'>oculos</span> <span class='ocrx_word' id='word_1_407' title='bbox 1316 5297 1380 5367; x_wconf 84' lang='lat' dir='ltr'>jam</span> <span class='ocrx_word' id='word_1_408' title='bbox 1399 5295 1482 5350; x_wconf 90' lang='lat' dir='ltr'>senio</span> <span class='ocrx_word' id='word_1_409' title='bbox 1502 5301 1645 5366; x_wconf 79' lang='lat' dir='ltr'>gravatos</span> <span class='ocrx_word' id='word_1_410' title='bbox 1663 5293 1798 5367; x_wconf 84' lang='lat' dir='ltr'>fugarant.</span> 
     </span>
     <span class='ocr_line' id='line_1_40' title="bbox 296 5383 1590 5465; baseline -0.005 -18"><span class='ocrx_word' id='word_1_411' title='bbox 296 5403 434 5448; x_wconf 85' lang='lat' dir='ltr'>notamus</span> <span class='ocrx_word' id='word_1_412' title='bbox 448 5392 952 5465; x_wconf 65' lang='lat' dir='ltr'>queanteriunt,fereseqrplcutur,</span> <span class='ocrx_word' id='word_1_413' title='bbox 964 5391 1043 5446; x_wconf 88' lang='lat' dir='ltr'>notis</span> <span class='ocrx_word' id='word_1_414' title='bbox 1134 5391 1157 5460; x_wconf 67' lang='lat'>²³)</span> <span class='ocrx_word' id='word_1_415' title='bbox 1179 5388 1324 5442; x_wconf 89' lang='lat' dir='ltr'>Volumen</span> <span class='ocrx_word' id='word_1_416' title='bbox 1344 5402 1376 5442; x_wconf 87' lang='lat'>11.</span> <span class='ocrx_word' id='word_1_417' title='bbox 1395 5384 1492 5442; x_wconf 85' lang='lat' dir='ltr'>Berol.</span> <span class='ocrx_word' id='word_1_418' title='bbox 1513 5383 1590 5440; x_wconf 77' lang='lat'>1886.</span> 
     </span>
    </p>
   </div>
   <div class='ocr_carea' id='block_1_11' title="bbox 0 0 1981 6068">
    <p class='ocr_par' dir='ltr' id='par_1_15' title="bbox 0 0 1981 6068">
     <span class='ocr_line' id='line_1_41' title="bbox 0 0 1981 6068; baseline 0 0"><span class='ocrx_word' id='word_1_419' title='bbox 0 0 1981 6068; x_wconf 95' lang='lat' dir='ltr'> </span> 
     </span>
    </p>
   </div>
  </div>
 </body>
</html>
