3978 6070
281 492 334 550 186
724 481 938 554 Animarum
956 482 1002 552 ad
1022 481 1192 555 Lachesin
1209 483 1371 555 incessus.

280 656 392 723 τάττει
415 655 560 740 Πλάτων,
583 651 631 747 ἆρ’
656 658 690 720 ού
714 659 837 748 γελοῖον
861 653 964 732 έστίνς
989 654 1121 744 Ἀφίημι
1143 653 1204 747 γάρ
1228 652 1354 743 θεμιτὸν
1378 653 1482 746 λέγειν
1506 652 1561 717 τόν
1585 662 1648 718 τῶν
1671 652 1831 718 τοιούτων

279 766 421 858 ἡγεμόνα
445 757 625 857 δογμάτων,
650 761 693 840 οἷς
716 770 736 837 ή
762 763 930 839 Πλάτωνος
948 765 1114 854 φιλοσοφία
1131 755 1267 854 διαφέρει
1283 773 1346 827 τῶν
1363 763 1468 827 ἀλλων
1493 766 1632 848 ἀπασῶν,
1657 767 1699 839 είς
1724 762 1834 852 ἄλογα

281 870 347 955 ζῶα
370 873 533 966 κατάγειν,
551 875 604 940 καί
623 873 735 940 κύκνον
759 868 863 963 ψυχήν
886 883 996 938 ποιεῖν·
1013 867 1047 937 οὗ
1062 871 1117 936 καὶ
1133 870 1192 946 τὴν
1209 871 1278 963 περὶ
1298 880 1362 935 τῶν
1387 869 1475 937 θείων
1498 871 1655 962 ὑφήγησιν
1680 873 1772 947 αὐτὸς
1801 873 1835 934 ἐν

281 984 404 1073 Τιμαίῳ
418 982 535 1057 πιστὴν
553 977 631 1048 εἶναι
648 983 753 1074 φησίν,
775 984 888 1074 καίπερ
913 981 984 1046 ἀνευ
1000 1004 1038 1046 τε
1052 979 1077 1068 ¹)
1093 981 1222 1046 εἰκότων
1239 980 1343 1070 λόγων
1359 980 1413 1044 καί
1429 971 1616 1058 ἀποδείξεων
1640 982 1835 1073 λεγομένην,

241 1112 255 1152 ι
281 1097 321 1166 ὡς
345 1080 383 1155 δι’
408 1088 579 1180 ἑνθεασμθν
604 1082 732 1168 ιίδότος,
758 1089 900 1179 μάλιστα
923 1085 965 1153 τά
987 1097 1051 1152 τῶν
1076 1084 1152 1151 θεῶν
1167 1086 1310 1177 πατέρων
1328 1088 1474 1170 ὅντων,ή
1497 1113 1543 1164 τις
1567 1091 1653 1153 ἐστιν
1677 1099 1735 1163 τῆς
1759 1087 1836 1153 θεο-

281 1201 387 1292 γονίας
399 1208 466 1275 τοῖς
473 1197 627 1273 Ἕλλησιν
639 1198 758 1289 πατήρ,
768 1198 807 1273 ήν
821 1198 914 1274 αὐτὸς
927 1187 1120 1288 παραδοῦναι
1131 1193 1316 1286 προθέμενος
1329 1195 1379 1260 ἐπί
1392 1194 1463 1271 τοὺς
1475 1187 1675 1287 παραδόντας
1687 1196 1837 1287 πρώτους

283 1307 393 1399 ἀνάγει
402 1305 429 1395 ²)
452 1306 512 1380 τήν
528 1308 598 1398 περὶ
614 1310 713 1383 αὐτῆς
731 1305 892 1380 ἀλήθειαν.
909 1345 952 1354 -
969 1303 1069 1370 Ἀλλά
1085 1315 1180 1369 τοῦτο
1196 1303 1252 1392 μὲν
1270 1304 1324 1368 καί
1341 1307 1372 1369 έν
1392 1307 1474 1394 ἀρχῇ
1492 1313 1554 1368 τῶν
1572 1297 1752 1396 ἐξηγήσεων
1769 1315 1837 1380 τῆς

284 1416 401 1507 ῥήσεως
423 1415 544 1493 ταύτης
570 1407 621 1482 διά
643 1414 795 1481 πλειόνων
819 1407 1036 1504 ἐξητάσαμεν·
1059 1413 1150 1487 τέλος
1181 1405 1215 1480 δέ
1242 1417 1323 1502 ἀρχῇ
1350 1409 1550 1501 συνάψαντες,
1581 1422 1644 1478 τῶν
1668 1413 1836 1504 ἑπομένων

283 1524 393 1590 λοιπόν
418 1518 689 1615 ἀντιλαύόμεθαί)
711 1534 767 1590 τοῦ
792 1521 890 1613 μύθου
915 1521 1075 1615 βημάτων·

231 1759 257 1798 ¹⁰
550 1754 595 1818 -ξ-
616 1733 742 1816 Ἐπειδὴ
769 1731 793 1805 δ’
815 1735 867 1807 ούν
889 1740 992 1816 πάσας
1015 1738 1073 1817 τάς
1096 1735 1197 1829 ψυχάς
1220 1737 1292 1815 τοὺς
1318 1740 1401 1824 βίους
1417 1744 1497 1829 ῄρῆ-
1521 1753 1565 1815 ÷

551 1863 597 1925 ÷
619 1849 701 1934 σθαι,
724 1851 828 1940 ὥσπερ
845 1852 972 1940 ἔλαχον,
992 1853 1023 1914 ἐν
1048 1841 1137 1927 τάξει
1159 1848 1318 1940 προσιέναι
1340 1848 1414 1938 πρὸς
1438 1847 1498 1920 τῆν
1522 1862 1566 1924 ÷

552 1971 598 2035 ÷
619 1959 765 2049 Δάχεσιν·
796 1959 927 2044 [ἐκείνην
955 1948 983 2022 δ’
1012 1955 1147 2040 ἑκάστῳ,
1171 1957 1205 2022 ὃν
1230 1959 1333 2024 εἵλετο
1356 1947 1500 2045 δαίμονα,
1523 1970 1569 2033 ÷

552 2081 598 2142 -ζ-
618 2079 730 2133 τοῦτον
755 2067 880 2157 φύλακα
897 2059 1092 2156 ξυμπέμπειν
1109 2076 1165 2131 τοῦ
1183 2068 1261 2150 βίου,
1279 2066 1333 2131 καί
1355 2069 1500 2139 ἀποπλη-
1524 2079 1569 2141 -ζ-
1645 2099 1647 2102 -

553 2187 599 2248 -ζ-
623 2173 724 2264 ρωτήν
740 2185 804 2240 τῶν
820 2171 1011 2267 αἰρεθέντων·
1029 2173 1062 2239 όν
1078 2183 1202 2264 πρῶτον
1220 2174 1275 2262 μέν
1292 2173 1377 2266 ἄγειν
1398 2172 1498 2247 αὐτὴν
1522 2186 1568 2248 -2-

552 2295 598 2359 ÷
619 2284 695 2372 πρὸς
717 2283 778 2356 τὴν
802 2283 941 2366 Κλωθὼ,
963 2285 1022 2349 ὑπὸ
1046 2282 1106 2355 τήν
1130 2284 1250 2359 ἐκείνης
1273 2281 1363 2374 χειρά
1385 2306 1422 2348 τε
1445 2282 1499 2347 καί
1523 2297 1568 2358 -ζ-

554 2404 600 2467 ÷
623 2392 814 2483 ἐπιστροφήν
838 2404 896 2470 τῆς
916 2404 971 2458 τοῦ
988 2391 1148 2483 ἀτράκτου
1166 2383 1261 2470 δίνης,
1285 2401 1438 2482 κυροῦντα
1460 2391 1499 2465 ἣν
1523 2405 1568 2468 -2-

553 2511 600 2574 ζ-
620 2499 728 2589 λαχὼν
744 2503 848 2567 είλετο
866 2511 987 2592 μοῖραν·
1004 2499 1124 2575 ταύτης
1149 2490 1177 2564 δ’
1194 2495 1391 2589 ἐφαψάμενον
1417 2493 1502 2576 αὖθις
1525 2513 1571 2575 ÷

555 2619 601 2681 ÷
623 2607 674 2673 ἐπί
697 2607 756 2680 τήν
781 2619 839 2686 τῆς
857 2607 1014 2700 Ἀτρόπου
1039 2608 1125 2700 ἄγειν
1150 2616 1250 2685 νῆσιν,
1275 2606 1501 2698 ἀμετάστροφα
1525 2621 1570 2683 -ζ-
1599 2648 1612 2656 ν

555 2725 601 2789 -ζ-
623 2713 665 2780 τά
682 2715 917 2784 ἐπικλωσθέντα
933 2727 1092 2783 ποιοῦντα·
1110 2713 1251 2781 ἐντεῦθεν
1265 2706 1298 2781 δέ
1311 2706 1362 2802 δή]
1379 2719 1501 2807 ἀμετα-
1523 2729 1568 2793 -ζ-

556 2836 601 2899 -ζ-
623 2825 756 2916 στρεπτί
778 2827 837 2892 ὑπὸ
861 2827 916 2892 τὸν
940 2837 998 2902 τῆς
1023 2823 1181 2918 Ἀνάγκης
1207 2823 1283 2890 ἰέναι
1306 2823 1422 2914 θρόνον.
1446 2837 1492 2900 ζ-

337 3035 428 3104 Μετά
450 3038 507 3115 τὰς
532 3041 662 3132 αἰρέσεις
683 3053 747 3108 τῶν
773 3044 858 3128 βίων,
876 3049 908 3109 αἰ
923 3043 998 3135 πρὸς
1014 3042 1056 3108 τά
1074 3044 1133 3108 ὅλα
1148 3053 1212 3108 τῶν
1230 3039 1336 3132 ψυχῶν
1353 3047 1427 3108 εἰσιν
1453 3035 1622 3123 συντάξεις,
1646 3040 1700 3106 καί
1723 3047 1755 3106 αἰ
1780 3043 1845 3106 ἀπὸ

292 3149 461 3212 τῶν-ὅλων
485 3152 527 3225 είς
551 3147 607 3225 τάς
631 3146 732 3240 ψυχάς
762 3143 966 3241 μεταδόσεις·
992 3143 1039 3216 δεῖ
1059 3151 1120 3244 γάρ
1148 3156 1261 3218 ἐνεῖναι
1272 3149 1298 3236 ⁴)
1322 3153 1361 3216 το
1386 3151 1427 3241 μή
1460 3150 1662 3240 ἀπηρτῆσθαι
1692 3149 1736 3215 τά
1760 3151 1840 3241 μέρη

231 3279 233 3284 ·
291 3253 371 3321 ποτέ
393 3265 456 3321 τῶν
480 3258 572 3336 ὅλων,
597 3249 679 3342 μηδέ
694 3259 732 3324 τό
754 3253 951 3339 αὐτεξούσιον
975 3255 1136 3350 ἀφανίζειν
1160 3259 1219 3332 τήν
1237 3253 1337 3338 τάξιν,
1355 3261 1456 3349 ὥσπερ
1475 3249 1557 3348 μηδὲ
1575 3257 1635 3329 τήν
1652 3251 1741 3336 τάξιν
1766 3262 1844 3324 ἀνα-

293 3366 418 3457 τρέπειν
440 3367 479 3432 τδ
503 3361 714 3453 αὐτεξούσιον,
738 3373 754 3434 ό
779 3361 817 3444 δή
843 3375 915 3435 κατ’
941 3372 1047 3435 οὐσίαν

241 3606 268 3645 ιι
295 3582 318 3649 f.
334 3584 398 3650 186
411 3607 461 3652 ν.ι
477 3583 577 3672 [ήμῶν
593 3583 727 3676 ὑπάρχει
736 3583 761 3674 ⁵)
779 3595 848 3662 ταῖς
864 3583 988 3675 ψυχαῖςΙ
1005 3585 1215 3651 συνάπτονται
1233 3574 1260 3649 δ’
1274 3578 1326 3650 ούν
1340 3589 1368 3650 οἰ
1383 3584 1443 3668 βίοι
1457 3593 1519 3648 τῶν
1536 3583 1703 3674 εἰλομένων
1720 3585 1840 3670 πασῶν]

295 3686 403 3780 ψυχῶν
419 3691 494 3782 πρός
511 3691 570 3766 τήν
592 3691 746 3782 [Λάχεσιν
762 3693 822 3767 τήν
838 3695 904 3780 τόν]
920 3700 1036 3783 κλῆρον
1053 3697 1162 3771 αύταῖς
1179 3695 1234 3759 τόν
1250 3692 1490 3784 περιψληπτικὸν
1507 3703 1570 3757 τῶν
1589 3694 1674 3777 βίων]
1695 3694 1844 3781 ἀφορίσα-

298 3821 355 3862 σαν
372 3799 509 3876 εἰκότως·
536 3803 607 3865 ὁλον
628 3801 688 3892 γάρ
705 3803 785 3874 αύτη
805 3814 885 3868 κινεῖ
898 3804 952 3867 τὸν
967 3805 1105 3894 ούρανδν,
1118 3808 1150 3868 ἐν
1167 3814 1232 3880 τοῖς
1248 3803 1359 3894 γόνασι
1374 3805 1517 3891 κείμενον
1533 3812 1592 3877 τῆς
1609 3800 1735 3891 μητρός.
1752 3839 1792 3849 -
1809 3802 1843 3864 ‘11

299 3895 334 3971 δέ
347 3904 492 3995 Λάχεσις,
505 3908 610 3997 φησίν,
624 3910 726 4000 ὥσπερ
740 3914 865 4001 ἔλαχον,
880 3912 962 3976 ούτω
978 3912 1032 3977 καί
1045 3911 1129 3977 κατά
1142 3911 1202 3983 τήν
1215 3911 1314 3982 αἰπήν
1324 3908 1349 3993 ⁶)
1365 3904 1467 3996 τάξιν,
1478 3907 1698 4001 προελθούσαις
1711 3918 1773 3973 τῶν
1788 3907 1843 3995 μὲν

298 4011 442 4103 πρώτων,
454 4023 518 4079 τῶν
533 4007 567 4081 δὲ
583 4007 745 4104 δευτέρων,
759 4029 821 4084 τῶν
839 4010 873 4085 δέ
889 4020 1022 4097 ταύταις
1037 4021 1206 4110 ἑπομένων,
1223 4021 1373 4107 ἀπονέμει
1386 4016 1412 4104 ⁷)
1428 4019 1483 4082 τόν
1501 4007 1635 4106 δαίμονα
1647 4015 1772 4106 φύλακα
1788 4025 1844 4079 τοῦ

245 4147 273 4186 ιο
302 4121 382 4207 βίον,
398 4121 431 4187 θν
455 4123 573 4198 ἑκάστη
599 4128 772 4216 προείλετο,
789 4128 843 4192 καί
859 4138 921 4194 τῶν
939 4127 1123 4220 αἰρεθέντων
1141 4127 1377 4216 ἀποπληρωτήν
1389 4125 1424 4215 ⁸).
1443 4126 1503 4190 Καί
1519 4129 1535 4188 ὁ
1552 4115 1672 4213 δαίμων
1694 4118 1745 4188 οὖν
1769 4129 1845 4208 θμῖῖ

303 4231 365 4296 ἀπὸ
389 4240 447 4309 τῆς
472 4235 570 4310 αὐτῆς
595 4223 718 4299 δίδοται
740 4237 863 4328 Μοίρας,
889 4236 939 4328 ἀφ’
964 4234 1000 4315 ής
1025 4243 1041 4302 ὁ
1065 4243 1179 4329 κλῆρος
1202 4238 1256 4303 καί
1280 4235 1322 4302 τά
1337 4229 1584 4327 παραδείγματα
1599 4243 1661 4298 τῶν
1684 4235 1768 4316 βίων,
1792 4235 1847 4298 καὶ

301 4337 362 4430 γάρ
387 4335 476 4417 οὗτος
493 4343 658 4432 ἐπίτροπος
674 4349 764 4433 ἡμῶν
781 4348 865 4410 ἐστιν
883 4356 939 4411 τοῦ
956 4349 1036 4431 βίον,
1052 4349 1158 4437 τρίτος
1175 4345 1216 4410 ιθν
1235 4346 1295 4412 ἀπὸ
1312 4357 1370 4420 τῆς
1388 4344 1559 4433 Λαχέσεως.
1584 4343 1618 4406 Ἡ
1637 4341 1692 4433 μέν
1717 4343 1847 4409 αύτύθεν

302 4453 343 4525 ὡς
367 4446 434 4526 θεὸς
450 4454 527 4540 ήμῖν
544 4452 707 4541 ἐφίστησιν
724 4452 779 4518 τὀν
797 4445 931 4545 δαίμονα
945 4459 1102 4519 τοῦτονὸ
1124 4446 1158 4520 δέ
1179 4452 1354 4545 προφήτης,
1378 4458 1417 4528 ὡς
1443 4451 1576 4543 ἅγγελος
1592 4460 1650 4527 τῆς
1675 4451 1847 4540 Λαχέσεως.

304 4557 358 4622 Διὸ
382 4557 436 4621 καί
459 4561 475 4622 ὁ
500 4557 555 4648 μέν
579 4559 679 4652 λέγων
697 4562 792 4627 αύτδν
807 4561 991 4644 ἐπέστησεν,
1009 4567 1028 4634 ή
1048 4553 1082 4626 δέ
1099 4553 1203 4650 δρῶσα
1218 4572 1313 4627 τοῦτο
1337 4561 1430 4651 χωρίς
1446 4561 1549 4649 λόγων
1573 4559 1629 4623 τόν
1647 4560 1847 4650 προσήκοντα

248 4685 276 4723 ιι
305 4662 385 4742 θεοῖς
401 4666 526 4757 τρόπον.
544 4669 588 4734 Τό
606 4669 662 4759 μέν
678 4664 730 4735 ούν
746 4668 927 4762 προσελθεῖν
944 4673 1029 4735 ἐστιν
1045 4681 1086 4757 τῇ
1105 4670 1238 4759 Δαχέσει
1254 4672 1292 4735 τὸ
1309 4666 1524 4758 συνταχθῆναι
1540 4667 1615 4758 πρὸς
1630 4666 1687 4743 τάς
1709 4668 1849 4744 ποιήσεις

305 4776 405 4851 αὐτῆς
417 4778 457 4853 εἰς
469 4777 507 4842 τό
519 4785 581 4842 πᾶν
594 4776 768 4870 προῖούσας,
782 4776 836 4843 καί
848 4768 1058 4856 ὑποδέξασθαι
1074 4777 1135 4853 τήν
1152 4768 1237 4842 δόσιν
1254 4777 1313 4850 τήν
1331 4781 1372 4853 εἰς
1389 4781 1472 4867 ήμᾶς
1489 4774 1699 4858 καθήκουσαν,
1716 4780 1755 4852 ὡς
1769 4775 1845 4864 μέρη

310 5087 312 5092 “
346 5059 368 5132 Ι)
386 5061 425 5118 Μ
444 5062 473 5116 ἂν
493 5064 545 5117 ⁰⁶³·
1142 5065 1165 5136 ⁵)
1183 5064 1222 5118 M.
1243 5080 1298 5119 om.
1317 5079 1412 5135 usque
1431 5059 1470 5116 ad
1490 5063 1649 5133 ὰφιρίσασαν.

343 5151 367 5223 ²)
386 5152 455 5209 00&
475 5157 582 5227 ἀνάγειν.
1142 5156 1164 5228 ⁶)
1183 5155 1221 5209 M.
1242 5171 1298 5210 om.
1318 5154 1402 5211 αύτήν.

343 5239 367 5315 ³)
385 5241 423 5296 Η.
438 5243 636 5315 ἀντιλοιύώμιία.
646 5273 681 5286 ·-
690 5243 827 5318 Reipubl.
840 5264 868 5316 x,
879 5263 907 5319 p.
917 5245 979 5318 317,
989 5245 1050 5302 318.
1143 5244 1166 5316 ⁷)
1185 5245 1223 5298 Η.
1243 5242 1264 5298 f.
1284 5243 1344 5298 122.

344 5331 367 5402 ⁴)
386 5330 425 5387 M.
445 5329 512 5386 ιίναι
1143 5333 1166 5406 ⁸)
1184 5331 1222 5387 Η.
1242 5335 1452 5403 ἀποπληρωτικήν
