3978 6070
282 511 320 568 88
732 497 828 573 Vatis
845 496 957 591 qualis
974 499 1067 589 ordo,
1087 498 1164 591 quis
1180 499 1389 593 εαρραείιιεθ

282 697 396 751 νοντες,
420 673 501 748 τίνες
526 663 560 737 δέ
583 671 637 736 καί
662 675 690 735 οἰ
714 669 789 736 θεῶν
808 669 862 761 μὲν
879 669 1044 761 ὑπηρέται,
1065 662 1218 760 δαιμόνων
1242 664 1275 738 δέ
1291 671 1469 750 ἐπιστάται,
1486 673 1570 746 πλήν
1588 685 1650 741 τῶν
1675 681 1828 770 ἀγγέλων.

282 783 343 848 Καὶ
359 785 393 847 σὺ
411 775 529 861 ξενικόν
546 781 584 846 τό
601 781 709 870 ὄνομα,
727 779 781 845 καί
795 772 951 869 βαρύάρου
969 778 1128 870 θεοσοφίας
1141 779 1164 868 ¹)
1182 782 1289 870 μόνης,
1307 782 1390 848 οἰλλόι
1407 783 1461 848 καί
1477 785 1610 851 Πλάτων
1628 793 1658 853 ἑν
1675 790 1828 880 Κρατύλῳ

281 891 336 956 τόν
353 890 469 981 Ἐρμήν
487 891 541 954 καί
555 889 614 962 τήν
625 883 698 979 Ἶριν
716 888 792 954 θεῶν
807 891 958 981 ἀγγέλους
973 883 1049 952 εἶναι
1065 891 1168 977 φησίν,
1182 891 1234 954 καί
1246 891 1331 981 παρά
1343 893 1381 957 τό
1394 898 1484 982 εἰρεῖν
1498 895 1600 957 αὑτῶν
1618 894 1659 960 τά
1676 895 1827 984 ὀνόματα,

281 998 425 1091 γενέσθαι
448 1000 535 1090 λέγει
559 1008 673 1088 σαφῶς·
697 1001 769 1062 ἀλλ’
794 1000 905 1062 ἐκεῖνοι
930 995 985 1084 μὲν
1002 995 1151 1086 ἄρχοντές
1167 1004 1234 1080 εἰσι,
1251 1001 1305 1064 καί
1328 1001 1412 1066 κατά.
1436 1001 1507 1077 τούς
1532 1002 1646 1080 ἄλλους
1670 1006 1828 1078 Ἑλλήνων

242 1131 254 1170 ι
281 1107 456 1199 θεολόγους,
480 1117 539 1183 τῆς
562 1110 733 1198 ἀγγελικης
757 1115 869 1193 σειροῖς,
893 1103 981 1193 ὁμὲν
997 1115 1055 1181 τῆς
1073 1105 1204 1196 ἄρρενος,
1221 1107 1240 1180 ή
1260 1101 1293 1174 δὲ
1313 1121 1370 1186 τῆς
1396 1109 1602 1190 θηλείας,καί
1626 1119 1828 1204 ὑπουργοῦσιν

281 1227 346 1294 τοῖς
364 1209 565 1307 δημιουργοῖς
581 1226 636 1280 τοῦ
652 1217 780 1292 παντός.
799 1217 831 1278 'H
849 1207 882 1279 δὲ
897 1213 1075 1303 προφητική
1093 1209 1180 1294 τάξις
1197 1219 1322 1307 μοιραία
1339 1220 1394 1308 μέν
1409 1223 1504 1296 ἐστιν,
1525 1221 1694 1310 ἐφέστηκεν
1713 1214 1746 1288 δὲ
1759 1234 1828 1298 ταῖς

283 1331 324 1403 εἰς
348 1325 466 1418 γένεσιν
490 1316 633 1400 καθόδοις
657 1335 719 1389 τῶν
744 1322 861 1414 ψυχῶν,
886 1328 921 1388 ἐκ
944 1333 1000 1387 τοῦ
1025 1326 1156 1412 ἀφανοῦς
1175 1323 1271 1400 αὑτάς
1287 1330 1328 1400 εἰς
1344 1325 1404 1398 τήν
1429 1330 1551 1416 ἐμφανῆ
1576 1328 1829 1418 παραπέμπουσα

282 1430 378 1514 ζωήν,
403 1433 457 1500 καί
480 1425 635 1523 δαιμόνων
659 1437 788 1524 ήγεῖται
811 1442 873 1496 τῶν
897 1431 1098 1519 καλουμένων
1124 1435 1318 1523 ἀγγελικῶν,
1344 1435 1409 1498 ὅσοι
1433 1435 1504 1512 τοὺς
1527 1428 1608 1524 τῇδε
1633 1439 1716 1522 βίους
1740 1445 1829 1530 ήμῶν

283 1542 545 1635 ἐπιτροπεύουσιν,
562 1542 725 1631 εἰληχότες
740 1547 823 1630 ἡμᾶς
838 1538 918 1628 μετά
932 1539 1086 1629 σωμάτων
1103 1533 1233 1619 ζῶντας,
1250 1539 1330 1606 ἄλλο
1346 1565 1382 1607 τε
1398 1541 1503 1607 ἄλλων
1520 1542 1626 1634 ψυχῶν
1644 1547 1828 1638 συγκλήρων

282 1652 460 1745 γινομένων,
485 1649 519 1728 θς
544 1655 560 1714 6
584 1642 684 1716 τῶνδε
708 1658 771 1714 τῶν
795 1649 898 1739 λόγων
924 1647 1066 1738 μηνυτὴς
1090 1647 1171 1738 ἑώρα
1185 1647 1222 1734 ²),
1245 1649 1366 1714 τούτων
1383 1652 1548 1740 προφήτης
1565 1655 1612 1728 τίς
1635 1655 1828 1744 προῖστήκει·

284 1761 466 1852 θαυμαστόν
490 1759 549 1851 γάρ
574 1750 660 1824 ούδέν
690 1758 787 1822 ἄλλον
812 1756 922 1831 ἄλλαις
947 1754 1059 1846 ψυχαῖς
1085 1747 1236 1846 διανέμειν
1260 1756 1332 1834 τοὺς
1356 1759 1499 1850 κλήρους.
1525 1766 1561 1825 Εἰ
1584 1753 1617 1826 δὲ
1644 1755 1681 1834 δή
1716 1763 1769 1827 καί
1792 1765 1829 1828 τό

282 1871 381 1959 ὄνομα
404 1881 460 1935 τοῦ
484 1868 646 1960 προφήτου
671 1867 830 1948 σκοποίης,
848 1871 887 1941 ὡς
905 1866 998 1941 αύτός
1015 1870 1046 1930 ἐν
1064 1868 1187 1954 Τιμαίῳ
1205 1857 1345 1957 διώρισεν
1363 1870 1584 1957 ἑρμηνευτικὸν
1601 1881 1663 1935 τῶν
1689 1874 1829 1960 μαντίων

283 1980 328 2062 θν,
352 1979 407 2044 καί
430 1973 471 2043 ὧν
495 1971 691 2056 ἐνθεάζοντες
716 1980 826 2041 ἐκεῖνοι
850 1973 993 2065 λέγουσιν
1018 1967 1208 2066 ἐξηγητικόν
1236 1967 1288 2041 διιί
1315 1987 1419 2068 νοερᾶς
1444 1978 1645 2060 ἐπιστάσεως,
1669 1981 1758 2047 ἔσται
1781 2005 1830 2046 σοι

285 2079 382 2164 δῆλον
407 2089 489 2165 ὅπως
513 2086 567 2152 καί
589 2081 678 2162 οὑτος
703 2091 718 2150 6
742 2089 774 2150 ἑν
798 2095 844 2168 τῷ
866 2084 964 2149 παντί

283 2305 307 2370 f.
327 2308 379 2387 83,
397 2306 531 2372 lacunae
547 2305 582 2370 in
597 2304 661 2370 fine
679 2305 698 2369 6
716 2325 883 2369 versuum:
904 2301 1069 2389 προφήτης
1092 2311 1156 2365 τῶν
1180 2304 1210 2367 ἐν
1235 2312 1275 2388 τῇ
1302 2303 1436 2392 λαχέσει
1450 2354 1456 2367 .
1471 2355 1477 2368 .
1492 2355 1498 2368 .
1513 2305 1613 2378 ήσεων
1639 2310 1830 2396 ἑκφαντικῶς

284 2423 351 2488 νοῦς
377 2412 431 2502 μὲν
456 2408 498 2475 ιὺν
513 2465 519 2479 .
535 2464 542 2478 .
557 2464 564 2478 .
578 2435 656 2488 νους,
675 2409 758 2474 ἀλλὰ
777 2419 912 2500 μοιραῖος
929 2420 1064 2484 νοῦς...
1089 2412 1144 2475 οὑκ
1160 2413 1190 2475 ἐν
1209 2411 1338 2498 σελήνῃ,
1356 2410 1495 2502 καθάπερ
1520 2414 1677 2503 φησίν...
1703 2420 1776 2480 αλλ’
1800 2419 1830 2480 ἐν

282 2532 330 2606 τῷ
355 2520 466 2611 αἰθέρι·
490 2531 602 2586 τοῦτον
626 2517 686 2610 γάρ
711 2520 765 2585 τόν
794 2520 890 2585 τόπον
916 2522 952 2609 άρ
967 2569 973 2582 .
988 2569 1015 2582 ..
1042 2513 1121 2583 εἶναι
1144 2529 1202 2594 τῆς
1226 2518 1372 2608 γενέσεως
1404 2519 1548 2610 οἰόμεθα·
1574 2520 1691 2598 θνητῆς
1716 2513 1750 2588 δέ
1777 2549 1832 2588 πε-

285 2621 386 2721 ριόδου
403 2628 584 2719 προστάτης
601 2633 617 2692 6
633 2630 808 2720 προφήτης,
826 2625 879 2692 καί
895 2631 951 2692 ούκ
968 2618 1085 2692 ἀνόδων
1101 2633 1142 2702 εἰς
1159 2627 1296 2716 ούρανόν,
1310 2627 1393 2692 άλλαί
1410 2619 1551 2694 καθόδων
1568 2635 1608 2706 εἰς
1625 2630 1684 2702 τήν
1701 2632 1830 2720 γένεσιν.

283 2731 409 2812 Ἐπειδὴ
437 2731 470 2805 δὲ
493 2747 556 2804 τῶν
581 2739 800 2828 κληρουμένων
824 2728 1024 2826 ύπερίδρυται
1048 2734 1166 2826 ψυχῶν,
1190 2747 1257 2812 νοῦς
1275 2737 1367 2812 αὑτός
1386 2735 1428 2800 ὢν
1453 2741 1675 2830 γενεσιουργός,
1700 2749 1763 2805 τῶν
1788 2747 1830 2816 εἰς

281 2849 400 2940 γένεσιν
424 2849 632 2940 πεμπομένων
658 2851 773 2938 ἀρχῶν,
797 2851 856 2935 οὑχ
880 2843 986 2921 ἁπλῶς
1004 2847 1097 2910 αὑτόν
1116 2846 1208 2934 φησίν
1227 2835 1417 2936 δημηγορεῖν
1442 2851 1483 2922 εἰς
1507 2845 1564 2924 τοίς
1588 2844 1689 2938 ψυχάς
1713 2848 1832 2925 ταύτας

281 2957 339 3035 τιίς
363 2959 578 3049 συγκλήρους,
604 2959 674 3021 ἀλλ’
701 2947 864 3020 άναθάντα
895 2957 945 3020 ἐπί
968 2980 1001 3018 τι
1026 2956 1115 3042 βῆμα
1138 2950 1269 3042 ὑψηλὸν,
1294 2955 1342 3018 ίνα
1365 2954 1419 3018 καί
1443 2955 1693 3047 συντεταγμένος
1717 2953 1737 3042 ᾗ
1762 2967 1831 3032 ταῖς

283 3066 407 3158 ψυχαῖς,
432 3072 472 3143 ὡς
495 3067 598 3156 λόγων
623 3065 770 3156 χορηγὸς,
795 3064 849 3128 καί
872 3057 1060 3153 ἐξῃρημένος
1085 3062 1137 3126 ἀπ’
1157 3065 1271 3145 αὑτῶν,
1288 3068 1327 3138 ὡς
1348 3063 1399 3128 ἑπί
1424 3063 1566 3152 βήματος
1590 3064 1702 3155 λέγων,
1727 3103 1769 3112 -
1794 3066 1833 3128 Τί

283 3171 335 3240 οὑν
361 3165 398 3248 δή
425 3178 509 3239 ἐστιν
533 3173 625 3238 τουτί
647 3173 685 3237 τό
711 3174 810 3262 βῆμα,
835 3171 993 3262 λέγωμεν·
1020 3175 1054 3237 ού
1078 3169 1137 3262 γάρ
1163 3177 1202 3248 ὡς
1227 3173 1338 3262 ἐτυχεν
1362 3182 1456 3237 τοῦτο
1480 3169 1662 3262 παρέρριψεν
1687 3177 1703 3236 6
1728 3171 1832 3262 μῦθος,

283 3275 353 3350 οὑδὲ
375 3282 497 3358 πλάσας
522 3283 615 3360 αὐτὸς
639 3291 708 3346 νοῦν
726 3281 777 3346 ἐπί
794 3281 937 3370 βήματος
955 3273 1147 3372 δημήγορον·
1166 3279 1236 3344 ἀλλ’
1258 3281 1360 3370 ὥσπερ
1385 3286 1413 3344 οἱ
1436 3279 1526 3372 λόγοι
1552 3271 1734 3368 μεταδόσεις
1757 3279 1832 3344 εἰσίν

282 3397 443 3483 ἐνεργειῶν
468 3397 510 3468 εἰς
533 3391 590 3469 τάς
607 3389 717 3481 ψυχάς,
735 3391 896 3463 κινητικαί
913 3389 968 3480 μὲν
985 3394 1087 3456 αὐτῶν
1106 3395 1147 3466 εἰς
1164 3388 1223 3460 τήν
1240 3389 1368 3478 γένεσιν,
1386 3389 1545 3480 ἐγερτικαί
1566 3379 1599 3453 δὲ
1623 3393 1665 3463 εἰς
1688 3386 1744 3462 τιίς
1768 3397 1832 3451 τῶν

284 3503 358 3583 βίων
374 3493 540 3589 προὺολιίς,
558 3499 754 3592 ἐρεθιστικαψ
766 3490 799 3563 δὲ
817 3509 878 3563 τῶν
897 3509 1074 3587 φαντασιῶν
1093 3504 1133 3576 εἰς
1149 3497 1221 3573 τούς
1239 3497 1456 3587 ὀφειλομένους
1473 3498 1618 3585 κλήρους,
1636 3499 1684 3560 ἵνα
1700 3497 1833 3560 ἕκασται

282 3603 434 3674 λαθοῦσαι
449 3611 504 3674 τὸν
522 3614 644 3692 οἰκεῖον,
661 3602 850 3687 ἐκλέξωνται
867 3607 938 3685 τοὺς
957 3611 1052 3693 βίους,
1069 3610 1150 3674 οὑτω
1167 3607 1221 3674 καί
1236 3607 1275 3673 τό
1300 3609 1389 3695 βῆμα
1413 3598 1570 3694 σύμὺολόν
1595 3609 1678 3670 ἐστιν
1703 3603 1833 3693 μυθικὸν

283 3729 338 3781 τοῦ
363 3718 527 3806 ὀχήματος
544 3726 598 3781 τοῦ
615 3727 820 3807 προφητικοῦ,
839 3707 878 3780 δι’
896 3711 930 3782 ού
947 3709 1081 3807 κυὺερνᾷ
1097 3715 1139 3782 τά
1156 3717 1308 3807 ὀχήματα
1324 3726 1387 3780 τῶν
1405 3712 1523 3806 ψυχῶν.
1543 3714 1606 3804 Ἐφ’
1624 3709 1658 3779 οὑ
1680 3705 1833 3798 βεύηκιός,

284 3827 381 3901 ὄντως
405 3825 498 3902 αύτός
523 3828 689 3890 ἐπιστατεῖ
703 3835 773 3900 ταῖς
790 3823 981 3906 κατιούσαις,
999 3825 1098 3914 μένων
1115 3830 1146 3890 ἐν
1163 3835 1204 3909 τῇ
1223 3829 1334 3889 ἑαυτοῦ
1351 3816 1451 3907 τάξει,
1468 3823 1522 3886 καί
1546 3825 1601 3886 οὑκ
1625 3819 1834 3909 ἀφιστάμενος

284 3946 340 4001 τοῦ
365 3933 492 4026 αἰθέρος·
518 3945 578 4011 πᾶς
601 3933 661 4026 γάρ
687 3935 850 4025 ἐγκόσμιος
867 3944 933 4010 νοῦς
950 3935 1017 4023 ἔχει
1032 3958 1064 3998 τι
1081 3934 1206 4009 πάντως
1223 3933 1390 4026 ἐγκόσμιον
1413 3933 1532 4023 ὄχημα,
1550 3921 1588 3994 δι’
1605 3924 1639 3995 ού
1656 3933 1836 4018 συμπληροῖ

282 4045 320 4109 τό
344 4053 416 4122 πᾶν,
441 4045 494 4109 καὶ
518 4043 608 4133 μέρος
632 4041 673 4106 ὢν
697 4054 753 4108 τοῦ
776 4045 904 4120 παντός,
929 4043 1093 4133 ἐγκόσμιος
1118 4045 1224 4107 άποκα

283 4265 308 4330 f.
326 4265 367 4330 83
385 4287 426 4344 α,
444 4265 478 4329 in
494 4264 611 4330 lacuna
628 4265 647 4329 8
664 4285 765 4330 versa
792 4263 972 4352 ...ἐνεργεῖ
987 4258 1029 4324 τά
1043 4310 1049 4323 .
1064 4309 1091 4323 ..
1115 4269 1171 4324 τοῦ
1195 4258 1292 4348 μύθου
1316 4245 1409 4322 τοῦδε
1433 4253 1574 4345 μηνυτής
1590 4307 1597 4320 .
1614 4306 1643 4321 ..
1668 4252 1833 4343 προφήτην

284 4364 365 4436 εἶπεν
388 4365 561 4457 ὑψηλῷ...
587 4365 704 4458 αἰθέρος
729 4367 806 4432 αύτό
823 4366 997 4434 ἐθεᾶτο...
1023 4366 1099 4431 αὑτό
1116 4377 1268 4456 προεῖπεν·
1285 4371 1311 4431 εἰ
1328 4356 1362 4430 δέ
1379 4357 1510 4428 ἀναθαίν
1525 4413 1532 4426 .
1547 4413 1553 4426 .
1570 4413 1576 4426 .
1601 4362 1650 4426 ἀεὶ
1670 4365 1835 4451 ἐφεστῶτα

284 4479 338 4543 καί
353 4476 432 4543 ποτέ
447 4477 549 4567 λέγειν
566 4477 621 4540 τόν
640 4477 688 4542 ἀεὶ
703 4475 851 4567 λέγοντα,
868 4475 921 4540 καί
937 4477 966 4540 εί
978 4501 1010 4541 τι
1027 4474 1105 4541 ἄλλο
1122 4486 1264 4540 τοιοῦτον
1281 4473 1424 4565 χρονικόν
1442 4477 1526 4538 ἐστιν
1544 4481 1601 4547 τῆς
1618 4483 1673 4536 τοῦ
1690 4475 1833 4561 ὁρῶντος,

229 4607 257 4645 ³⁵
285 4587 363 4652 αὑτό
387 4596 533 4676 χρονικῆς
557 4584 685 4675 θεωρίας
708 4586 831 4658 οἰητέον
856 4581 943 4663 εἶναι,
960 4584 1202 4675 συνεισαγούσης
1227 4582 1277 4673 αφ’
1302 4589 1417 4659 ἑαυτῆς
1441 4583 1495 4646 καί
1519 4573 1559 4646 δι’
1583 4580 1699 4654 ἑαυτήν
1723 4579 1834 4669 χρόνον

284 4707 351 4770 τοῖς
375 4685 494 4777 ἀϊδίοις,
518 4694 620 4784 ὥσπερ
638 4693 690 4758 καί
706 4693 802 4757 τόπον
819 4705 884 4770 τοῖς
901 4687 959 4772 ἔξω
975 4695 1074 4758 τόπου
1091 4694 1219 4770 παντὸς,
1237 4693 1291 4756 καὶ
1308 4693 1463 4782 σχήματα
1480 4701 1545 4766 τοῖς
1570 4691 1835 4779 ἀσχηματίστοις,

286 4805 367 4869 οὑτω
386 4794 488 4868 δὲκαὶ
505 4806 536 4868 ἐν
552 4811 598 4886 τῷ
615 4793 754 4868 Φαίδωνι
769 4801 840 4892 περὶ
856 4810 918 4864 τῶν
935 4800 1042 4890 ψυχῶν
1058 4801 1170 4893 λέγων,
1188 4801 1356 4891 χρωμένων
1374 4794 1432 4878 ἔξω
1449 4811 1512 4865 τῶν
1533 4797 1689 4888 σωμάτων
1713 4797 1834 4862 τούτων

286 4909 393 4986 ἄλλοις
418 4911 586 5001 ὀχήμασιν,
610 4901 765 4974 άναθᾶσαι
788 4909 881 4998 φησίν
898 4907 919 4973 ἃ
935 4901 972 4982 δή
992 4913 1101 4985 αὑταῖς
1125 4909 1236 5000 ὀχημά
1260 4912 1355 4990 ἐστιν,
1379 4909 1481 4998 ὥσπερ
1500 4909 1554 4974 καί
1577 4913 1608 4974 ἐν
1631 4907 1755 4983 τούτοις
1778 4907 1833 4970 τόν

285 5020 451 5111 προφήτην
477 5020 527 5084 ἐπί
548 5043 581 5084 τι
607 5021 695 5108 βῆμα
720 5011 895 5084 άναόαίνειν
919 5019 1050 5108 εἴρηκεν·
1075 5023 1147 5085 ἀλλ’
1173 5020 1244 5109 οὑχί
1267 5020 1322 5084 τόν
1343 5022 1373 5084 ἐν
1399 5019 1520 5107 Τιμαίῳ
1545 5009 1734 5110 δημιουργὸν
1759 5017 1834 5106 πρός

325 5181 348 5256 ¹)
367 5179 451 5248 Quae
463 5178 583 5252 quidem
595 5178 749 5235 barbarica
762 5179 947 5252 theosophia,
960 5179 1033 5251 quid
1088 5181 1171 5238 dulia
1188 5179 1309 5237 minime
1327 5179 1548 5253 negligendum.

287 5279 335 5329 est
347 5271 406 5330 nisi
417 5269 598 5328 οἰιτίείίιιοιιί
616 5271 655 5326 Εἰ
673 5270 729 5327 hoo
746 5270 971 5343 inexpeotatum
990 5277 1033 5328 ἰο-
1124 5271 1147 5343 ²)
1166 5270 1202 5326 In
1214 5268 1349 5342 margine
1369 5287 1385 5326 ε
1403 5268 1540 5342 regione:
1555 5269 1636 5342 ὥσπερ
1652 5273 1694 5324 καὶ
1713 5271 1760 5323 ὑπὸ
1780 5268 1834 5322 δαὶ-

288 5359 461 5420 stimonium
484 5363 622 5417 etvetus
641 5357 677 5416 de
695 5367 799 5416 nostra
817 5376 891 5434 ergo.
909 5361 1032 5435 angelos
1088 5381 1152 5433 μονα
1171 5361 1283 5434 γίνινιιιι
1302 5363 1378 5414 ἄλλον
1396 5365 1439 5414 καὶ
1460 5363 1545 5413 ἄλλον.
