4022 6072
855 537 892 607 iu
906 535 1068 626 paulinos.
1699 551 1736 606 93

190 711 348 784 ὀιπλότητι
373 710 575 800 κεχρημένος,
592 701 662 775 οὑόὲ
684 713 718 774 ἐκ
736 711 849 798 τέχνης
866 711 934 774 ἐπί-

187 821 329 884 πλαστον
361 827 491 907 σχῆμα,
515 815 577 881 οἷον
608 828 799 907 προσωπεῖον
830 822 932 899 ἑαυτῷ

187 926 259 1016 πρὸς
283 915 342 995 ctu
367 934 430 988 τῶν
447 924 703 1013 ἐντυγχανόντων
729 923 857 995 ἀπάτην
882 947 934 988 πε-

188 1033 317 1122 ριτιθείς,
345 1033 379 1098 '0
401 1043 540 1107 τοιοῦτος
556 1031 711 1107 πεποιθὼς
728 1035 797 1120 ἐρεῖ·
824 1033 931 1122 Κρίνον

186 1164 236 1228 με,
251 1139 353 1230 Κύριε,
365 1140 415 1203 ὅτι
428 1141 490 1228 ἐγὼ
504 1143 534 1202 ὀν
550 1141 665 1222 ἀκακία
680 1163 739 1228 μου
753 1136 932 1228 ὲπορέσθιρι.

987 713 1087 779 idest
1110 713 1348 797 simplicitatem
1372 718 1505 780 naturae
1526 737 1604 782 suae
1627 717 1735 800 profe-

987 843 1069 901 rens,
1082 842 1145 885 nou
1163 842 1201 885 ex
1218 826 1287 884 arte
1304 821 1448 886 fictitium
1465 822 1613 906 speciem,
1630 823 1730 890 veluti

987 952 1152 1014 personam
1178 930 1335 996 scenicam
1351 930 1483 996 induens
1503 930 1543 996 nd
1563 953 1732 999 occurren-

986 1042 1034 1102 tes
1061 1037 1290 1122 decipiendum.
1314 1036 1376 1114 Qui
1399 1039 1445 1103 ita
1468 1060 1638 1122 persuasus
1672 1047 1731 1123 est,

986 1144 1086 1210 dicet:
1107 1144 1281 1223 ‘Domina
1299 1145 1407 1229 judica
1430 1167 1490 1225 me,
1514 1145 1590 1229 quia
1615 1168 1675 1232 ego
1700 1148 1733 1212 in

986 1250 1166 1316 innocentia
1188 1272 1259 1316 mea
1282 1251 1442 1316 ambulavi
1459 1301 1485 1331 ,.

791 1571 991 1638 essenus
1014 1519 1133 1637 xxm.

422 1812 452 1852 ν.
478 1792 508 1853 5.
528 1785 603 1850 Ὀτι
626 1783 736 1875 ἔκρυψέ
760 1810 799 1875 με
821 1789 852 1850 ἐν
877 1795 977 1869 σκηνῇ
1005 1788 1099 1850 αὐτοῦ
1124 1789 1154 1852 ἐν
1179 1786 1281 1876 ἡμέρᾳ
1304 1795 1409 1851 κακῶν
1434 1809 1504 1876 μου.

333 1898 489 1980 (χιιοιιίαιιι
513 1896 678 1963 abscondit
702 1897 807 1962 cuein
830 1898 1033 1964 tabernaculo
1055 1918 1113 1964 suo
1135 1898 1172 1962 ιἰι
1196 1897 1247 1963 ctio
1269 1897 1426 1963 mulorum
1449 1917 1598 1965 meorum.

227 2112 332 2177 Ἔστω
345 2137 392 2189 τις
405 2105 597 2201 ζητούμενος
614 2111 672 2176 turb
686 2120 749 2176 τῶν
762 2111 933 2199 πολεμίων,

189 2219 247 2285 buri
271 2212 305 2285 δὲ
328 2229 390 2284 τῶν
409 2221 526 2284 οἰκείων
544 2221 575 2283 ἔν
592 2244 653 2283 τινι
670 2221 797 2301 οἰκίσκῳ
822 2210 934 2282 δυστο-

191 2330 275 2419 ρηῖτῳ
300 2328 533 2419 φρουρούμενος.
557 2337 705 2394 Τοιοῦτον
730 2323 781 2393 οόν
806 2326 936 2400 νοητέον

190 2436 328 2527 γίνεσθαι
344 2437 415 2526 περὶ
431 2437 485 2502 τόν
502 2435 590 2526 ἅγιον
608 2435 666 2502 ost
683 2446 741 2510 τῆς
758 2433 840 2512 θείας
858 2437 937 2509 σκη-

189 2567 243 2619 νης
267 2545 386 2620 ἐκείνης
418 2537 639 2620 σκηπαζοίιοης
665 2544 776 2618 αότόν,
801 2541 875 2632 πρὸς
898 2544 937 2606 τό

190 2650 232 2740 μθ,
249 2655 484 2742 εὐεπιχείρητον
503 2647 661 2728 εἶναιτοῖς
678 2654 849 2740 πολεμίοις·
865 2675 938 2740 προ-

190 2760 325 2826 σαπτέον
351 2752 383 2823 δὲ
407 2759 478 2832 τοὺς
503 2761 630 2848 στίχους
654 2760 707 2822 καί
731 2769 795 2833 τοῖς
820 2761 937 2829 κεκλη-

189 2873 290 2959 μένοις
315 2861 365 2933 tot
389 2870 542 2949 πίστεως,
566 2867 619 2931 καί
645 2867 766 2956 ῥητέον,
784 2868 834 2929 ὅτι
859 2868 935 2930 ὅταν

189 3001 269 3052 τινες
295 2979 399 3050 αὐτοῖς
424 2971 542 3062 θλίψεις
566 2974 620 3038 καὶ
644 2967 798 3063 ὀιωγμοός
822 2978 936 3037 ἐπισω-

190 3084 318 3173 ρεθουσι,
336 3084 386 3148 ὅτι
404 3087 419 3146 ὀ
437 3083 524 3167 Θεὸς,
541 3081 625 3146 κατά
651 3082 743 3171 φησὶν
760 3086 775 3144 ὀ
793 3088 935 3166 Μωόσῆς,

137 3261 144 3271 ,
188 3199 228 3268 ὡς
242 3191 343 3267 Ιιιὲτός
368 3185 518 3269 σκεπάζει
534 3195 657 3256 νοσσίαν
676 3193 769 3254 αὑτοῦ
786 3189 819 3273 ¹),
838 3192 934 3266 οὕτως
950 3210 956 3219 ·

188 3305 229 3376 εἰς
253 3300 310 3376 τάς
334 3300 490 3390 πτέρυγας
515 3291 642 3388 δέχεται
667 3300 789 3376 αὐτούς.

1033 2113 1082 2180 Sit
1105 2113 1221 2198 uliquis
1244 2113 1284 2180 ab
1308 2113 1454 2179 hostibus
1477 2112 1659 2196 inquisitus,
1683 2111 1737 2176 sed

989 2220 1204 2287 adomesticis
1220 2220 1396 2285 custoditus
1420 2220 1453 2284 iu
1476 2219 1583 2304 aliqua
1604 2219 1738 2284 domuu-

990 2328 1063 2394 cnla
1085 2347 1181 2412 aegre
1204 2328 1383 2412 aperienda.
1408 2327 1518 2394 Simile
1543 2327 1619 2411 quid
1644 2347 1738 2393 exco-

991 2437 1159 2522 gitandum
1182 2441 1230 2502 cst
1246 2437 1285 2502 de
1301 2437 1369 2502 viro
1392 2440 1512 2516 sancto,
1537 2457 1633 2520 quem
1657 2435 1739 2500 diri·

991 2567 1068 2610 num
1092 2543 1172 2610 illud
1202 2544 1445 2612 tabernaculum
1473 2544 1566 2629 tegit,
1596 2565 1633 2626 ac
1664 2565 1739 2608 sane

991 2651 1136 2718 hostibus
1158 2653 1294 2717 arduum
1317 2655 1365 2716 ast
1394 2672 1467 2716 enm
1490 2651 1663 2735 attingere.
1694 2650 1739 2715 At

990 2761 1049 2826 bos
1062 2782 1171 2826 versus
1183 2761 1320 2845 dirigere
1337 2764 1385 2826 cst
1400 2761 1440 2825 ad
1456 2757 1577 2844 eosqui
1591 2758 1629 2824 ad
1642 2756 1737 2822 fidem

990 2873 1155 2954 vocantur,
1166 2875 1198 2935 et
1210 2869 1377 2935 dicendum
1390 2869 1474 2953 quod
1486 2867 1613 2954 quando
1626 2888 1735 2932 eorum

990 2977 1135 3044 nonnulli
1148 2977 1372 3043 tribulationes
1385 2981 1417 3042 et
1429 2975 1665 3060 persecutiones
1678 2995 1735 3058 pa-

990 3086 1125 3166 tiuntur,
1147 3084 1244 3166 Deua,
1260 3089 1298 3150 ut
1314 3084 1360 3150 ait
1376 3083 1512 3169 Moyses,
1529 3084 1612 3150 sicut
1627 3081 1736 3166 aquila

991 3193 1134 3278 protegit
1149 3191 1255 3278 pullos
1271 3215 1352 3274 suos,
1369 3191 1413 3258 sic
1430 3213 1484 3258 eos
1500 3190 1559 3256 sub
1575 3188 1643 3254 alus
1663 3209 1736 3252 suas

989 3299 1114 3384 recipit.

777 3569 975 3637 PSALMUS
997 3563 1148 3638 XXXIV.

426 3773 455 3815 ν.
483 3753 533 3816 19.
558 3753 597 3812 ot
621 3758 781 3837 picatores
806 3773 846 3838 με
871 3740 997 3840 ὀωρεάν,
1022 3749 1075 3813 καί
1100 3715 1293 3821 διανεύοντες
1318 3743 1500 3835 ὀφθαλμοῖς.

554 3858 617 3940 Qui
640 3860 776 3926 oderunt
800 3883 846 3926 mc
867 3861 983 3944 pratis,
1008 3867 1037 3926 ct
1061 3859 1241 3940 despiciunt
1264 3855 1373 3924 oculis.

234 4061 401 4145 Πανταχοῢ
426 4047 460 4120 δὲ
476 4054 517 4120 τά
535 4055 708 4144 ἑννεόματα
730 4064 793 4119 τῶν
818 4054 934 4145 ὀφθαλ-

190 4173 254 4252 μῶν
286 4155 513 4247 ὀιαθέθληται,
537 4168 576 4239 ὡς
600 4167 630 4229 ἑν
659 4166 839 4254 παροιμίαις
863 4163 933 4230 Ἐπί

188 4283 244 4336 τοῦ
268 4281 365 4335 κακοῦ
388 4272 479 4360 πείρᾳ
494 4271 678 4359 τετήρηται,
697 4273 746 4335 ὅτι
764 4270 854 4345 αότὸς
879 4273 933 4336 ἑν-

188 4379 269 4445 νεόει
294 4379 348 4467 μὲν
380 4363 561 4468 ὀφθαλμοῖς.
588 4381 739 4469 Σημαίνει
764 4370 798 4444 δὲ
820 4371 933 4463 τοόὶ’)

189 4489 242 4555 καί
254 4489 360 4554 πάλιν·
374 4489 408 4553 Ὁ
419 4487 546 4553 Ιεννεόων
561 4487 732 4576 ὀφθαλμοῖς
746 4488 827 4576 μετά
840 4481 933 4556 θόλου

190 4597 316 4689 συνάγει
330 4587 460 4686 άνόράσι
473 4595 620 4680 λόπας’).
634 4595 752 4662 Φθάνει
770 4589 802 4664 tt
815 4597 856 4662 τά
868 4623 934 4663 τοι-

190 4717 271 4770 αῦτα
294 4707 485 4795 ἐγκλήματα
506 4705 556 4769 ἐπὶ
580 4704 652 4780 τοὺς
676 4704 854 4794 φρονήματι
879 4707 933 4796 μὲν

190 4805 365 4893 ἀλαζονικῷ
390 4816 653 4901 ὑπερφρονοῦντας
671 4821 732 4874 τῶν
750 4803 934 4878 ὑποδεεστέ-

191 4928 260 5010 ρων,
284 4915 495 5000 ὑπτιάζοντας
516 4911 550 4985 bt
574 4930 619 5002 τῷ
644 4906 865 5008 σχάματικαὶ
889 4929 934 5002 τῷ

188 5033 320 5119 νεόματι
343 5039 406 5094 τῶν
431 5029 549 5119 ὀφρίιων
581 5029 641 5100 τὴν
674 5021 849 5106 άλαζωνίαν
882 5031 936 5093 ἐν-

190 5127 414 5226 θεικνυμένους.

225 5294 247 5367 ¹)
266 5293 388 5350 Denter.
408 5309 503 5364 xxxo,
523 5294 565 5350 11.

224 5384 247 5456 Ι)
265 5381 313 5440 Sic
332 5382 392 5440 ood-
412 5385 459 5438 An
472 5400 527 5456 pro
547 5385 573 5435 ἐκ
593 5381 696 5437 nectito?
708 5383 795 5440 Prov.
808 5398 868 5453 XVI,
881 5382 935 5440 30?

1032 4055 1159 4141 Ubique
1183 4054 1349 4121 oculorum
1372 4059 1470 4119 nutus
1487 4054 1520 4119 in
1543 4052 1736 4119 calumniam

988 4165 1098 4231 habita
1114 4168 1199 4246 sunt,
1216 4164 1299 4230 sicut
1315 4164 1348 4230 in
1364 4163 1558 4248 proverbiis:
1579 4167 1591 4197 ¹⁴
1607 4160 1659 4226 Ab
1680 4162 1735 4226 im·

987 4273 1089 4358 probo
1112 4276 1242 4338 cautum
1272 4275 1331 4351 est,
1355 4272 1430 4357 quia
1462 4269 1561 4338 oculis
1584 4269 1689 4335 innuit
1707 4318 1732 4348 ς.

988 4379 1076 4446 Pone
1099 4402 1209 4446 rursus
1231 4379 1314 4445 idem
1330 4381 1493 4464 sequitur:
1521 4377 1614 4454 ‘Qui
1629 4376 1734 4441 innuit

989 4491 1099 4574 oculis,
1123 4489 1286 4557 molestias
1310 4488 1430 4554 fraudis
1447 4488 1629 4554 bominibus
1652 4506 1735 4553 com·

989 4603 1082 4684 purat
1100 4649 1125 4680 ,.
1143 4598 1191 4663 De
1207 4596 1257 4660 bis
1273 4617 1388 4681 nempe
1403 4595 1520 4660 similia
1539 4593 1734 4678 exprobran-

989 4713 1053 4782 tur,
1070 4707 1125 4792 qui
1148 4705 1215 4772 alto
1239 4689 1353 4771 mentis
1377 4704 1462 4770 fastu
1486 4701 1665 4786 despiciunt
1684 4701 1732 4764 in·

989 4816 1132 4894 seriores,
1160 4813 1275 4879 merito
1302 4817 1408 4878 tamen
1436 4809 1559 4893 supini,
1589 4829 1647 4873 nec
1673 4806 1734 4870 nisi

990 4923 1168 5007 superciliis
1191 4920 1338 5004 crispatis
1362 4915 1579 5002 arrogantiam
1603 4937 1679 5000 prae
1700 4937 1733 4978 se

991 5030 1139 5094 ferentes,

1024 5294 1047 5366 ³)
1065 5293 1153 5350 Pron.
1172 5305 1201 5358 x,
1222 5289 1266 5347 10.
