3944 6074
287 539 340 598 181
536 533 690 608 Platonis
707 533 834 626 duplex
853 533 979 622 classis,
1000 539 1145 625 quatuor
1160 557 1288 629 ρεηονο
1307 539 1337 609 οἰ
1355 559 1426 610 una
1444 539 1576 614 οἰυὶοοε.

287 705 346 792 fr&
372 705 437 794 μὲν]
457 701 507 770 οὖν
526 699 664 770 Ἡσιόδου
682 707 755 798 γένη
775 717 915 772 τοιαῦτα.
934 745 978 754 -
995 707 1127 771 Πλάτων
1148 700 1192 793 [δέ
1209 712 1248 802 εἰς
1266 700 1330 794 δύο]
1351 699 1460 774 διελὼν
1486 709 1544 780 τήν
1561 711 1663 792 πόλιν,
1682 722 1747 786 τοῖς
1773 709 1825 796 μὲν

286 813 348 876 άνω
373 813 604 903 τεταγίμένυις]
633 817 780 903 ἀπονέμει
804 813 840 881 τό
864 827 995 904 χρυσοῦν
1020 816 1073 880 καί
1098 821 1247 907 ἀργυροῦν
1265 818 1361 906 γένος,
1380 829 1443 892 τοῖς
1464 809 1497 882 δὲ
1521 818 1607 900 κάτῳ
1632 817 1666 884 τό
1690 822 1825 907 χαλκοῦν

285 924 338 986 καί
363 914 516 1012 σιδηροῦν·
541 934 586 1005 τῶ
612 927 666 1012 μέν
691 930 853 1013 φυλακικῶ
877 924 930 992 τόν
955 925 1132 1014 χρυσόν,ῶς
1157 926 1315 1015 ἀκήρατον
1341 919 1496 1013 ἀ[ποδούς]
1522 927 1575 990 καί
1599 925 1701 990 ἀῦλον·
1726 934 1773 1007 τῷ
1797 917 1827 988 δὲ

286 1036 469 1120 ἑπικουρικῷ
494 1033 548 1094 τόν
574 1031 714 1122 ἄργυρον,
737 1036 797 1117 [ὡς]
825 1035 929 1114 ἐκείνω
955 1043 1100 1121 συγγενεῖ
1124 1033 1176 1096 καὶ
1194 1033 1245 1096 ἀπ’
1264 1036 1379 1097 ἐκείνου
1395 1035 1490 1125 λόγον
1514 1027 1739 1124 προσλαό[όντι
1763 1033 1824 1116 καὶ]

245 1166 257 1202 ε
287 1129 438 1204 παιδείαν·
465 1148 509 1220 τῷ
534 1131 567 1204 δὲ
592 1139 722 1222 θητικῷ,
747 1140 876 1204 πάθεσιν
894 1145 1010 1215 ύλικοῖς
1031 1141 1217 1230 [χρω]μένῳ,
1234 1143 1287 1206 τὀν
1305 1144 1426 1230 χαλκόν
1443 1143 1497 1206 καί
1520 1144 1574 1206 τὸν
1592 1135 1727 1232 σίδηρον.
1740 1141 1828 1204 Ἔστι

286 1245 345 1336 γάρ
374 1249 427 1332 [τι]
454 1248 508 1310 καί
532 1253 562 1312 ἐν
579 1247 682 1331 τούτῳ
700 1248 823 1322 πάντως
841 1247 966 1334 ἄμεινον
985 1248 1037 1310 καί
1053 1258 1155 1336 χεῖρον
1177 1247 1355 1336 [ἀνά]λογον
1374 1251 1506 1332 ἐκείνοις,
1527 1250 1580 1312 καί
1596 1255 1611 1312 ὁ
1637 1250 1691 1337 μέν
1713 1249 1830 1337 χαλκός

287 1355 346 1428 τήν
370 1357 443 1445 πρός
468 1357 521 1421 τόν
545 1357 658 1445 χρυσόν
684 1359 853 1446 ἀναλογίαν
879 1349 1023 1434 διασώζει
1044 1368 1098 1420 τοῦ
1115 1359 1289 1446 κρείττονος
1307 1361 1337 1422 ἐν
1353 1361 1438 1440 αύτῷ
1454 1357 1488 1444 1)·
1514 1363 1528 1422 ό
1554 1350 1588 1422 δὲ
1612 1349 1748 1445 σίδηρος,
1774 1357 1830 1426 τήν

287 1464 361 1554 πρός
385 1465 438 1531 τόν
463 1466 604 1556 ἄργυρον·
633 1464 733 1550 [όίτάν
758 1460 809 1529 σύν
826 1465 957 1555 λέγωσιν
975 1469 1006 1527 αἱ
1023 1471 1141 1528 Μοῦσαι
1158 1463 1199 1528 τά
1222 1464 1293 1554 παρ’
1320 1457 1450 1547 ’Πσιόδῳ
1475 1466 1528 1528 καὶ
1551 1465 1622 1554 παρ’
1648 1469 1733 1547 αύτῷ
1758 1464 1829 1552 γένη

289 1574 331 1660 μή
357 1585 472 1664 χρῆναι
496 1573 716 1665 συμμιγνύναι,
742 1574 911 1662 φυλάττειν
937 1565 970 1638 δὲ
995 1575 1142 1644 ἀλλήλων
1168 1565 1363 1664 διωρισμένοι,
1381 1573 1422 1638 τά
1443 1575 1607 1663 κρείττονα
1631 1573 1686 1634 καὶ
1709 1573 1832 1661 χείρονα

234 1702 259 1738 1⁰
288 1675 353 1754 εἴδη
373 1693 429 1758 τῆς
454 1676 535 1760 ζωῆς
561 1677 695 1759 ἀξιοῦσιν
721 1680 921 1771 ἀσύγχυταέ)
940 1673 1104 1768 διαμένειν·
1121 1681 1192 1769 παρ’
1211 1683 1394 1770 ἀμφοτέροις
1411 1679 1470 1770 γάρ
1495 1671 1719 1768 διαφορότητος
1747 1671 1833 1742 εἰδῶν

288 1785 427 1869 ζωτικῶν
460 1793 669 1880 σημαίνονται
698 1781 748 1854 διά
780 1799 842 1853 τῶν
875 1795 955 1852 ὑλῶν
987 1790 1126 1853 τούτων·
1157 1788 1192 1863 ἀς
1221 1789 1373 1880 ἀκράτους
1405 1780 1630 1876 διατηρητεόν,
1657 1782 1712 1850 εἶθ’
1738 1789 1834 1861 ούτως

287 1897 383 1972 αύτάς
409 1889 615 1972 διαστήσαιτό
640 1923 698 1976 τις,
716 1903 755 1971 ὡς
773 1901 788 1959 ὁ
805 1888 953 1978 Ἡσίοδος,
970 1905 1145 1983 πενταχῶς,
1164 1891 1217 1959 εἷθ’
1236 1897 1332 1971 οὕτως
1348 1903 1388 1971 ὡς
1409 1895 1541 1959 Πλάτων
1560 1888 1632 1985 διχῇ
1652 1887 1758 1984 διχῶς·
1778 1894 1834 1966 τήν

287 2003 346 2093 γάρ
371 1997 529 2091 σύμμιξιν,
554 2005 636 2092 μήτε
660 2005 715 2071 τόν
739 2005 852 2094 χρυσὸν
870 2005 1029 2094 ἀκήρατον
1047 2005 1114 2068 ἐστὶ
1132 1997 1252 2081 σώζειν,
1272 2009 1343 2069 ἀλλ’
1368 2009 1402 2069 ἐκ
1426 2015 1483 2078 τῆς
1506 2016 1568 2069 τῶν
1594 2004 1697 2068 ἀλλων
1725 1999 1834 2092 μίξεως

290 2111 428 2200 ίούμενσν
453 2113 507 2176 καί
524 2110 644 2201 σήψεως
663 2113 943 2202 ἀναπιμπλάμενον
961 2117 1135 2177 ὑποτελεῖν·
1154 2114 1235 2200 μήτε
1251 2113 1306 2178 τόν
1323 2105 1448 2203 σίδηρον
1465 2117 1512 2179 ἔτι
1523 2111 1548 2198 ³)
1565 2111 1624 2184 τὴν
1641 2117 1755 2176 ἑαυτοῦ
1781 2135 1835 2197 φυ-

235 2238 259 2274 1⁵
288 2219 451 2284 λάττοντα
477 2214 578 2302 τάξιν,
603 2219 687 2284 ἀλλά
703 2219 745 2284 τά
763 2221 895 2310 ἀργύρου
912 2220 1063 2309 πράττειν
1080 2218 1229 2285 ἐθέλοντα
1247 2210 1297 2284 διά
1315 2221 1372 2291 τήν
1391 2215 1483 2311 μῖξιν,
1500 2221 1554 2286 καὶ
1576 2231 1677 2284 ταῦτα
1700 2219 1835 2308 χθόνιον,

289 2331 360 2390 ἀλλ’
386 2330 420 2391 ού
444 2327 550 2418 πύριον
575 2329 662 2412 ὄντα,
688 2327 741 2391 καί
765 2325 933 2402 σκοτεινόν,
960 2327 1029 2390 ἀλλ’
1056 2330 1090 2390 ού
1115 2328 1221 2415 φανόν.

1029 2561 1100 2625 MP'.

337 2755 415 2841 [Τήν
432 2755 646 2843 ἀνομοιότητα
665 2757 732 2838 (fol.
754 2759 817 2822 108
835 2757 877 2843 ν.)
893 2757 1030 2832 στάσεως
1048 2759 1151 2820 αἰτίαν
1168 2750 1244 2822 εἶναι
1260 2758 1351 2846 φησίν
1369 2761 1385 2820 ό
1405 2767 1468 2821 τῶν
1493 2764 1619 2821 Μουσῶν
1646 2755 1719 2848 ἱερός
1746 2757 1836 2847 λόγος

292 2864 429 2938 εἰκότως·
445 2869 471 2927 εἰ
487 2862 546 2953 γάρ
563 2869 582 2936 ή
602 2863 751 2951 ὁμοιότης
769 2865 947 2953 συναγωγάς
965 2869 1031 2928 έστι
1048 2873 1110 2927 τῶν
1127 2868 1253 2928 πολλῶν
1271 2870 1311 2939 εἰς
1328 2863 1370 2940 ἓν,
1387 2865 1441 2928 καὶ
1457 2870 1476 2938 ή
1495 2866 1656 2953 παροιμία]
1675 2865 1712 2929 τό
1731 2867 1835 2954 ὅμοιον

292 2981 336 3054 τῷ
365 2973 472 3058 [ὁμοίῳ
497 2973 632 3060 λέγουσα
656 2973 768 3060 φίλον,]
795 2971 926 3054 ἀληθής,
945 2964 1041 3046 δῆλον
1060 2963 1097 3042 δή
1117 2974 1167 3036 ὅτι
1184 2974 1271 3045 καὶὴ
1291 2973 1479 3058 ἀνομοιότης
1508 2975 1606 3056 [αἰτία
1630 2972 1770 3048 στάσεως
1788 2973 1838 3036 καὶ

237 3111 263 3148 ιο
291 3079 411 3169 ἔχθρας,
437 3081 490 3143 καί
514 3081 563 3166 τό]
590 3079 733 3167 ἀνόμοιον
760 3081 981 3168 ἀλλοτριοῦται
1007 3079 1134 3164 [παντός
1158 3081 1239 3169 ᾧπέρ
1264 3083 1347 3142 ἐστιν
1372 3079 1540 3168 ἀνόμοιον.
1566 3084 1633 3154 Πῶς
1653 3073 1704 3142 σύν
1728 3080 1785 3144 καί
1808 3085 1836 3143 εν

291 3188 414 3264 τούτοις
437 3194 456 3260 ή
483 3189 671 3278 ἀνομοιότης
695 3191 796 3252 τίκτει
806 3188 830 3270 ⁴)
856 3197 917 3251 τῶν
943 3190 1103 3278 ἀρχόντων
1129 3188 1187 3260 τήν
1206 3187 1332 3264 στάσινς
1352 3197 1416 3262 πῶς
1442 3179 1474 3252 δέ
1498 3188 1613 3274 όιλ[λως
1637 3187 1668 3272 ἢ]
1696 3199 1761 3252 τῶν
1787 3194 1838 3278 ἀρ-

291 3297 413 3384 χόντων
438 3299 576 3360 οὐκέστι
595 3297 703 3385 μόνως,
722 3297 819 3361 όντων
838 3295 1000 3385 ἀγα[θῶν],
1018 3289 1088 3360 οὐδὲ
1105 3297 1227 3384 φύσεσιν
1246 3295 1414 3386 ἀκηράτοις
1432 3296 1608 3384 χρωμένων,
1628 3289 1719 3382 [οὐδὲ]
1744 3297 1839 3360 καθα-

294 3405 442 3494 ρευόντων
456 3415 513 3479 τῆς
527 3413 589 3467 τῶν
607 3409 732 3468 πολλῶν
750 3407 796 3468 ἔτι
808 3406 830 3480 Ι”)
847 3399 966 3488 ζωῖῆςί,
982 3403 1065 3468 ἀλλά
1080 3403 1209 3468 πάθεσιν
1223 3414 1385 3496 συμμιγῶν
1403 3406 1511 3489 όντων,
1528 3411 1547 3476 ή
1566 3403 1638 3492 πρός
1654 3407 1837 3490 ἀλῇλή]λους

294 3518 395 3578 αύτῶν
410 3515 597 3603 ἀνομοιότης
615 3515 810 3602 ἐπιγίγνεται
828 3502 879 3574 διά
896 3509 987 3600 [τήν]
1003 3521 1065 3575 τῶν
1085 3514 1235 3600 ἀνομοίων
1254 3506 1346 3598 μῖξιν,
1365 3513 1461 3600 λόγου
1478 3512 1531 3574 καὶ
1545 3512 1683 3599 ἀλογίας,
1697 3504 1836 3586 παιδείας

237 3647 265 3682 ιε
293 3623 346 3686 καί
371 3614 583 3703 ἀπαιδευσίας,
609 3623 730 3710 εύφυίας
748 3621 801 3684 καὶ
819 3622 927 3708 ἀφυίας
938 3645 945 3696 ;
964 3619 1083 3695 ταύτης
1103 3611 1130 3682 δ’
1148 3619 1418 3708 έπεισελθούσηςὸ)
1435 3625 1462 3684 οἱ
1479 3619 1533 3706 μὲν
1551 3622 1597 3682 ἐπ’
1624 3619 1732 3695 ἀλλας,
1755 3626 1784 3684 οί
1808 3613 1837 3684 δὲ

293 3733 341 3792 ἐπ’
359 3728 458 3803 ἄλλας
475 3728 570 3817 όρμάς
588 3726 768 3812 ἕλκονταιἹ)
786 3729 839 3791 καὶ
856 3721 979 3816 ὀρέξεις,
997 3725 1031 3800 ἀς
1048 3726 1206 3799 ἐθέλοντες
1223 3731 1408 3814 ἐκπληροῦν,
1431 3726 1556 3801 στάσεις
1573 3729 1741 3815 ἐγείρουσιν
1767 3729 1834 3790 κατ’

294 3837 453 3916 ἀλλήλοιν,
479 3839 533 3900 ούκ
550 3838 598 3900 ἔτι
617 3828 667 3898 διά
684 3837 743 3906 τήν
761 3837 975 3923 ἀνομοιότητα
993 3847 1054 3898 τῶν
1072 3835 1166 3918 ήθῶν,
1184 3835 1272 3898 κοινά
1289 3835 1396 3899 πάντα
1412 3829 1601 3922 νομίζοντες,
1619 3827 1688 3899 οὐδὲ
1704 3835 1742 3899 τό
1768 3836 1835 3924 ἐμόν

293 3941 346 4005 καί
370 3945 425 4005 οἰικ
448 3943 520 4029 ἐμὸν
546 3943 727 4032 φεύγοντες,
754 3936 817 4007 οὐδ’
843 3944 893 4007 ἐπί
917 3954 981 4017 τοῖς
1007 3945 1109 4016 αύτοῖς
1134 3933 1280 4029 ήδομένοι
1310 3943 1361 4005 καὶ
1393 3941 1595 4029 λυπούμενοι·
1621 3933 1758 4014 διίστησι
1781 3943 1837 4031 γάρ

295 4053 397 4114 αὐτῶν
422 4049 479 4125 τάς
503 4041 617 4124 ηδονάς
642 4051 695 4113 καί
719 4051 817 4126 λύπας
843 4057 861 4121 ή
890 4052 1075 4139 ἀνομοιότης
1092 4061 1154 4114 τῶν
1172 4050 1266 4134 ήθῶν,
1284 4051 1338 4114 καί
1355 4055 1383 4114 οἱ
1407 4049 1461 4138 μὲν
1487 4051 1604 4134 ἄλλοις,
1626 4057 1653 4115 οί
1678 4043 1711 4114 δέ
1735 4053 1838 4125 ἄλλοις

240 4201 266 4236 ,0
293 4160 462 4248 χαίροντες,
488 4160 541 4222 καὶ
564 4162 613 4223 ἐπ’
631 4159 738 4234 ἄλλοις
757 4159 931 4247 ἀχθόμενοι,
949 4162 1002 4223 καί
1020 4161 1125 4235 ἀλλοις
1142 4161 1179 4222 το
1196 4149 1272 4224 ἴδιον
1291 4157 1473 4247 ἐπίπροσθεν
1501 4157 1636 4222 τίθενται
1652 4169 1706 4222 τοῦ
1728 4169 1837 4223 κοινοῦ·

295 4259 489 4355 διῃρημένων
515 4259 548 4332 δὲ
572 4269 601 4330 ἐν
628 4267 770 4349 αύτοῒςθ)
796 4279 858 4332 τῶν
890 4261 1016 4357 όρέξεων
1051 4283 1077 4338 ζζ-
1104 4267 1256 4355 ἐμφύεται
1269 4263 1294 4354 ⁹)
1318 4267 1426 4342 στάσις
1452 4277 1513 4329 τῶν
1537 4266 1644 4331 παθῶν
1669 4278 1731 4332 τῶν
1757 4260 1835 4331 ἰδίειν

294 4377 437 4449 ἑκάστοις
462 4374 740 4461 ἐμφωλευσάντων,
755 4378 802 4439 ἐπ’
828 4375 912 4439 ἀλλα
937 4377 1051 4450 ἀλλους
1076 4375 1283 4438 ὲλκιισάντων·
1301 4381 1408 4439 οἰκοῦν
1432 4381 1451 4448 ή
1479 4375 1533 4462 μὲν
1559 4375 1666 4449 στάσις
1690 4375 1758 4439 λύει
1781 4375 1835 4444 τήν

294 4483 465 4544 πολιτείαν·
491 4479 611 4552 ταύτην
630 4472 663 4544 δέ
679 4487 698 4554 ή
719 4485 906 4570 ἀνομοιότης
923 4486 1067 4554 ἐποίησεν
1084 4493 1146 4545 τῶν
1166 4482 1326 4570 ἀρχόντων
1343 4483 1417 4570 πρὸς
1434 4484 1600 4556 ἀλλήλους·
1617 4481 1737 4555 ταύτην
1764 4475 1796 4546 δέ
1817 4487 1833 4554 ή

296 4583 376 4677 μῖξις
391 4598 452 4652 τῶν
466 4593 496 4652 έν
511 4599 550 4672 τῇ
565 4591 656 4654 πόλει
668 4594 779 4680 γείνῶν
794 4595 930 4679 ἀρχικῶν
949 4593 1018 4672 (fol.
1035 4595 1109 4676 109)
1126 4591 1179 4653 καί
1198 4588 1239 4676 μή
1261 4593 1406 4678 ἀρχικῶν·
1421 4588 1474 4650 καί
1489 4589 1610 4659 ταΰτην
1626 4582 1689 4658 δέτί
1706 4590 1835 4678 ἀμουσία

242 4737 268 4774 ³⁵
296 4705 357 4759 τῶν
372 4694 443 4770 τοὺς
461 4696 580 4785 γάμους
598 4699 651 4762 καί
668 4697 724 4774 τάς
742 4693 890 4788 συνέρξεις
906 4699 1142 4778 ἐπιτελούντων,
1160 4703 1194 4760 ού
1212 4693 1405 4768 δυνηθέντων
1422 4699 1521 4786 κρίναι
1537 4695 1593 4771 τάς
1607 4699 1714 4786 όμοίας
1728 4698 1834 4785 φύσεις,

297 4804 365 4892 καί]
392 4798 542 4881 συντάξαι
568 4806 657 4896 [πρός
683 4806 853 4894 ἀλλήλας]
879 4807 1000 4878 ταύτην
1026 4797 1101 4879 δὲή
1129 4805 1263 4895 ῥᾳθυμία
1287 4814 1348 4868 τῶν
1373 4796 1630 4890 παιδευσ[ἀντων]
1654 4804 1765 4879 αύτούς
1788 4803 1835 4866 καί

335 4998 357 5071 ¹)
376 4999 412 5054 A.
432 4998 451 5054 f.
471 4999 514 5054 37.
1134 5000 1157 5072 ⁶)
1175 4999 1210 5054 A.
1230 5001 1423 5059 ὑπεισιλθοθσης.

334 5087 356 5161 ²)
375 5089 411 5144 Α·
431 5091 572 5161 θσῦῦλῦῑαν
1132 5091 1156 5164 ⁷)
1176 5090 1256 5146 (λοστ.
1276 5108 1366 5162 συρτει
1392 5088 1442 5144 lin.
1462 5090 1583 5158 ίλκονται,
1602 5089 1730 5162 primum
1755 5092 1835 5160 ἀργιν-

333 5180 357 5253 ³)
376 5180 412 5236 A.
432 5183 489 5234 ίοτί.
1099 5201 1190 5234 ται...
1211 5179 1247 5234 A.
1267 5181 1385 5250 ἰρχονται.

332 5270 356 5343 ⁴)
373 5270 409 5325 A.
429 5293 543 5328 ...ητει
1134 5271 1157 5343 ⁸)
1175 5271 1211 5326 A.
1231 5287 1287 5326 om.
1308 5269 1339 5324 ἰν.

334 5359 358 5438 ⁵)
375 5360 411 5416 A.
430 5362 490 5430 ἔστί,
510 5360 626 5417 iberum.
1135 5359 1159 5436 ⁹)
1178 5357 1298 5432 ίρίφύιται
1317 5377 1355 5417 ex
1373 5377 1447 5416 corr.
1466 5378 1558 5434 marg.
1572 5359 1698 5434 primum
1718 5361 1832 5433 ίμπζπτιι
