4006 6074
252 522 287 578 12
736 511 880 585 Jusiitia
898 512 1064 585 divinitus
1082 513 1314 586 distribuitur.

252 695 316 750 τῶν
333 685 489 776 τυράννων
507 678 733 774 κολαζομένους
745 693 815 759 ταῖς
829 684 994 774 μεγίσταις
1010 681 1184 748 κολάσεσιν·
1197 684 1306 774 πρέπει
1318 682 1387 775 γάρ,
1403 679 1499 773 οἶμαι,
1512 695 1576 760 τοῖς
1594 686 1667 775 ὑπὲρ
1686 677 1801 752 δικαιο-

254 793 345 869 σόνης
369 794 474 884 λόγοις
498 799 517 866 η
544 793 637 883 μέχρι
660 802 722 856 τῶν
739 789 808 856 καθ’
827 792 946 857 ἕκαστα
962 801 1110 881 προϊοῦσα
1126 793 1248 866 ποίησις
1265 801 1323 866 τῆς
1341 781 1439 866 δίκης·
1457 793 1521 856 ἐκεῖ
1541 791 1596 879 μέν
1621 786 1672 856 οὖν
1697 799 1723 858 εί
1746 793 1799 858 καί

252 899 348 976 πολὺς
372 897 410 974 ἦν
436 901 527 965 καὶὸ
552 899 626 990 ὑπὲρ
650 911 708 974 τῆς
733 890 929 973 δικαιοσύνης
952 899 1056 990 λόγος,
1080 903 1120 974 ὡς
1139 901 1227 988 ἔφην,
1244 902 1316 962 ἀλλ’
1334 901 1368 962 οῦ
1384 899 1619 989 προηγουμένης
1643 899 1799 990 έτόγχανε

254 1018 313 1085 τῆς
337 1003 509 1088 ζητήσεως·
533 1011 564 1073 ἐν
589 999 623 1072 δὲ
646 1019 686 1093 τῇ
712 1009 856 1091 πολιτείᾳ
880 1007 932 1071 καί
956 1017 1018 1071 τῶν
1042 1007 1111 1096 περί
1133 1008 1294 1080 πολιτείας
1319 1005 1509 1094 σκεμμάτων
1534 1012 1575 1082 είς
1599 1005 1658 1079 τήν
1684 999 1800 1072 δικαίο-

214 1150 226 1190 5
255 1115 349 1188 σόνην
368 1116 613 1204 ἀναφερομένων,
631 1117 808 1205 ἀναγκαίως
826 1106 926 1188 δήπου
943 1115 997 1178 καί
1013 1113 1055 1178 τά
1072 1111 1188 1202 μυθικά
1204 1123 1307 1177 ταῦτα
1323 1111 1499 1201 πλάσματα
1515 1103 1551 1177 δι’
1571 1117 1671 1178 αὐτῶν
1687 1123 1798 1203 χωρεῖν

252 1235 316 1288 τῶν
333 1223 400 1289 καθ’
419 1224 537 1290 ἕκαστα
550 1224 621 1300 τοὺς
638 1233 695 1300 τῆς
714 1216 801 1298 δίκης
819 1224 904 1312 ὅρους
922 1224 1118 1312 ἐκφαίνοντα,
1135 1221 1189 1286 καί
1203 1221 1263 1286 ἀπὸ
1278 1219 1397 1285 τούτων
1415 1223 1609 1311 ἀνελέγκτως
1623 1211 1799 1300 πιεζοῦντα-

251 1333 306 1396 καί
329 1337 344 1395 6
369 1330 583 1422 ἀφηγούμενος
606 1327 647 1406 είς
671 1332 717 1407 τίς
742 1335 825 1396 ἐστιν
851 1329 939 1420 ἀνὴρ,
955 1329 1038 1419 μετά
1054 1329 1112 1400 τὴν
1130 1333 1160 1395 ἐν
1177 1329 1304 1417 πολέμῳ
1326 1320 1487 1418 διατριόὴν
1511 1328 1564 1393 καί
1587 1327 1658 1404 τοὺς
1682 1328 1794 1403 ἄθλους

252 1439 301 1516 οθς
315 1437 459 1504 ἀθλοῦσιν
479 1445 510 1504 αἱ
526 1436 633 1529 ψυχαί,
652 1439 705 1503 τὸν
722 1439 753 1503 ὲν
771 1449 810 1522 τῇ
830 1438 945 1528 γενέσει
959 1438 1097 1528 πόλεμον
1112 1435 1137 1524 ¹)
1154 1433 1455 1528 μεταχειριζόμεναι,
1472 1437 1546 1527 πρός
1562 1436 1622 1508 τὴν
1638 1437 1797 1527 χωριστὴν

254 1547 427 1638 ἀνηγμένος
451 1547 505 1612 καί
528 1546 587 1619 τὴν
611 1541 669 1625 ἔξω
694 1546 840 1637 γενέσεως
865 1538 958 1628 ζωὴν,
983 1535 1023 1608 δι’
1048 1540 1083 1619 ἧς

199 1791 225 1828 ιο
250 1764 274 1828 f.
300 1766 341 1830 20
367 1752 519 1847 [κατεῖδεν
536 1766 575 1836 ὡς
593 1753 735 1850 διάφορος
759 1757 801 1823 ὢν
825 1759 879 1823 καί
901 1761 990 1848 οὐχ...
1006 1769 1259 1851 γενεσιυυργῶν...
1281 1765 1366 1823 εἰσιν·
1391 1753 1479 1835 οὗτος
1502 1769 1606 1825 πᾶσαν
1624 1757 1683 1832 τὴν
1707 1753 1797 1838 τάξιν

253 1877 311 1942 τῆς
335 1871 366 1932 ἐν
391 1877 436 1950 τῷ
460 1869 565 1953 παντί]
591 1869 732 1957 προνοίας
759 1857 1006 1956 [ἀναπόδραστον
1031 1860 1123 1930 οὖσαν
1148 1867 1201 1929 καί
1226 1867 1326 1955 μέχρι]
1350 1876 1412 1930 τῶν
1430 1865 1646 1955 ἀτομωτάτων
1673 1857 1799 1953 [διατεί-

253 1999 376 2057 νουσαν,
401 1977 453 2040 καί
476 1969 629 2065 ἐξέφηνεν]
657 1987 727 2050 ταῖς
752 1975 913 2066 συγγενέσι
938 1985 999 2040 τῶν
1019 1965 1158 2061 [τοιῶνδε
1180 1975 1285 2065 λόγων
1309 1971 1443 2064 ψυχαῒςψ·
1460 1985 1554 2038 τοῦτο
1576 1974 1630 2064 μέν
1655 1969 1705 2038 οὖν
1731 1974 1801 2038 ἑπό-

254 2085 344 2172 μενόν
366 2089 461 2167 ἐστιν,
478 2084 581 2171 ὥσπερ
596 2083 720 2172 εἴρηταί
735 2107 797 2171 μοι,
816 2093 881 2158 τοῖς
895 2083 965 2172 περί
981 2093 1043 2148 τῶν
1061 2081 1177 2172 μισθῶν
1194 2093 1251 2158 τῆς
1268 2106 1304 2146 τε
1320 2074 1514 2157 δικαιοσύνης
1532 2083 1585 2146 καί
1602 2093 1660 2158 τῆς
1677 2077 1798 2160 ἀδικίας

255 2190 414 2281 θεάμασιν.
439 2192 473 2254 Ἡ
497 2181 531 2255 δέ
555 2183 593 2262 δη
619 2201 681 2255 τῶν
707 2193 882 2280 κεφαλαίων
906 2184 994 2268 τάξις
1017 2190 1149 2280 ἄρχεται
1167 2190 1220 2279 μὲν
1246 2191 1306 2256 ἀπὸ
1331 2201 1392 2255 τῶν
1416 2185 1535 2268 λήξεων
1560 2202 1623 2256 τῶν
1647 2189 1797 2282 ψυχικῶν,

199 2334 224 2370 1⁵
252 2303 388 2382 τελευτᾷ
411 2289 445 2362 δέ
468 2302 509 2373 είς
534 2297 589 2374 τάς
613 2289 763 2373 καθόδους
788 2300 890 2361 αὐτῶν
915 2297 972 2374 τάς
997 2304 1039 2374 είς
1063 2297 1122 2368 τὴν
1140 2299 1269 2388 γένεσιν·
1287 2299 1385 2389 μέσην
1404 2291 1437 2364 δέ
1460 2299 1560 2371 αὐτὴν
1577 2305 1801 2390 παρεισκυκλεῒ

250 2405 309 2476 τὴν
333 2405 488 2494 περὶτῶν
514 2405 592 2470 όλων
618 2404 754 2495 θεωρίαν,
781 2405 830 2494 ἀφΙ
856 2401 897 2470 ὧν
922 2406 975 2470 καί
998 2411 1039 2482 εἰς
1065 2406 1121 2481 τάς
1146 2403 1288 2496 ψυχάςὴ
1316 2398 1521 2496 διακόσμησις
1545 2419 1657 2498 χωρεῖ,
1680 2407 1737 2484 τάς
1759 2433 1796 2472 τε

251 2523 314 2578 τῶν
338 2507 457 2590 λέξεων
480 2511 697 2604 τυγχανοόσας
713 2523 775 2578 τῶν
793 2515 1010 2602 ὀφειλομένων,
1027 2515 1081 2578 καὶ
1097 2514 1152 2590 τάς
1168 2521 1209 2591 εἰς
1226 2514 1268 2578 τά
1286 2515 1420 2603 σώματα
1436 2518 1613 2606 φερομένας·
1637 2515 1708 2580 καθ’
1725 2515 1800 2580 ἑκά-

252 2645 340 2710 τερον
365 2611 399 2685 δέ
422 2630 484 2685 τῶν
509 2620 609 2710 ἄκρων
626 2631 691 2696 τοῖς
708 2623 897 2711 κεφαλαίοις,
916 2619 958 2685 τά
974 2622 1028 2710 μὲν
1046 2622 1185 2712 ἄρχοντα
1201 2616 1459 2713 παραλαμόάνειν
1477 2625 1574 2688 ἔοικεν
1593 2628 1608 2688 6
1632 2624 1736 2714 λόγος,
1755 2623 1798 2688 τά

252 2720 285 2794 δὲ
310 2728 479 2820 ἀρχόμενα·
503 2729 557 2793 καί
581 2738 643 2794 τῶν
669 2730 839 2819 ἀρχόντων,
864 2728 906 2794 τά
931 2730 985 2818 μὲν
1010 2723 1204 2820 ἐξῃρημένην
1229 2733 1345 2820 ἔχοντα
1368 2729 1428 2804 τὴν
1453 2731 1623 2820 ἐπιτροπὴν
1640 2733 1676 2813 ²),
1701 2730 1742 2795 τά
1766 2723 1800 2797 δὲ

197 2866 225 2904 ιο
251 2837 326 2927 πρὸς
349 2834 391 2900 τά
416 2837 574 2926 ἀρχόμενα
599 2833 855 2928 συντεταγμένην
880 2837 933 2902 καί
957 2847 1019 2902 τῶν
1037 2838 1217 2927 ἀρχομένων
1234 2837 1392 2921 ὡσαότως,
1409 2838 1450 2904 τά
1476 2839 1529 2928 μὲν
1554 2850 1612 2915 τῆς
1635 2841 1799 2916 καλλίονος

251 2945 329 3010 ὄντα
354 2935 493 3033 μερίδος,
517 2942 559 3009 τά
583 2934 616 3009 δὲ
639 2954 697 3020 τῆς
720 2946 857 3034 χείρονος
882 2945 935 3010 καί
967 2945 1175 3036 ἀλογωτέρας.
1200 2947 1261 3010 Καὶ
1283 2945 1342 3039 γάρ
1367 2948 1418 3012 ἐπὶ
1442 2957 1504 3011 τῶν
1527 2941 1666 3026 λήξεων,
1691 2953 1720 3012 οί
1743 2948 1798 3036 μὲν

253 3043 400 3117 δικασταί
423 3051 482 3123 τὴν
507 3052 696 3144 όλικωτέραν
714 3046 949 3144 προόέόληνται
965 3053 1109 3145 πρόνοιαν
1127 3063 1189 3118 τῶν
1207 3051 1323 3144 ψυχῶν,
1341 3061 1368 3120 υἱ
1390 3046 1422 3121 δὲ
1445 3060 1670 3145 ὑπηρετοῦντες
1695 3060 1798 3133 αὐτοῖς

253 3149 395 3248 δαίμονες
419 3159 479 3232 τὴν
504 3161 723 3251 μερικωτέραν,
749 3156 790 3226 ὧν
816 3167 891 3226 εἰσιν
916 3162 969 3226 καί
993 3168 1021 3226 οἱ
1045 3153 1188 3252 διάπυροι
1212 3161 1265 3226 καί
1289 3163 1417 3228 ἐπὶτῶν
1443 3161 1632 3227 ἀσπαλάθων
1647 3164 1672 3247 ³)
1698 3163 1799 3253 κνάμ-

252 3291 385 3344 πτοντες
409 3267 464 3332 τόν
488 3259 652 3358 Ἀρδίαιον.
678 3267 738 3333 Καί
762 3269 897 3334 ἐπὶτῶν
922 3261 1074 3352 καθόδων,
1093 3275 1124 3334 αἱ
1141 3270 1195 3357 μὲν
1214 3281 1319 3358 μοῖραι
1343 3269 1405 3334 τῶν
1429 3280 1603 3335 κατιουσῶν
1627 3275 1707 3335 εἰσιν·
1725 3264 1796 3359 ἐξῃ-

196 3403 224 3440 ιι
254 3375 384 3464 ρημέναι
407 3372 525 3464 ψυχῶν,
549 3381 577 3439 οί
601 3367 634 3441 δὲ
650 3377 815 3466 εἰληχότες
833 3376 929 3452 αότάς
946 3369 1091 3465 δαίμονες
1108 3369 1251 3454 σόνταξιν
1277 3377 1382 3465 έχουσι
1405 3376 1479 3466 πρὸς
1505 3375 1611 3459 αὐτάς,
1635 3374 1719 3442 κατά
1741 3375 1799 3452 τάς

251 3493 313 3547 τῶν
340 3485 413 3568 βίων
438 3475 595 3574 διαφοράς,
620 3485 673 3549 καί
698 3479 736 3549 αὖ
760 3485 855 3550 πάλιν
879 3490 910 3551 ἑν
936 3485 991 3573 μὲν
1015 3496 1084 3560 ταῖς
1107 3477 1233 3562 λήξεσιν
1255 3485 1396 3572 ἀμείνους

251 3701 275 3766 f.
293 3701 335 3766 20
354 3723 383 3766 v.
403 3701 472 3785 [...
490 3699 546 3775 τάς
563 3705 603 3776 είς
621 3701 748 3790 οὐρανόν
762 3751 768 3765 .
783 3752 808 3765 ,.
825 3710 887 3765 τῶν
904 3700 956 3766 Ιεπί
972 3710 1030 3793 γῆς
1048 3691 1158 3765 διαθιω
1172 3749 1178 3763 .
1193 3749 1199 3763 .
1215 3748 1222 3760 .
1247 3696 1445 3787 πέμπεσθαι,
1460 3748 1466 3761 .
1481 3749 1487 3761 .
1506 3700 1561 3774 τάς
1578 3697 1679 3790 ψυχάς
1695 3693 1736 3763 ὧν
1761 3698 1799 3763 τό

252 3805 345 3894 μέσον
370 3811 398 3870 οἱ
411 3857 417 3870 .
432 3857 458 3870 ..
485 3799 679 3897 διειλήφασιν
694 3859 701 3872 .
715 3857 743 3874 ..
768 3813 798 3874 ἐν
823 3800 857 3875 δέ
874 3820 941 3885 ταῖς
958 3799 1101 3883 καθόδοις
1117 3817 1180 3872 τῶν
1198 3804 1314 3896 ψυχῶν,
1334 3810 1375 3882 εἰς
1392 3806 1448 3882 τάς
1466 3817 1528 3871 τῶν
1552 3810 1687 3898 λογικῶν
1711 3800 1797 3884 ζώων

251 3912 395 4004 γενέσεις,
412 3913 465 3977 καί
484 3919 524 3989 εἰς
541 3914 598 3990 τάς
617 3925 679 3980 τῶν
697 3917 832 4008 ἀλόγων,
849 3922 888 3992 ὡς
906 3921 946 3992 εἰς
964 3914 1090 4008 μεγάλα
1108 3915 1197 4005 μέρη]
1216 3913 1406 3987 ποιήσασθαι
1423 3913 1482 3985 τὴν
1500 3904 1654 4004 διαίρεσιν
1675 3914 1795 3979 τοότων

196 4042 224 4080 οι
252 4011 286 4084 δέ
310 4022 363 4110 [ἐφ’
390 4021 533 4112 ἑκάτερα]
559 4033 621 4087 τῶν
638 4024 741 4114 λόγων
757 4025 970 4116 τεταγμένων,
987 4029 1006 4097 η
1024 4024 1167 4112 περὶτῆς
1184 4031 1337 4112 κοσμικῆς
1354 4015 1470 4100 τάξεως
1488 4021 1597 4113 θεωρία
1613 4022 1672 4095 τὴν
1698 4023 1796 4113 μέσην

253 4131 419 4218 [ἀπειληφε
435 4130 552 4222 χώραν,
573 4137 614 4208 είς
631 4132 680 4219 ἢν]
699 4133 760 4198 ἀπὸ
776 4143 840 4198 τῶν
857 4127 976 4211 λήξεων
993 4132 1148 4198 ἐπάνεισιν
1173 4137 1188 4196 6
1214 4131 1317 4221 μῦθος,
1334 4131 1387 4196 καί
1404 4135 1455 4222 ἀφ’
1474 4127 1509 4207 ἧς
1527 4136 1569 4208 είς
1588 4130 1645 4207 τάς
1664 4132 1796 4222 γενέσεις

251 4235 414 4324 κάτει[σιν]
439 4247 501 4303 τῶν
526 4235 612 4320 ζώων
637 4241 692 4305 καί
716 4240 773 4318 τάς
794 4251 856 4306 τῶν
875 4238 981 4330 ψυχῶν
1000 4232 1171 4331 διαιρέσεις·
1192 4243 1236 4325 [αἱ
1251 4239 1323 4331 γάρ]
1342 4251 1446 4329 μοῖραι
1470 4239 1589 4305 τοότων
1615 4241 1795 4331 ἀμφοτέρων

252 4349 327 4410 εἰσιν
352 4347 577 4438 συναγωγικαί,
600 4359 669 4426 ταῖς
684 4342 795 4428 λέξεσι
812 4348 853 4414 τά
869 4348 1069 4439 προσήκοντα
1086 4349 1185 4440 μέτρα
1205 4349 1278 4435 [καί]
1296 4359 1364 4425 ταῖς
1382 4338 1525 4425 καθόδοις
1546 4344 1798 4438 ἀπομερίζουσαι·

252 4442 299 4517 διὸ
322 4453 377 4516 καί
403 4455 509 4540 [πᾶσα]
535 4447 667 4532 κάθοδος
691 4465 748 4533 τῆς
774 4459 913 4547 μοιραίας
939 4448 1041 4520 δεῖται
1057 4455 1243 4542 ποιψίσμως,
1261 4455 1313 4519 καὶ
1330 4465 1416 4520 πᾶσα
1440 4449 1527 4534 λῆξις
1552 4457 1660 4547 χείρων
1684 4479 1720 4520 τε
1744 4457 1797 4520 καί

195 4577 224 4616 ³⁵
253 4559 396 4642 βελτίων·
421 4559 497 4650 μέρη
525 4559 584 4652 γάρ
599 4562 623 4646 ²)
648 4561 739 4652 ἐσμέν
764 4573 819 4628 τοῦ
843 4563 960 4638 παντὸς
977 4562 1031 4627 καί
1047 4568 1146 4652 ἡμεῖς·
1164 4563 1301 4638 ἀνιόντες
1318 4555 1370 4626 οὖν
1390 4562 1444 4626 καί
1467 4563 1638 4639 κατιόντες,
1663 4553 1797 4651 δεόμεθα

250 4675 313 4729 τῶν
331 4677 455 4757 μοιρῶν,
473 4673 500 4732 εἰ
515 4671 568 4734 καί
585 4671 638 4736 ὅτε
656 4670 710 4759 μὲν
728 4676 830 4734 αὐτῶν
848 4671 1024 4760 μετέχομεν
1041 4669 1126 4736 κατά
1143 4671 1199 4748 τάς
1217 4670 1402 4760 ἀσωμάτους
1423 4676 1512 4760 ημῶν
1537 4665 1618 4748 ζωάς
1643 4669 1795 4760 θειότερον

250 4773 377 4862 τρόπον,
394 4774 469 4840 τότε
486 4765 519 4841 δέ
536 4776 619 4841 κατά
635 4777 692 4854 τάς
709 4777 902 4867 σωματικάς,
919 4770 1172 4868 δαιμονιώτερον·
1189 4777 1242 4843 καί
1259 4779 1314 4843 ὅτε
1331 4777 1386 4866 μὲν
1404 4783 1442 4854 ὡς
1460 4777 1547 4854 θεῶν,
1564 4780 1613 4842 ίνα
1629 4779 1667 4843 τό
1686 4769 1795 4844 δοκοῦν

249 4881 325 4944 εἴπω
349 4892 462 4972 σαφῶς,
488 4885 541 4948 ὅτε
564 4874 653 4961 δὲὼς
670 4886 729 4959 τὴν
746 4889 934 4976 είμαρμένην
951 4891 1129 4976 είληχυιῶν·
1147 4881 1241 4951 αίιται
1258 4878 1285 4952 δ’
1311 4881 1362 4950 οὖν
1387 4887 1442 4950 καί
1465 4895 1527 4950 τῶν
1552 4895 1620 4961 ταῖς
1644 4886 1795 4973 οὐρανίαις

249 4982 400 5079 περιόδοις
424 4991 580 5082 ἑπομένων
605 4992 711 5084 ψυχῶν
727 4995 784 5072 τάς
800 4986 971 5086 περιόδους,
988 4994 1042 5059 καί
1061 5005 1123 5060 τῶν
1148 4994 1205 5071 τάς
1228 4994 1353 5084 χθονίας
1378 4999 1666 5061 ἀνελιττουσῶν...
1693 4996 1797 5085 ἀφορί-

288 5238 312 5312 1)
331 5237 351 5292 f·
371 5237 405 5293 57
423 5238 462 5294 H·
1085 5247 1107 5314 8ψ
1126 5245 1160 5299 In
1180 5243 1325 5315 margine:
1347 5247 1491 5306 ἀσπάλαθσς
1512 5247 1587 5315 φυτόν
1607 5246 1757 5304 ἀκανθῶδες.

286 5327 308 5400 ¹)
326 5324 427 5384 Primo
445 5328 589 5402 scriptum
607 5332 772 5402 ἐπιτροπείαν.
1084 5334 1107 5407 ⁴)
1126 5333 1175 5390 fol,
1195 5333 1231 5388 58
1248 5333 1287 5390 Η,
