3940 6072
670 945 958 1050 PROOLF)
992 946 1362 1048 PLATONIOI

300 1197 337 1262 ia
359 1198 493 1264 ciclades
515 1199 661 1278 morales,
684 1219 721 1265 ac
744 1199 862 1280 civiles,
885 1203 914 1265 ct
930 1205 1054 1282 partes,
1077 1199 1307 1282 facultatesque
1329 1201 1433 1266 onirni
1458 1197 1728 1280 eoracantaricu

518 1327 603 1372 acccc
624 1307 765 1390 prinlum
788 1307 902 1388 editus,
927 1307 1091 1392 Raphaele
1114 1306 1256 1373 Mambla
1279 1307 1454 1392 interprete
1467 1303 1505 1391 Β).

279 1537 351 1594 Gar.
366 1537 389 1592 1.
405 1537 482 1602 ectu
497 1539 594 1594 uirtus
603 1538 636 1610 3).
647 1569 680 1578 -
691 1535 841 1593 Virtutem
854 1554 926 1609 ergo
939 1536 988 1593 hic

150 1641 155 1650 '
242 1625 362 1698 accipio,
375 1643 434 1682 non
447 1626 597 1698 ambigna,
609 1644 644 1682 ac
656 1627 717 1682 late
730 1626 844 1699 patenti
856 1627 984 1699 notione,

241 1734 300 1788 que
312 1715 402 1772 rebus
415 1715 515 1772 anima
527 1715 697 1772 carentibus
711 1716 840 1774 virtutes
853 1735 924 1774 suas
937 1720 988 1774 tri·

244 1807 336 1865 buere
350 1825 384 1863 ac
397 1806 477 1864 vires
491 1806 628 1879 solemus,
650 1807 703 1864 sed
716 1826 792 1880 quae
810 1809 927 1882 proprie
940 1828 990 1884 ap-

245 1895 352 1970 pellari
372 1897 454 1954 solet,
475 1897 561 1952 Hanc
578 1896 672 1969 igitur
690 1897 720 1952 in
739 1897 803 1954 vita
822 1898 910 1955 sitam
923 1917 990 1956 esse

243 1988 375 2058 dicimus,
390 1994 479 2062 atque
492 1987 566 2045 adeo
578 1988 660 2044 vitae
676 1987 896 2062 perfectionem,
911 1995 942 2044 at
954 1995 989 2045 ut

245 2077 328 2147 bene,
347 2095 406 2133 non
425 2076 470 2132 uti
490 2077 648 2132 dumtaxat
666 2075 706 2134 sit
724 2095 781 2148 res,
802 2095 949 2134 caussam.

281 2167 353 2225 One.
372 2167 447 2240 11⁴).
464 2167 509 2224 Dc
528 2169 670 2225 divisione
682 2171 855 2224 uirtutis—
873 2168 992 2239 Duplex

245 2277 312 2315 cum
331 2257 373 2315 sit
384 2258 455 2329 vita,
470 2258 565 2316 altera
576 2258 694 2331 mentis,
708 2258 859 2316 adrerum
877 2259 991 2333 inspec-

244 2350 357 2406 tionem
376 2349 502 2422 sublata,
517 2351 613 2408 altera
631 2367 738 2408 sensus
757 2349 990 2424 appetitionibus

245 2438 389 2512 subjecta,
404 2439 446 2496 sic
460 2449 507 2498 est
520 2440 625 2508 virtus,
639 2446 700 2497 tam
714 2441 823 2499 mentis
842 2459 931 2514 quam
944 2460 991 2515 ap

243 2527 356 2600 petitus
370 2527 521 2601 perfectio.
535 2530 678 2596 Quocirca
690 2547 746 2588 noc
760 2549 821 2587 una
833 2536 881 2588 cst
893 2529 990 2588 virtus

245 2618 370 2690 animae,
383 2637 437 2676 nec
451 2620 563 2676 multae
576 2621 704 2693 quidem,
718 2621 771 2678 sed
784 2621 920 2694 ejusdem
930 2638 991 2693 spe·

246 2706 310 2763 cici.
318 2708 380 2764 Nec
390 2725 451 2765 una
459 2708 502 2764 ita
509 2709 564 2766 sub
574 2709 766 2782 partitionem
776 2709 906 2783 caditat
915 2726 991 2782 qnae

245 2796 276 2851 in
288 2796 401 2870 parteis
415 2795 634 2855 distribuuntur
653 2798 856 2867 dissimilares,
878 2797 992 2870 quanti·

244 2890 308 2942 tate
332 2884 410 2954 [sint]
432 2884 580 2960 dispares:
600 2887 653 2943 sed
678 2887 781 2960 plures
799 2905 834 2944 ac
854 2885 992 2944 dissimili

243 2977 341 3035 forma
353 2983 426 3033 sunt
437 2976 575 3035 virtutes.
592 2978 668 3034 Nam
680 2983 716 3034 ut
729 2995 795 3034 sese
807 2978 920 3034 habant
933 2995 992 3050 res,

244 3067 288 3124 ita
300 3068 419 3124 illarum
431 3067 635 3141 perfectiones.
648 3067 776 3125 Proinde
790 3067 816 3125 si
828 3086 876 3125 res
896 3068 993 3142 specie

245 3159 461 3232 dispescuntnr,
481 3176 583 3215 earum
608 3158 738 3216 virtutes
764 3162 889 3216 eandem
911 3159 992 3216 subi-

248 3249 323 3306 bunt
341 3247 552 3316 differentiam
566 3247 613 3304 sin
625 3266 696 3306 vero
710 3246 845 3305 eiusdem
857 3247 919 3304 sint
931 3266 992 3323 spe·

250 3340 314 3412 cici,
333 3357 424 3396 unam
443 3338 605 3396 sortientur
623 3345 653 3395 et
666 3337 800 3396 eiusdem
812 3337 920 3412 speciei
938 3339 994 3398 vir·

246 3437 352 3492 tutem.
374 3431 443 3488 Una
462 3431 602 3488 animast
619 3429 770 3504 perfectio,
789 3447 857 3488 cunr
873 3447 934 3487 una
945 3438 993 3488 est

284 3703 307 3776 ¹)
325 3702 361 3758 ln
379 3702 558 3766 bibliotheca
578 3701 605 3759 S.
625 3701 720 3759 Marci
742 3701 799 3758 hoo
817 3701 994 3774 opusculum

247 3792 441 3865 rarissimum,
460 3795 540 3867 quod
560 3794 705 3852 hactenns
727 3791 807 3866 fugit
827 3791 993 3850 eruditissi-

246 3901 312 3941 mos
322 3883 419 3940 Procli
432 3884 590 3956 studiosos,
602 3883 788 3942 inscribitur:
802 3885 994 3956 Philosophia

247 3979 305 4030 etc.
317 3974 397 4029 2194.
411 3975 603 4032 Miscellccea
618 3993 646 4030 n.
659 3975 686 4030 2.
699 4003 735 4016 -
748 3974 824 4031 Cum
832 3971 934 4045 justae
954 3969 994 4027 sit

249 4062 410 4120 brevitatis
420 4065 606 4136 opusculum,
616 4082 672 4122 nec
686 4063 870 4123 solummodo
880 4060 995 4118 rarissi-

248 4173 338 4226 mum,
350 4153 404 4212 sed
416 4153 504 4213 unico
516 4155 646 4214 fortasse
659 4155 821 4229 exemplari
832 4159 994 4226 servatum,

247 4247 330 4305 haud
343 4246 442 4320 piguit
451 4246 526 4304 illud
535 4246 615 4304 inter
623 4247 888 4304 nostraAnecdota
897 4251 995 4302 totum

250 4343 281 4393 et
294 4337 436 4394 collatum
449 4353 517 4392 cum
529 4335 663 4393 Mediceo
681 4335 780 4393 codice
793 4334 924 4392 inserire.
937 4335 995 4392 Ve-

249 4434 344 4486 terem
363 4442 481 4500 quoqne
493 4425 737 4498 orthographiam
755 4426 818 4483 fere
836 4424 994 4500 integram,

249 4516 321 4573 licet
339 4533 399 4572 non
418 4514 474 4571 sibi
492 4519 687 4586 constantem,
707 4513 835 4572 retinere
851 4513 940 4588 juvit.

285 4608 309 4682 ¹)
327 4606 448 4676 Romae,
468 4607 546 4662 1542.
559 4605 695 4662 Meminit
707 4605 861 4662 Morellius
874 4605 904 4661 in
917 4607 994 4662 Bibl.

248 4713 319 4753 miss.
337 4712 446 4769 praeca
458 4699 486 4751 et
498 4697 549 4751 lot.
564 4699 583 4751 t.
598 4712 617 4765 1,
631 4713 658 4769 p.
678 4694 737 4752 153.
757 4695 816 4750 Diu
833 4699 864 4751 et
883 4693 996 4750 frustra

249 4786 385 4844 libellum
404 4784 568 4859 perquisivi
585 4785 616 4842 in
637 4785 780 4842 Romanis
797 4785 995 4856 bibliothecis,

252 4894 304 4950 spe
316 4876 436 4933 illectus
449 4875 512 4932 fore
525 4881 560 4932 ut
572 4881 661 4933 vetus
673 4876 820 4950 interpres
833 4873 946 4948 aliquid
959 4877 996 4933 de

251 4964 352 5024 codice
364 4964 509 5022 Vaticano
521 4965 620 5021 Procli
631 4965 757 5024 heberet
770 4971 801 5022 et
813 4964 936 5024 lacunas
946 4966 997 5021 im·

250 5055 354 5128 ploret.
374 5053 432 5112 Sed
450 5054 547 5110 solum
566 5055 666 5110 tenuit
677 5055 808 5112 codicem
821 5055 996 5130 Mediceum,

250 5151 392 5217 totusque
411 5142 502 5202 estin
515 5162 574 5202 uno
588 5150 619 5201 et
631 5145 695 5201 solo
714 5145 812 5218 capite
824 5144 918 5217 primo
931 5163 997 5219 par·

251 5235 292 5292 tis
310 5249 350 5303 lv,
366 5234 445 5307 qnod
459 5235 593 5307 neglexit
612 5254 736 5309 prorsus
754 5234 908 5292 Conradus
927 5235 998 5291 Ges·

251 5341 319 5393 ner;
339 5323 482 5382 sedidem
502 5324 668 5397 diligenter,
684 5323 833 5381 brevitate
852 5324 996 5395 consulta,

254 5413 377 5488 exposui
391 5410 998 5490 suprap.23”l,238.1nquirondumtamen

1041 1537 1223 1594 substantia:
1238 1536 1301 1594 sive
1315 1537 1418 1594 eadem
1432 1536 1472 1594 sit
1488 1555 1603 1609 caussa,
1616 1543 1652 1594 ut
1670 1535 1710 1594 sit
1728 1553 1788 1607 res,

1041 1635 1073 1686 et
1090 1636 1126 1686 ut
1137 1630 1212 1686 bene
1227 1628 1280 1700 sit;
1293 1635 1328 1686 ut
1341 1628 1419 1685 enim
1437 1634 1473 1685 ut
1489 1629 1536 1699 sit,
1551 1628 1594 1686 sic
1613 1627 1786 1702 praestabit,

1041 1727 1077 1778 nt
1095 1721 1170 1778 hene
1190 1719 1236 1791 sit,
1251 1720 1315 1777 sive
1329 1721 1462 1792 diversa,
1477 1719 1585 1778 efficiet
1596 1720 1677 1778 euim
1693 1728 1729 1778 ut
1745 1720 1788 1777 sit

1041 1829 1099 1883 res,
1118 1817 1150 1867 et
1167 1815 1203 1867 nt
1220 1811 1296 1867 hene
1315 1810 1362 1882 sit,
1384 1828 1438 1885 pro
1458 1810 1602 1883 cuiusque
1628 1809 1786 1883 dignitate.

1079 1905 1152 1962 Gur.
1160 1903 1209 1959 111
1217 1903 1248 1976 ⁵).
1259 1905 1303 1960 De
1313 1905 1409 1961 canas
1417 1905 1572 1976 cacabos
1584 1904 1699 1974 daiam,
1709 1905 1790 1959 aude

1043 1992 1148 2048 ἀὶυἰιίο
1166 2009 1277 2048 reram.
1296 2022 1332 2034 -
1350 1992 1437 2050 Unde
1456 1998 1487 2049 et
1498 1992 1635 2048 Socrates
1654 1991 1685 2047 in
1702 1997 1788 2047 statu

1043 2079 1124 2137 civili
1138 2079 1288 2136 distribuit
1298 2081 1357 2136 tria
1369 2099 1480 2153 genera
1490 2081 1608 2152 civium,
1621 2098 1714 2137 unum
1728 2097 1791 2134 rna·

1043 2170 1233 2242 gistratnum,
1257 2171 1386 2228 alterum
1406 2171 1541 2242 militum,
1565 2171 1686 2228 tortium
1712 2169 1787 2226 divi·

1043 2265 1116 2331 tum,
1135 2259 1309 2332 priusquam
1328 2277 1473 2332 quasnam
1487 2277 1598 2333 genera
1611 2263 1712 2317 essent
1730 2258 1790 2316 vir·

1043 2354 1143 2406 tutum
1161 2348 1192 2405 in
1211 2349 1331 2406 civitate
1357 2350 1470 2422 optima
1489 2350 1673 2407 ostenderet:
1694 2348 1737 2406 sic
1756 2355 1789 2404 et

1044 2444 1203 2512 antequam
1223 2438 1279 2495 soli
1301 2439 1416 2497 animae
1438 2458 1491 2513 pro
1514 2438 1700 2511 singularum
1721 2455 1789 2511 par·

1043 2527 1120 2582 tium
1146 2527 1304 2600 dignitate,
1334 2546 1404 2585 suas
1431 2528 1623 2585 distribueret
1648 2527 1787 2596 virtutes,

1044 2617 1178 2691 triplices
1191 2618 1283 2674 animi
1294 2626 1395 2691 partes
1410 2619 1580 2676 substantia
1592 2616 1786 2686 differenteis,

1044 2709 1234 2783 rationalem,
1260 2708 1448 2777 irascibilem,
1476 2715 1507 2766 st
1534 2708 1791 2782 concupiscibilem

1045 2799 1152 2872 posuit,
1173 2817 1241 2855 cum
1260 2798 1375 2856 rideret
1399 2799 1597 2872 perfectiones
1621 2817 1723 2856 earum
1743 2816 1790 2855 re

1045 2909 1119 2962 rum,
1132 2891 1163 2947 in
1182 2891 1290 2964 quibus
1310 2897 1388 2962 sunt,
1408 2890 1544 2948 comitari
1560 2889 1741 2961 discrimina,
1760 2896 1790 2945 et

1045 2979 1082 3037 ob
1101 2980 1132 3036 id
1150 2981 1251 3053 plures
1270 2980 1334 3037 fieri
1361 2980 1499 3050 virtutes,
1520 2997 1596 3053 qnae
1615 2979 1714 3053 specie
1734 2979 1789 3038 dis·

1045 3077 1176 3145 crepant.
1201 3071 1285 3128 Haec
1309 3071 1403 3144 igitur
1428 3070 1479 3142 ita,
1501 3077 1536 3128 ut
1561 3076 1791 3127 commemorata

1046 3165 1126 3232 sunt,
1147 3159 1289 3217 constitui
1308 3159 1424 3217 debent.

1082 3252 1153 3309 (lna.
1167 3252 1270 3325 1111⁶).
1287 3253 1328 3309 Dc
1341 3254 1507 3324 differentia
1520 3253 1665 3309 virtatem
1677 3268 1715 3309 ca
1733 3255 1792 3310 col·

1047 3343 1165 3399 latione.
1183 3373 1219 3384 -
1236 3342 1294 3399 His
1306 3341 1381 3399 illud
1394 3343 1518 3398 accedat
1530 3346 1654 3414 oportet,
1667 3347 1703 3397 nt
1715 3359 1792 3397 eom·

1045 3431 1171 3504 modius,
1191 3450 1226 3489 ac
1239 3431 1398 3488 dilucidius
1412 3429 1528 3488 anobis
1540 3448 1589 3488 res
1608 3429 1790 3503 explicetur:

1048 3704 1185 3772 superest
1198 3717 1237 3755 an
1255 3699 1411 3773 interpres,
1430 3699 1532 3756 codice
1549 3697 1683 3756 Mediceo
1701 3697 1793 3756 desti·

1045 3795 1139 3859 tutus,
1153 3796 1274 3846 tanturn
1285 3789 1316 3844 in
1328 3789 1467 3848 manibus
1480 3790 1620 3847 habuerit
1632 3789 1791 3846 editionem

1046 3878 1145 3937 Procli
1162 3880 1366 3937 Basileansom
1385 3900 1411 3937 a.
1430 3879 1510 3954 1534,
1530 3900 1618 3955 quarn
1638 3881 1733 3939 solam
1751 3887 1792 3937 te

1046 3968 1114 4026 nuit
1132 3969 1292 4039 Gesnerns,
1306 3986 1398 4041 quum
1417 3987 1504 4027 suam
1522 3989 1560 4028 ex
1578 3977 1664 4044 parte
1682 3970 1794 4028 versio·

1048 4079 1114 4117 nem
1126 4061 1229 4117 eodem
1239 4079 1265 4117 a
1277 4061 1536 4134 1542divu1garec.
1547 4061 1794 4134 Perpensisinter

1048 4169 1080 4208 se
1097 4151 1141 4207 ed.
1162 4151 1342 4209 Basiloensis
1361 4151 1559 4210 varietatibus
1578 4159 1609 4209 at
1627 4153 1750 4222 lucania,
1762 4159 1794 4208 et

1047 4241 1154 4299 iisdem
1173 4259 1240 4299 cum
1259 4242 1421 4315 interprete
1440 4243 1567 4311 collatis,
1581 4243 1632 4301 vix
1650 4242 1724 4298 mihi
1743 4242 1795 4299 du·

1050 4331 1130 4387 bium
1148 4336 1196 4388 est
1220 4331 1292 4404 quin
1316 4350 1438 4389 romana
1456 4332 1555 4390 versio
1574 4352 1593 4390 a
1611 4331 1710 4390 codice
1729 4337 1794 4389 tota

1048 4421 1184 4496 pendeat.
1203 4423 1301 4496 Urget
1319 4440 1366 4480 me
1380 4423 1506 4495 denique
1524 4423 1605 4496 grati
1623 4422 1715 4479 animi
1732 4439 1795 4478 me-

1048 4510 1151 4578 moria,
1164 4512 1200 4567 cl.
1213 4529 1241 4568 v.
1258 4511 1279 4568 J
1280 4529 1405 4569 oannem
1424 4511 1557 4570 Veloudo
1570 4511 1692 4568 honoris
1704 4527 1795 4566 causa

1048 4600 1209 4672 nominare,
1231 4599 1279 4657 cui
1297 4607 1451 4674 acceptum
1469 4601 1580 4657 referre
1604 4619 1653 4658 me
1677 4605 1796 4673 oportet

1049 4690 1187 4763 opusculi
1202 4690 1306 4748 Veneti
1319 4695 1491 4748 accuratum
1508 4690 1721 4763 apographum,
1735 4687 1797 4744 exi-

1051 4781 1111 4838 mia
1130 4799 1197 4838 cum
1215 4781 1385 4838 urbanitate
1404 4780 1662 4838 communicatum.

1087 4870 1110 4942 ³)
1130 4869 1199 4926 Cod.
1218 4869 1323 4926 Medic.
1343 4869 1464 4926 f.11ca.
1479 4869 1607 4926 Omissis
1625 4886 1701 4942 qnae
1720 4873 1798 4925 tran·

1051 4960 1142 5018 sitnm
1160 4958 1274 5015 faciunt
1287 4977 1305 5014 a
1322 4957 1578 5032 praecedentibus,
1595 4957 1694 5016 versio
1707 4957 1796 5032 paulo

1050 5049 1170 5107 liberior
1187 5048 1290 5123 incipit
1308 5066 1326 5105 a
1345 5048 1459 5106 verbis:
1479 5051 1510 5101 Τί
1529 5051 1591 5102 ποτέ
1616 5049 1680 5103 ἐστιν
1707 5053 1795 5121 ἀρετῆς

1051 5142 1118 5194 idios.

1085 5231 1109 5303 ⁴)
1126 5227 1170 5286 Ib.
1192 5234 1281 5290 Διιτῆς
1301 5232 1327 5282 δὲ
1345 5233 1390 5290 τῆς
1410 5231 1481 5291 lete·

1086 5322 1109 5395 ⁵)
1126 5320 1151 5376 F
1153 5320 1190 5378 ol.
1210 5321 1263 5376 116
1280 5338 1309 5380 v.
1323 5328 1371 5375 Διὰ
1389 5325 1470 5375 ταῦτα
1489 5325 1538 5393 dpa
1556 5329 1598 5376 sai
1618 5323 1629 5374 ὁ
1651 5325 1792 5394 Σωιράτηι.

1078 5413 1109 5488 ,6)
1127 5412 1171 5469 Il).
1191 5415 1345 5484 sspccarlceo
1364 5417 1390 5466 di
1410 5415 1429 5465 ri
1450 5413 1533 5467 Βιὺλιι
1551 5414 1651 5474 τούτοις.
