3944 6074
811 569 902 644 Pars
930 566 985 642 Π.
1053 591 1055 594 ·
1165 605 1169 614 ·
1617 579 1672 636 215

126 739 250 817 τθιτας.
268 779 309 791 -
329 742 352 808 l.
377 743 419 808 54
443 729 617 826 δειλοὺσης)
643 731 809 816 δηλούσας.
833 785 872 796 -
971 742 1016 808 M.
1040 742 1098 809 fol.
1122 744 1163 809 51
1181 767 1211 810 v.
1236 783 1275 797 -
1297 744 1358 810 l.3
1382 735 1581 834 ἐξαιρεῖσθαι)
1604 737 1673 832 ἐξῃ-

125 848 214 938 θπερ)
237 849 329 938 ὕπαρ.
344 887 389 898 -
404 853 478 936 παρ’
496 851 593 924 αὐτῆς
617 847 872 936 cartenitanum)
928 847 1048 937 ρήσθοιι.
1074 887 1115 896 -
1139 849 1162 916 l.
1186 854 1206 916 4
1226 849 1280 913 καὶ
1304 854 1346 925 εἰς
1369 848 1441 937 τὰς)
1465 876 1528 919 om.
1553 856 1605 926 εἰς.
1628 889 1673 902 -

125 960 197 1044 παρ’
223 957 325 1019 αὐτῶν
350 953 611 1024 ἀπολελαύκασιν.
926 959 949 1024 l.
973 960 993 1024 5
1017 955 1059 1020 τὰ
1084 947 1166 1040 εἴδη)
1191 954 1232 1020 τὰ
1255 955 1330 1029 ἤθη.

868 1278 931 1346 ΙΙΙ.

171 1483 214 1560 P'.
239 1494 327 1568 Τίνες
351 1499 379 1557 οἱ
401 1493 486 1584 παρὰ
509 1503 575 1569 τοῖς
592 1469 749 1584 θεολόγοις
767 1492 938 1585 θεομαχίας
956 1484 1096 1588 διάφοροι
1120 1496 1229 1587 τρθποι
1253 1495 1312 1572 τὴν
1337 1500 1367 1563 ἐν
1392 1501 1472 1585 αὐτῇ
1498 1497 1673 1589 ἀπόρρητον

128 1599 277 1672 ἀλήθειαν
302 1605 343 1676 εἰς
367 1611 429 1691 φῶς
454 1601 594 1692 ἄγοντες.

174 1711 351 1792 Quotuplea
374 1711 487 1777 modies
508 1718 556 1777 est
569 1713 657 1794 apud
673 1711 829 1796 tbcolopos
845 1713 1008 1780 ceritatem
1030 1716 1248 1784 absconditam
1269 1718 1305 1782 in
1323 1718 1445 1802 pnpnis
1468 1718 1598 1784 deorum
1620 1737 1676 1782 ec-

128 1819 234 1884 cicndi
255 1819 299 1885 ad
324 1819 432 1884 lucem.

144 2085 146 2089 .
176 2034 278 2115 Quum
301 2035 372 2116 ipso
388 2040 465 2102 teste
482 2035 628 2117 Homero,
646 2037 695 2101 dii
718 2037 754 2101 in
780 2036 911 2121 Olympo
927 2035 1108 2103 omnimodo
1125 2035 1251 2102 laetitia
1266 2042 1296 2101 ct
1312 2053 1393 2117 pace
1413 2037 1581 2118 fruuntur,
1598 2056 1677 2119 quae

129 2141 302 2221 discordia,
315 2143 399 2224 pecod
412 2143 528 2208 bellum
543 2144 737 2209 interuenire
750 2150 853 2225 potest
862 2151 1018 2225 perpetuo
1034 2144 1206 2224 placidis?
1220 2181 1257 2190 -
1280 2143 1343 2210 Sed
1359 2145 1408 2210 dii
1423 2150 1500 2210 sunt
1509 2145 1678 2226 principia

128 2271 208 2332 quac
224 2252 374 2317 universo
391 2251 541 2334 subjecta,
558 2272 667 2317 rerum
683 2252 824 2317 oninium
840 2258 906 2317 tam
921 2253 1121 2318 concordiam
1138 2273 1234 2335 aeram
1251 2253 1446 2318 discordiam
1462 2254 1615 2336 referunt.
1633 2252 1676 2316 In

130 2359 275 2424 omnibus
298 2360 405 2440 ipsius
428 2361 512 2438 entis
534 2359 874 2427 administrationibus
896 2363 990 2427 caria
1013 2361 1178 2426 rariorum
1200 2381 1352 2442 pcnerum
1379 2360 1593 2426 contrarietas
1619 2381 1678 2441 ap·

125 2471 229 2546 paret.
253 2501 296 2513 —
320 2466 492 2533 Praeterea
516 2467 619 2532 dicere
642 2473 699 2546 est,
723 2467 797 2534 deos
820 2470 947 2551 quidem
970 2468 1216 2534 indivisibiliter
1238 2468 1392 2551 conjunpi
1414 2473 1443 2532 et
1472 2466 1679 2550 uniformiter

129 2579 237 2639 uiatico
260 2573 358 2640 simul
381 2576 562 2653 consistere,
587 2575 643 2640 scd
665 2575 810 2656 ipsorum
829 2577 1074 2659 propressiones
1097 2577 1134 2641 in
1162 2582 1261 2642 totum
1290 2581 1319 2640 ct
1346 2575 1612 2656 participationes
1641 2574 1678 2636 iu

129 2682 378 2762 suscipientibus
401 2682 549 2764 disjunpi
571 2687 601 2746 et
623 2683 805 2748 neccssaria
836 2684 1032 2764 oppositione
1055 2684 1234 2765 distinpni;
1257 2683 1387 2748 ultimos
1419 2687 1525 2748 autem
1548 2681 1678 2746 deorum

130 2787 270 2866 ordines,
294 2788 386 2870 leupo
411 2788 579 2853 lutam-allo
595 2810 615 2854 a
634 2789 854 2870 superioribus
878 2795 1052 2870 separatos,
1075 2791 1238 2872 contipnos
1261 2811 1333 2855 ecre
1356 2791 1450 2855 rebus
1473 2796 1502 2855 et
1525 2791 1679 2855 materiae

129 2895 413 2974 adrninistrandis,
430 2897 688 2962 contrarietatem
704 2885 913 2978 omnifariam
930 2897 1178 2962 contrahere-
1195 2897 1277 2962 Inde
1293 2903 1358 2962 turn
1375 2899 1513 2963 manime
1529 2898 1680 2962 oriuntur

133 3003 262 3069 divinae
285 3003 372 3085 apud
393 3003 568 3070 Homerum
581 3024 719 3087 pupnae.
739 3004 856 3070 Tradit
871 3006 955 3070 enim
971 2991 1164 3086 multiplices
1187 3006 1318 3072 ordines
1341 3007 1523 3085 subsistere,
1539 3011 1569 3070 et
1584 3025 1680 3086 anpe-

133 3111 211 3178 licos
226 3118 283 3178 aut
300 3112 482 3179 daemonias
497 3113 655 3177 exercitus
670 3132 709 3176 en
725 3111 809 3192 ipsis
833 3113 995 3191 constitui,
1020 3119 1048 3177 et
1065 3113 1102 3178 ob
1118 3114 1262 3194 e'psornm
1278 3113 1517 3194 providentiam
1533 3112 1681 3194 sinpulas

130 3225 232 3285 sortes
254 3220 386 3285 inuicem
410 3220 606 3302 belliperare.
623 3219 725 3286 Porro
740 3221 902 3304 ampelicos
925 3220 1057 3286 ordines
1080 3241 1216 3302 superne
1228 3221 1369 3302 pendere
1392 3243 1413 3286 a
1436 3221 1566 3286 deorum
1584 3221 1681 3300 prin-

130 3328 247 3408 cipatu,
266 3334 295 3393 ct
307 3329 421 3394 ducum
433 3349 564 3394 snorum
573 3327 790 3409 proprietates
804 3347 1000 3406 conseruare,
1012 3347 1076 3392 non
1089 3325 1283 3392 Graecorum
1300 3327 1390 3393 modo
1404 3327 1535 3410 fabulae
1547 3325 1681 3391 latenter

134 3437 319 3519 innuerunt,
333 3437 392 3522 scd,
401 3437 610 3503 barbarorum
622 3457 742 3518 paceque
755 3437 840 3501 ritus
854 3436 938 3500 idem
953 3436 1168 3500 tradiderunt.
1184 3434 1287 3515 Qecnrn
1298 3440 1403 3499 autem
1416 3432 1539 3514 sinpnli
1551 3431 1680 3498 ordines

130 3545 308 3626 superioris
330 3545 469 3610 unitatis
489 3563 604 3609 nom-en
624 3546 744 3627 ferant,
758 3550 787 3609 et
805 3543 1030 3624 particulares
1044 3544 1182 3624 spiritus
1198 3541 1302 3607 eodem
1318 3540 1500 3622 capnomine
1522 3559 1582 3621 quo
1604 3539 1680 3602 uni-

130 3653 269 3718 versales
289 3651 463 3734 pendeant,
478 3652 553 3716 binc
568 3648 752 3732 Apollines,
769 3652 925 3733 Neptuni,
952 3651 1089 3716 Vulcani
1111 3649 1206 3715 ncnlti
1220 3655 1306 3728 secut,
1323 3670 1379 3714 nec
1401 3649 1519 3714 mirum
1542 3648 1573 3713 si
1595 3649 1681 3712 inter

130 3779 163 3824 se
179 3760 361 3842 dipladiori
375 3760 566 3840 uideantnr;
580 3761 794 3826 contentiones
809 3781 893 3838 aero,
908 3759 1058 3831 ultiones,
1076 3765 1199 3824 caetera
1214 3759 1250 3822 id
1264 3777 1366 3840 penus
1381 3757 1492 3822 urerito
1505 3755 1544 3820 de
1555 3755 1680 3819 ultimis

130 3867 322 3932 numinibus·
341 3867 575 3947 concipiantur.
602 3867 707 3948 Quare
723 3867 885 3933 contrario
902 3867 1075 3933 certamine
1087 3873 1236 3948 pnpnant
1255 3865 1427 3946 Neptunus
1449 3869 1479 3928 et
1500 3861 1626 3944 Apelle,
1644 3863 1680 3928 ob

131 3975 272 4039 oeriuium
295 3975 353 4039 snb
377 3974 455 4038 luna
478 3980 683 4055 apparentem
707 3974 924 4055 discordiam·
945 3973 1036 4039 Jnno
1060 3979 1089 4038 ct
1112 3973 1242 4050 Diana,
1266 3973 1333 4037 sinc
1354 3972 1482 4037 animae
1504 3970 1681 4036 rationales

131 4087 160 4146 et
183 4081 391 4147 irrationales
398 4102 409 4161 ;
425 4082 578 4147 Minerua
600 4089 630 4147 et
653 4083 760 4161 Mars,
782 4103 820 4147 ea
836 4083 892 4148 lite
907 4083 993 4148 circa
1007 4083 1261 4164 pancrationenn;
1285 4081 1472 4146 Mercurius
1487 4085 1516 4144 et
1540 4078 1679 4154 Latona,

132 4190 167 4254 ob
184 4191 366 4254 animarum
379 4191 415 4254 in
427 4191 493 4256 cita
506 4191 691 4273 oniriipcnas
706 4190 907 4271 differentias
916 4215 926 4272 ,·
948 4189 1111 4256 Vulcanus
1128 4195 1166 4282 et·
1175 4187 1338 4268 Xanthus,
1355 4189 1429 4272 ipne
1444 4193 1473 4253 et
1488 4207 1584 4270 aqua,
1600 4186 1681 4250 sicco

132 4303 161 4364 et
182 4297 311 4363 tumido
334 4299 469 4364 inculcem
486 4299 723 4381 picpnantibus.

720 4549 1091 4562 Ἣ..

177 4729 222 4800 M.
239 4729 297 4802 fol.
315 4733 356 4801 51
374 4731 578 4820 v.-Ed.p.
598 4731 712 4816 175,1.
732 4734 772 4798 13
789 4719 880 4796 οὐδα·
930 4731 953 4797 l.
978 4733 1022 4797 24
1051 4717 1267 4818 ἀρορίζουσαν)
1296 4713 1503 4814 ἀρορίζουσοιι.
1530 4761 1569 4775 «—
1590 4720 1613 4787 1.
1638 4721 1679 4786 25

134 4845 204 4928 μοῦ)
229 4833 363 4932 οὐδαμῇ.
382 4880 428 4893 -
449 4840 655 4927 ἐπιστάσεως)
679 4839 879 4908 iaici-eiacum.
932 4836 970 4908 ἣν
995 4835 1212 4920 ἀνέκλειπτον)
1237 4833 1296 4904 τὴν
1321 4832 1426 4898 ἀνέκλ.

133 4991 172 5004 -
194 4948 217 5015 l.
244 4951 284 5015 15
307 4949 560 5038 κατανοήσοριεν)
582 4947 839 5034 κατανοήσωμεν.
977 4946 1022 5012 Μ.
1036 4946 1093 5012 fol.
1107 4947 1149 5010 52
1167 4968 1197 5010 v.
1213 4980 1258 4992 -
1274 4943 1297 5009 l,
1314 4946 1356 5008 42
1373 4939 1432 5011 τὴν
1451 4940 1599 5032 σύγχυσιν
1618 4929 1683 5002 δια-

177 5057 223 5124 Μ.
240 5058 298 5124 fol.
322 5060 375 5125 52.
400 5099 438 5112 -
461 5059 483 5124 l.
509 5059 550 5124 18
575 5046 735 5132 διάστασις
758 5079 882 5146 napus·
932 5051 1086 5139 κρίνουσιν
1111 5052 1141 5114 ἑν
1165 5053 1301 5128 ἑαυτοῖς)
1326 5045 1385 5120 τὴν
1411 5047 1590 5137 liubanem
1615 5036 1683 5109 δια-

133 5156 272 5252 δύεσθαι)
285 5156 456 5242 διάστασις,
471 5166 524 5229 ὅτε
535 5155 676 5254 παρεισδ.
688 5205 727 5218 -
740 5165 880 5244 αἱωνίως)
933 5180 1031 5246 κρῑσιν
1056 5160 1086 5221 ἓν
1112 5159 1246 5230 ἑαυτοῖς.

132 5269 266 5338 αἰώνιον.
281 5274 358 5340 -1,
372 5275 411 5338 21
427 5269 709 5361 ἑρερμηνεὺσομεν)
726 5273 879 5360 ἀφερμην.
979 5267 1021 5331 Μ.
1046 5265 1104 5332 fol.
1121 5267 1174 5332 53.
1191 5290 1222 5332 v.
1239 5307 1279 5320 -
1296 5265 1357 5331 Ed.
1373 5288 1406 5350 p.
1434 5266 1507 5346 174,
1524 5263 1547 5329 l.
1572 5265 1593 5328 4
1616 5271 1682 5337 τοῖς

135 5417 175 5430 -
199 5381 222 5447 l.
253 5381 296 5446 23
327 5377 582 5471 ὑπερπλωμένας)
611 5380 817 5468 insomnium.
842 5419 881 5430 -
933 5380 996 5437 τῶν
1015 5381 1147 5463 μερικῶν
1164 5371 1370 5464 προστάταις)
1387 5379 1445 5446 τῆς
1462 5378 1525 5434 τῶν
1544 5391 1685 5460 pupas-
