4006 6074
1008 867 1067 934 Vl.

305 1087 375 1154 Fol.
403 1087 455 1153 75.
478 1087 522 1154 In
545 1085 682 1170 epistole
704 1085 743 1152 de
766 1086 869 1153 decem
888 1085 1008 1172 plapis.
1030 1123 1072 1136 -
1096 1087 1217 1173 Virgae
1232 1089 1400 1173 majorum,
1416 1089 1530 1174 populi
1544 1089 1728 1175 impiorum,
1751 1092 1808 1177 qui

265 1200 386 1266 invicto
402 1197 522 1266 Christi
538 1197 677 1278 nomine,
694 1217 767 1262 cum
782 1196 816 1261 in
831 1197 900 1280 ejus
915 1218 1031 1282 corpus
1052 1195 1299 1277 transferantur,
1316 1201 1469 1282 tanquam
1492 1221 1511 1264 a
1534 1203 1680 1284 serpente
1702 1200 1809 1288 Moysi

261 1310 471 1387 devorantur3
496 1307 596 1374 donec
617 1306 784 1372 redeamus
815 1306 856 1371 ad
879 1325 1015 1392 regnum
1038 1306 1116 1389 Dei,
1140 1305 1250 1372 sedin
1273 1305 1369 1371 finem
1397 1306 1541 1374 mortalis
1564 1307 1700 1389 saeculi,
1723 1309 1810 1394 quod

262 1419 424 1506 significat
447 1417 547 1484 cauda
569 1415 745 1501 serpentis,
769 1415 830 1482 hoo
852 1436 917 1480 nou
940 1420 989 1481 est
1011 1416 1045 1481 in
1068 1415 1239 1501 plagarum
1270 1437 1404 1482 numero
1434 1417 1700 1500 computandum,
1723 1419 1810 1502 quod

263 1529 368 1614 primo
390 1527 511 1594 factum
534 1529 593 1608 est,
618 1525 703 1612 signi
725 1547 831 1592 cansa.
854 1524 971 1591 Aditus
995 1524 1079 1591 enim
1103 1528 1172 1590 erat
1188 1525 1250 1609 ipsi
1265 1524 1306 1590 ad
1329 1523 1538 1606 Pharaonem,
1561 1547 1625 1610 quo
1649 1546 1810 1592 commen-

264 1635 478 1702 mendabatur
500 1634 645 1721 Moyses3
668 1635 810 1701 nondum
833 1640 942 1701 autern
965 1639 1168 1702 contumaces
1191 1633 1398 1716 feriebantur,
1422 1636 1476 1702 sed
1499 1635 1606 1701 divino
1629 1635 1721 1720 siguo
1740 1635 1810 1720 jam

263 1743 467 1810 terrebantur
480 1735 539 1826 ¹)...
563 1741 654 1819 Quod
670 1745 778 1809 autem
794 1743 881 1827 magi
896 1741 1072 1808 Pharaonis
1087 1743 1132 1808 ibi
1148 1742 1341 1824 defecerunt,
1360 1743 1420 1810 hoc
1436 1748 1483 1811 est
1499 1745 1574 1829 quia
1596 1745 1693 1810 tertio
1716 1765 1810 1829 prae-

264 1854 358 1935 cepto
381 1850 419 1916 de
442 1850 577 1917 sabbato
594 1850 791 1935 praecipitur
805 1850 938 1936 populo,
955 1850 1009 1917 ubi
1026 1851 1115 1936 quies
1131 1856 1164 1916 et
1180 1851 1389 1918 sanctificatio
1405 1853 1616 1936 praedicatur.
1632 1851 1708 1918 Non
1724 1853 1811 1918 enim

265 1959 388 2025 frustra
410 1959 541 2044 proprie
564 1959 668 2025 dietus
690 1962 740 2024 est
762 1962 902 2041 sanctus,
926 1959 1001 2043 quia
1017 1959 1228 2026 sanctificatio
1242 1959 1334 2027 nulla
1348 1981 1425 2026 vera
1448 1964 1482 2026 et
1503 1960 1610 2026 divina
1632 1965 1691 2041 est,
1706 1961 1767 2026 nisi
1791 1985 1813 2027 a

266 2066 390 2153 Spiritu
413 2071 534 2135 sancto.
558 2067 632 2153 Ipse
655 2067 739 2134 enim
755 2066 924 2152 requiescit
940 2089 1036 2153 super
1051 2067 1206 2134 humilem
1223 2074 1256 2134 et
1271 2069 1425 2154 quietum,
1440 2071 1605 2158 tamquam
1621 2069 1655 2134 in
1676 2069 1813 2136 sabbato

264 2197 333 2243 suo.
357 2175 508 2261 Quisquis
530 2177 640 2242 autem
663 2196 727 2240 non
742 2175 892 2240 oohaeret
906 2175 1032 2242 unitate
1049 2173 1181 2259 Christi,
1196 2177 1425 2262 intelligendus
1441 2182 1489 2244 est
1510 2199 1573 2243 non
1596 2178 1714 2244 habere
1737 2177 1813 2264 Spi-

263 2285 363 2351 ritum
386 2289 543 2352 sanetum.
560 2283 655 2350 Tales
670 2288 779 2349 autem
799 2287 965 2368 comparat
987 2281 1163 2368 Apostolus
1186 2286 1288 2370 magis
1312 2284 1505 2351 Pharaonis:
1532 2283 1736 2367 “Habentes
1759 2285 1810 2351 in-

264 2393 345 2479 quit,
361 2392 498 2458 formam
514 2392 642 2477 pietatis
661 2442 686 2471 „.
704 2389 828 2458 Similia
844 2391 1000 2473 lecerunt,
1016 2392 1071 2458 sed
1086 2393 1239 2460 virtutem
1256 2395 1324 2478 ejus
1340 2392 1537 2478 abnegantes
1552 2394 1586 2459 in
1602 2393 1695 2479 signo
1711 2394 1812 2460 tertio

265 2499 462 2566 defecerunt.
487 2499 626 2584 Sequere
648 2499 733 2565 enim
756 2502 885 2566 caetera
906 2499 1066 2584 Apostoli,
1092 2506 1126 2569 et
1147 2501 1288 2567 invenias
1310 2501 1349 2567 de
1371 2500 1490 2566 talibus
1513 2500 1546 2566 id
1568 2505 1617 2566 est
1643 2501 1813 2568 haereticis

266 2609 405 2674 dietum:
434 2612 447 2642 ⁸
465 2607 556 2674 Sicut
579 2612 696 2688 autem,
712 2607 828 2693 inquit,
844 2607 964 2674 Jannes
980 2612 1013 2674 et
1028 2606 1189 2673 Mambres
1204 2606 1391 2672 restiterunt
1406 2605 1521 2692 Moysi,
1537 2607 1582 2673 sio
1604 2610 1637 2672 et
1656 2607 1710 2672 isti
1733 2608 1815 2674 resi-

268 2721 360 2784 stunt
376 2717 515 2796 veritati,
532 2717 677 2783 homines
692 2721 800 2784 mente
816 2718 970 2802 corrupti,
987 2715 1115 2802 reprobi
1133 2717 1216 2783 circa
1231 2716 1335 2798 fidem,
1353 2715 1407 2782 sed
1422 2715 1509 2783 ultra
1523 2738 1587 2783 non
1602 2716 1771 2801 proficient
1784 2768 1814 2797 ,.

266 2825 372 2904 Quare
396 2826 562 2891 mendacia
584 2847 695 2891 eorum
718 2825 888 2892 manifesta
911 2827 1003 2892 erant
1034 2823 1181 2889 omnibus
1213 2822 1411 2904 hominibus,
1435 2821 1518 2890 deut
1541 2827 1574 2889 et
1596 2821 1727 2889 illorum
1750 2823 1816 2888 fuit

266 2935 345 3019 jam.
369 2933 458 3017 Ergo
482 2931 588 2998 videte
611 2954 710 3017 quare
725 2933 824 2999 tertio
840 2933 933 3018 riguo
948 2931 1133 2998 defecerint.
1149 2931 1345 2998 Mementote
1361 2953 1415 2997 eos
1433 2931 1489 3017 qui
1504 2932 1713 2998 adversantur
1728 2933 1815 2998 veri-

267 3041 339 3122 tati,
363 3062 427 3106 non
451 3039 569 3106 habere
593 3039 748 3124 Spiritum
772 3044 929 3121 sanetum,
953 3061 1054 3126 quare
1077 3059 1155 3125 ergo
1169 3041 1203 3105 in
1219 3040 1326 3119 tertio,
1342 3060 1406 3106 non
1421 3039 1455 3104 in
1475 3040 1612 3106 seeundo
1635 3039 1687 3106 rel
1710 3041 1815 3124 primo

267 3148 360 3234 signo
383 3146 583 3214 defecerint?
607 3147 690 3224 Quid
712 3147 863 3230 interest,
888 3149 944 3213 ubi
966 3147 1168 3214 defecerint?
1191 3147 1367 3229 Delectari,
1391 3148 1467 3232 quia
1490 3148 1575 3214 enim
1605 3151 1814 3233 praeceptum

268 3255 306 3321 de
328 3255 463 3322 sabbato
485 3254 627 3341 pertinet
648 3255 689 3320 ad
712 3254 869 3340 Spiritum
891 3259 1038 3322 sanctum
1059 3259 1193 3341 propter
1223 3253 1523 3336 sanctificationem,
1547 3278 1628 3342 quae
1651 3254 1755 3341 prima
1777 3257 1812 3321 in

270 3363 405 3430 sabbato
427 3361 545 3444 sonuit,
569 3362 729 3429 contraria
752 3363 850 3450 plaga
865 3367 914 3431 est
929 3364 1117 3449 inquietudo
1140 3361 1173 3429 in
1187 3363 1304 3430 muscis
1320 3383 1359 3428 ex
1375 3363 1579 3448 corruptione
1597 3363 1814 3446 nascentibus,

267 3471 303 3536 in
326 3470 434 3537 oeulos
457 3470 662 3537 irruentibus.
686 3470 763 3538 Ideo
786 3472 819 3538 in
842 3473 903 3540 hoo
925 3472 1023 3538 tertio
1045 3472 1138 3557 signo
1161 3469 1353 3551 defecerunt,
1369 3469 1444 3555 quia
1459 3470 1592 3536 unitatis
1606 3471 1727 3548 inimici
1744 3469 1817 3555 Spi-

271 3576 371 3642 ritum
394 3579 541 3642 sanctum
557 3599 621 3642 nou
638 3575 831 3644 habuerunt.
847 3577 946 3644 Aliud
962 3578 1047 3642 enirn
1062 3576 1139 3644 feeit
1155 3577 1271 3664 gratia,
1288 3577 1376 3644 eliud
1398 3599 1519 3661 poena;
1535 3577 1621 3644 aliud
1643 3577 1817 3663 implendo,

271 3683 359 3750 aliud
374 3683 559 3750 deserendo.
577 3683 733 3769 Denique,
751 3690 788 3750 ut
799 3685 867 3770 jam
883 3685 1047 3752 evidenter
1062 3685 1140 3770 ipsis
1156 3685 1382 3752 confitentibus
1399 3683 1574 3751 Pharaonis
1586 3685 1699 3771 magis,
1716 3704 1818 3768 agno·

270 3815 358 3860 scere
380 3794 554 3875 valeamus,
577 3793 654 3877 quid
676 3793 844 3859 dixerunt:
872 3797 884 3826 ‘¹
903 3793 1034 3878 Digitus
1058 3793 1117 3859 Dei
1141 3796 1190 3860 est
1207 3843 1233 3873 ,.
1257 3792 1296 3858 In
1312 3792 1451 3878 digitum
1475 3791 1559 3857 enim
1582 3791 1642 3858 Dei
1664 3791 1698 3856 in
1720 3812 1818 3856 evan·

272 3900 358 3988 gelio
382 3899 540 3986 Spiritum
563 3905 708 3968 sanetum
732 3900 923 3985 accepimus.

1009 4218 1085 4286 VII.

318 4442 388 4510 Pol.
414 4442 465 4506 76.
489 4439 533 4507 In
556 4459 699 4506 ammone
722 4439 761 4505 de
786 4436 822 4502 X
838 4437 959 4522 plopis.
984 4473 1025 4483 -
1051 4436 1168 4502 Decem
1191 4440 1276 4518 sunt,
1299 4435 1415 4521 inquit,
1439 4435 1564 4522 plagae,
1587 4434 1704 4524 quibus
1733 4434 1821 4502 Pha·

274 4551 381 4618 raonis
403 4569 572 4635 percussus
596 4551 646 4614 est
669 4545 818 4632 populus.
841 4545 961 4614 Decem
984 4549 1061 4612 sunt
1083 4545 1253 4629 praecepta
1276 4543 1393 4628 quibus
1412 4544 1472 4610 Dei
1488 4543 1625 4629 populus
1643 4543 1821 4610 instructus

273 4663 331 4724 est.
355 4656 399 4723 Et
421 4655 572 4741 quoniam
594 4655 634 4722 ad
658 4655 738 4720 haec
760 4653 970 4738 corporaliter
993 4653 1080 4720 facta
1104 4655 1189 4731 sunt,
1212 4651 1424 4737 spiritualiter
1446 4655 1522 4717 aunt
1550 4650 1759 4738 intelligenda
1781 4673 1821 4718 ea

274 4788 355 4852 quae
380 4763 534 4850 Aegyptii
558 4761 767 4849 corporaliter
790 4767 850 4828 eto.

313 5120 334 5195 ¹)
344 5118 379 5176 In
390 5119 476 5194 epist.
483 5135 556 5176 nxrx
566 5117 762 5176 adOoeanum
770 5117 1023 5187 tom.1ool.660A,
1078 5115 1131 5173 vix
1150 5116 1189 5173 ad
1206 5118 1342 5172 nostrum
1355 5113 1501 5172 scholium
1514 5111 1629 5170 attinet
1648 5110 1717 5167 Alia
1734 5108 1827 5168 subti-

276 5209 409 5268 breviter
428 5209 564 5267 columba
587 5207 709 5266 Noetiea
727 5212 926 5280 memoratur,
944 5206 1023 5280 quod
1078 5207 1139 5266 lius
1159 5206 1295 5278 cribrata,
1315 5205 1444 5262 fortasse
1463 5220 1543 5262 nova
1560 5204 1667 5262 forent.
