3940 6072
319 489 373 547 286
951 487 998 560 ad
1026 484 1236 582 Asclepium.

318 661 388 749 όγγ.
414 656 455 736 η’,
480 658 604 723 άνίσσου
630 657 807 749 σπέρματος
823 660 896 752 όγγ.
915 660 965 746 ιβ’,
982 660 1180 739 ὀποπάνακος
1197 662 1269 755 όγγ.
1287 666 1328 740 η’,
1347 664 1471 754 μέλιτος
1494 667 1621 732 άττικοῦ
1643 667 1720 761 όγγ.
1745 671 1784 758 κ’,
1805 683 1852 745 τῆς

317 764 403 862 ῥζη,
427 780 485 846 τῆς
511 769 646 853 βοτάνης
669 769 951 848 λεπτοποιηθείσης
975 771 1047 862 όγγ.
1072 775 1111 837 κ’·
1136 773 1190 836 καί
1212 775 1293 838 ποίει
1316 775 1500 863 τροχίσκσυς
1524 775 1660 867 ἄγοντας
1688 784 1798 872 άνασγ.
1821 781 1850 865 β’,

317 879 370 944 καί
394 890 459 954 τοῖς
485 878 538 967 μὲν
564 879 660 967 μήπω
683 879 991 968 περαρμακευμένοις
1010 881 1030 963 ¹)
1056 869 1143 944 δίδου
1167 879 1221 944 σὺν
1239 881 1320 955 ο’ίνω,
1338 879 1469 956 κυάθους
1495 883 1535 965 β’,
1551 895 1616 960 τοῖς
1640 877 1675 950 δὲ
1698 911 1853 976 mmm.

317 989 475 1077 κευμένοις
501 987 554 1052 σύν
579 991 650 1072 οἴνῳ
674 987 764 1056 κυάθ.
789 981 827 1056 δ’.
854 983 1044 1068 Σκευάζεται
1069 981 1102 1054 δὲ
1129 989 1182 1053 καί
1211 993 1409 1080 ἔμπλαστρος
1432 994 1506 1079 πρός
1530 992 1571 1058 τά
1594 995 1746 1084 γινόμενοι
1769 1000 1850 1080 eves]

315 1097 436 1185 κεράλη
452 1096 629 1185 τραύματα,
644 1097 726 1162 ὥστε
739 1093 935 1186 τριχορ·ιεῖ’)
954 1097 1047 1178 αύτη,
1065 1088 1199 1184 καδμίας
1213 1098 1405 1185 κεκαυμένης
1419 1097 1472 1162 καί
1484 1103 1715 1191 πεπλημμένης
1730 1103 1800 1193 όγγ.
1813 1102 1853 1184 ιβ’,

315 1203 500 1294 λιθαργύρου
524 1203 597 1294 όγγ.
623 1205 663 1286 β’.
688 1203 805 1292 μάννης
829 1196 958 1268 λιύάνου
983 1202 1056 1295 όγγ.
1082 1205 1133 1288 ιβ’,
1158 1203 1289 1280 στέατος
1314 1203 1429 1296 ταύρου
1453 1205 1526 1297 ο’γγ.
1544 1211 1582 1294 β’,
1609 1221 1706 1300 κηροῦ
1731 1210 1802 1301 όγγ.
1823 1205 1851 1294 ξ’,

317 1316 445 1403 ῥητίνης
470 1318 563 1402 ὑγρᾶς
587 1314 641 1376 καί
664 1307 757 1404 ξηρᾶς
781 1316 854 1405 όγγ.
880 1307 916 1392 ξ’,
935 1318 978 1378 ίοῦ
994 1313 1116 1402 χάλκου
1133 1318 1206 1405 ο’γγ.
1225 1315 1264 1399 β’,
1282 1315 1386 1380 ἐλαίου
1403 1319 1538 1382 παλαιοῦ
1553 1320 1625 1409 όγγ.
1643 1317 1679 1392 ο’,
1699 1329 1757 1393 τῆς
1781 1313 1850 1409 ῥίζης

316 1424 511 1510 κεκαυμένης
534 1422 588 1487 καί
613 1423 825 1512 σκευασμένης
849 1422 922 1514 όγγ.
938 1421 977 1487 κ’·
1001 1421 1043 1486 τά
1067 1415 1146 1512 ξηρά
1168 1433 1233 1498 τοῖς
1258 1428 1360 1512 ὑγροῖς
1384 1418 1614 1514 ἀναλαμβάνων
1639 1436 1719 1516 χρῶ.
1745 1429 1852 1490 Γίνεται

316 1522 349 1596 δὲ
372 1531 426 1594 καί
449 1535 479 1595 έν
504 1541 568 1607 τοῖς
593 1530 768 1621 προσώποις
793 1541 854 1596 τῶν
879 1539 1035 1622 γυναικῶν
1059 1534 1229 1621 ἐπίχρισμα
1251 1531 1326 1623 πρὸς
1343 1533 1380 1597 τό
1397 1531 1439 1621 μὴ
1467 1523 1670 1625 ῥυειδοῦσδαι,
1687 1525 1773 1622 μηδέ,
1798 1528 1852 1611 ξαν·

316 1640 450 1729 θώματα
474 1641 569 1729 ἔχειν,
595 1639 678 1704 άλλά
701 1640 800 1705 λευκά
825 1640 879 1704 καί
901 1638 1019 1703 τετανά
1043 1639 1084 1704 τά
1106 1641 1258 1729 πρόσωπα
1282 1633 1447 1730 διαμένειν,
1473 1644 1589 1718 ούτως·
1613 1645 1726 1707 λοκίου
1752 1635 1851 1706 ίνδικοῦ

312 1747 384 1840 όγγ.
401 1748 441 1825 κ’,
458 1740 623 1837 ὲλλεύύρου
641 1753 752 1814 λευκοῦ
768 1747 841 1838 όγγ.
861 1748 902 1837 μ’,
920 1748 1098 1835 μελιλώτου
1115 1758 1263 1814 ποντικοῦ
1281 1747 1353 1839 όγγ.
1371 1750 1415 1838 μ’,
1432 1743 1640 1839 τερεύινθίνης
1653 1749 1729 1840 όγγ.
1747 1749 1788 1838 μ’,
1804 1760 1850 1824 ταῖς

314 1853 399 1946 ῥίζης
423 1867 480 1931 τῆς
507 1857 643 1940 βοτάνης
668 1857 862 1945 κεκαμμένης
886 1856 939 1920 καί
963 1855 1137 1946 σεσημένης
1161 1855 1233 1947 όγγ.
1262 1850 1299 1934 ξ’.
1324 1863 1433 1920 Ταῦτα
1463 1862 1534 1922 λεῖοι
1564 1857 1710 1933 ποιήσας,
1736 1854 1786 1944 ἔρε
1807 1859 1850 1932 ἕως

312 1965 349 2030 άν
373 1965 505 2055 γένηται
529 1969 635 2056 γλοιοῦ
658 1964 773 2054 πάχος,
797 1959 864 2030 εἶτα
889 1974 965 2054 χρῶ.

356 2075 430 2140 VII.
445 2075 585 2162 (Ἑρμῆς)
604 2071 721 2156 βοτάνη
742 2073 872 2161 ρλόμος.
890 2073 975 2144 Αὕτη
992 2077 1011 2144 τ’,
1029 2071 1145 2154 βοτάνη
1161 2071 1289 2162 λέγεται
1302 2073 1355 2136 καί
1368 2073 1479 2162 Ἑρμοῦ
1498 2063 1611 2164 ῥάύδος
1623 2073 1742 2164 ἀγαθέ·
1757 2071 1851 2138 σκευά-

313 2176 402 2261 ζεται
418 2173 451 2248 δὲ
468 2171 518 2246 διά.
535 2191 590 2244 τοῦ
607 2185 705 2271 χυλοῦ
724 2181 822 2255 αύτης
840 2179 969 2244 άκόπου·
987 2181 1060 2268 ὅπερ
1077 2179 1129 2244 ἐάν
1147 2203 1193 2255 τις
1212 2183 1336 2270 άλείρῃ,
1355 2186 1394 2256 εἰς
1411 2172 1585 2270 ὁδοιπορίαν
1609 2181 1847 2270 πορευόμενος-ί.

313 2288 415 2361 ἄλλην
440 2288 586 2378 Ιεργασίαν
610 2287 752 2378 κοπηράν
777 2286 1015 2376 μετερχόμενος,
1032 2292 1066 2352 ού
1083 2289 1313 2363 κοπωθήσεται·
1332 2301 1414 2355 ποιεῖ
1433 2282 1466 2356 δὲ
1491 2301 1555 2366 τοῖς
1579 2315 1616 2354 τε
1642 2283 1787 2382 δρομεῦσι
1808 2291 1850 2353 καί

314 2408 378 2473 τοῖς
396 2389 633 2487 ἀγωνιζομένοις
643 2395 669 2481 ³)
693 2397 844 2469 εὐκίνητά
860 2395 913 2459 καὶ
931 2394 1041 2486 ἰσχυρά
1058 2396 1098 2461 τά
1117 2397 1195 2487 μέλη
1215 2408 1270 2462 τοῦ
1295 2397 1450 2487 σώματος.
1468 2397 1541 2462 Ἐάν
1559 2389 1593 2464 δὲ
1615 2401 1671 2462 καὶ
1697 2398 1849 2487 κοπώμενα

314 2502 425 2593 άλείρη
453 2531 510 2582 τις,
534 2505 688 2570 παύονται
712 2516 766 2570 τοῦ
784 2503 997 2570 κόπου.’Ἑστι
1015 2495 1082 2577 δέη
1106 2507 1253 2570 σκευασία
1271 2507 1362 2581 αύτη·
1382 2505 1548 2598 σαμψύχου
1572 2508 1645 2599 όγγ.
1674 2510 1724 2593 ιβ’,
1750 2513 1847 2597 μυελοῦ

312 2612 429 2701 ἐλάφου
454 2611 527 2702 όγγ.
547 2613 585 2690 κ’,
601 2605 811 2702 τερεύινθίνης
827 2612 900 2703 ο’γγ.
918 2613 960 2687 η’,
978 2615 1082 2677 ἐλαίου
1100 2618 1235 2679 παλαιοῦ
1251 2619 1322 2706 ύγγ.
1341 2609 1367 2693 ξ,
1384 2627 1438 2680 τοῦ
1455 2620 1553 2706 χυλοῦ
1570 2628 1627 2693 τῆς
1646 2617 1783 2701 βοτάνης
1804 2611 1847 2692 ἔν’.

311 2713 476 2809 χαλύάνης
501 2723 571 2810 ύγγ.
595 2720 637 2801 η’,
662 2731 757 2808 κηροῦ
782 2725 853 2811 ύγγ.
878 2714 914 2798 ξ’·
939 2716 991 2807 ἕψε
1014 2721 1068 2796 ἕως
1092 2721 1224 2810 γένηται
1239 2728 1346 2814 γλοιοῦ
1362 2723 1473 2812 πάχος,
1490 2725 1544 2789 καί
1560 2733 1636 2814 χρῶ.
1663 2725 1783 2790 Τούτου
1804 2734 1846 2786 τοῦ

312 2830 411 2916 χολοῦ
436 2826 489 2892 ἐάν
513 2837 621 2902 νῆστις
647 2829 764 2919 ῥορήση
791 2853 848 2906 τις,
874 2830 929 2893 τόν
956 2827 1024 2892 θεὸν
1049 2830 1313 2918 ἐπικαλεσάμενος
1338 2823 1377 2895 δι’
1403 2835 1513 2920 εύχῆς,
1538 2834 1593 2897 τόν
1619 2825 1717 2897 δύντα
1742 2842 1785 2914 τῷ
1806 2841 1847 2894 τοῦ
1913 2845 1914 2886 ί

313 2937 423 3026 Ἑρμοῦ
449 2935 555 3026 ἀστέρι
580 2937 666 3026 (πρός
692 2935 724 3002 όν
749 2942 917 3002 οἰκειοῦται
940 2943 959 3010 η
986 2938 1116 3008 τοιαύτη
1137 2937 1272 3020 βοτάνη)
1290 2931 1419 3026 δύναμιν
1437 2939 1599 3024 τοιαύτην,
1616 2939 1846 3029 ἑτοιμότατος)

311 3049 341 3109 ἑν
360 3053 405 3128 τῷ
421 3048 528 3109 λαλεῖν
546 3045 599 3108 καί
617 3046 948 3135 ἑπιστημονικώτατος
963 3047 1062 3112 ἔσται.
1080 3040 1271 3125 Σκευάζεται
1288 3038 1321 3112 δέ
1338 3049 1391 3112 καί
1409 3039 1459 3112 διά
1475 3059 1532 3126 τῆς
1551 3044 1636 3140 ῥίζης
1654 3053 1845 3138 ἔμπλαστρος,

311 3153 382 3228 ἥτις
408 3151 483 3236 βέλη
509 3154 563 3218 καί
587 3153 745 3229 σκόλοπας
770 3147 885 3245 ἐξάγει,
909 3153 963 3218 καί
988 3152 1028 3218 τά
1052 3153 1251 3244 τεθλασμένα
1268 3165 1329 3219 τῶν
1355 3159 1454 3220 όστιῦν
1479 3158 1532 3221 καί
1557 3148 1770 3248 διεσπασμένα
1791 3180 1846 3219 σοι·
1913 3189 1914 3200 1

312 3259 416 3327 άπτει.
432 3259 492 3323 Καί
509 3262 628 3334 ἔστινη
649 3264 798 3327 σκευασία
816 3265 909 3335 αύτη·
926 3273 1021 3350 κηροῦ
1039 3267 1109 3354 ύγγ.
1126 3264 1168 3339 π’,
1187 3257 1393 3354 τερεύινθίνης
1409 3270 1479 3356 όγγ.
1498 3265 1540 3354 μ’,
1553 3258 1721 3354 χαλύάνης
1737 3269 1802 3356 ύγγ.
1815 3263 1844 3335 2'.

313 3369 418 3433 ἐλαίου
442 3370 615 3456 όμροικίνου
640 3375 711 3463 όγγ.
736 3372 778 3458 μ’,
803 3382 860 3446 τῆς
887 3364 970 3462 ῥίζης
988 3373 1182 3460 κεκαυμένος
1200 3371 1252 3436 καί
1269 3374 1441 3461 σεσημένης
1463 3376 1534 3464 όγγ.
1557 3374 1603 3440 π’.
1627 3372 1670 3438 τά
1696 3367 1772 3461 ξηρά
1795 3380 1845 3443 τοῖς

312 3477 414 3566 ύγροῑς
440 3469 672 3566 οἰναλαμύάνων
696 3486 772 3566 χρῶ.

718 3587 813 3663 Τέλος
837 3596 900 3652 τῶν
924 3582 951 3666 ζ’
976 3589 1114 3677 άστ’ρων
1139 3589 1277 3653 καὶτῶν
1304 3591 1455 3673 βοτανῶν.

1060 3909 1107 3977 IV

530 4123 652 4214 Ἑτέραι
675 4121 756 4187 ἑπτά
782 4122 914 4208 βοτάναι
938 4126 1137 4215 ἀνακείμεναι
1161 4135 1226 4202 τοῖς
1251 4125 1589 4216 αύτοῖςπλανωμένοις
1604 4127 1640 4208 ⁵).

353 4337 379 4404 I.
398 4335 514 4420 Ἥλιος,
541 4335 659 4422 βοτάνη
685 4337 871 4428 πολυγενιίς.
896 4340 984 4411 λύπη
1011 4346 1029 4412 η
1058 4341 1174 4423 βοτάνη
1194 4341 1344 4418 τοιαύτης
1368 4341 1462 4430 ἔτυχε
1486 4343 1697 4430 προσηγορίας
1721 4342 1753 4404 ἔκ
1775 4355 1839 4402 τινες

308 4445 382 4533 πρός
407 4447 462 4508 τόν
486 4448 574 4515 ἥλιον
599 4446 798 4533 ὁμοιότητος·
823 4448 886 4536 καί
901 4447 959 4538 γάρ
984 4451 999 4511 6
1024 4450 1110 4522 ἥλιος
1127 4449 1253 4514 πάντων
1272 4451 1452 4540 άρχηγέτης
1469 4453 1537 4513 ἐστι
1561 4450 1614 4514 καί
1639 4443 1837 4539 σπερματιαύς·

309 4553 362 4616 καί
380 4558 398 4625 η
420 4552 538 4636 βοτάνη
566 4545 598 4618 δέ
616 4555 694 4627 αύτη
714 4557 789 4645 πρὸς
806 4555 898 4646 γονάς
915 4561 998 4620 ἐστιν
1014 4547 1186 4627 ἐπιτηδεία.
1204 4557 1290 4632 Τινὲς
1308 4551 1342 4621 δέ
1358 4559 1564 4646 χαμαλέοντα
1581 4562 1730 4623 καλοῦσιν
1750 4550 1837 4620 αὐτόν,

309 4663 343 4724 ἐκ
368 4671 422 4726 τοῦ
446 4661 488 4725 τά.
513 4661 590 4752 μέρη
616 4674 671 4728 τοῦ
689 4667 817 4753 ούρανοῦ
834 4663 886 4728 καί
902 4675 958 4740 τῆς
976 4675 1034 4754 γῆς
1051 4665 1231 4754 λελαχέναι.
1249 4667 1413 4755 Πινόμενος
1431 4659 1482 4730 οὖν
1501 4671 1516 4728 6
1533 4666 1627 4754 χυλός
1653 4671 1758 4742 αὐτῆς,
1779 4659 1836 4745 τρία

308 4767 400 4860 γονάς
426 4760 566 4862 διεγείρει
590 4772 642 4834 καί
658 4764 832 4862 άρροδίσια.
851 4771 1059 4862 Περιαρθεῖσα
1077 4765 1143 4849 δέη
1165 4774 1282 4859 βοτάνη
1303 4774 1355 4838 σύν
1371 4785 1411 4858 τῇ
1430 4779 1470 4850 εἰς
1488 4772 1555 4838 θεόν
1572 4775 1661 4863 εὐχῇ,
1681 4774 1733 4838 τόν
1757 4761 1834 4834 δύντε

309 4887 354 4962 τῷ
380 4902 415 4944 τε
438 4881 518 4962 ἡλίῳ
542 4880 596 4943 καί
620 4891 660 4965 τῇ
681 4881 797 4970 βοτάνῃ
818 4881 970 4952 τοιαύτην
988 4873 1117 4973 δύναμιν
1135 4885 1226 4971 ἔχειν,
1244 4892 1346 4947 πᾶσαν
1364 4881 1540 4972 όρβαλμίαν
1560 4881 1737 4970 ἀποτρέπει·
1757 4884 1769 4941 6
1790 4871 1835 4965 γάρ
1913 4871 1914 4876 ’

346 5147 367 5220 ι)
387 5145 429 5202 Id·
449 5146 496 5204 bis
516 5153 783 5221 πεφαρμακωᾶμενεῑς.
1145 5152 1169 5224 ⁴)
1188 5150 1258 5208 God.
1278 5153 1464 5220 ἑτοιμοτάτην...
1486 5153 1752 5218 ἐπιοταριονικωτάταν.

344 5237 367 5309 ²)
387 5237 456 5292 Cod.
474 5247 626 5310 τρυχορυεῑι.
1147 5241 1169 5312 ⁵)
1189 5240 1235 5293 Ex
1254 5238 1359 5294 eodem
1378 5238 1440 5294 cod.
1461 5237 1644 5310 Mosquensi.

344 5327 367 5398 ³)
387 5329 466 5383 Nota
486 5335 573 5386 vetus
593 5329 775 5386 athletarum
796 5335 932 5401 ραρμακου.
