<?xml version="1.0" encoding="UTF-8"?>
<!DOCTYPE html PUBLIC "-//W3C//DTD XHTML 1.0 Transitional//EN"
    "http://www.w3.org/TR/xhtml1/DTD/xhtml1-transitional.dtd">
<html xmlns="http://www.w3.org/1999/xhtml" xml:lang="en" lang="en">
 <head>
  <title>
</title>
<meta http-equiv="Content-Type" content="text/html;charset=utf-8" />
  <meta name='ocr-system' content='tesseract 3.04.00' />
  <meta name='ocr-capabilities' content='ocr_page ocr_carea ocr_par ocr_line ocrx_word'/>
</head>
<body>
  <div class='ocr_page' id='page_1' title='image "./analectasacrasp02pitrgoog_0050.png"; bbox 0 0 4008 6068; ppageno 0'>
   <div class='ocr_carea' id='block_1_1' title="bbox 277 737 1669 892">
    <p class='ocr_par' dir='ltr' id='par_1_1' title="bbox 277 737 1669 892">
     <span class='ocr_line' id='line_1_1' title="bbox 277 737 1669 892; baseline 0.002 -6"><span class='ocrx_word' id='word_1_1' title='bbox 277 737 777 892; x_wconf 72' lang='lat' dir='ltr'><strong>&#39;SANOTUS</strong></span> <span class='ocrx_word' id='word_1_2' title='bbox 843 750 1583 892; x_wconf 80' lang='lat' dir='ltr'>ATHANASIUS</span> <span class='ocrx_word' id='word_1_3' title='bbox 1662 815 1669 830; x_wconf 96' lang='lat'><strong>·</strong></span> 
     </span>
    </p>
   </div>
   <div class='ocr_carea' id='block_1_2' title="bbox 730 1028 1136 1106">
    <p class='ocr_par' dir='ltr' id='par_1_2' title="bbox 730 1028 1136 1106">
     <span class='ocr_line' id='line_1_2' title="bbox 730 1028 1136 1106; baseline 0.007 -4"><span class='ocrx_word' id='word_1_4' title='bbox 730 1028 1136 1106; x_wconf 80' lang='lat' dir='ltr'><strong>ALEXANDRINUS.</strong></span> 
     </span>
    </p>
   </div>
   <div class='ocr_carea' id='block_1_3' title="bbox 567 1680 1308 1743">
    <p class='ocr_par' dir='ltr' id='par_1_3' title="bbox 567 1680 1308 1743">
     <span class='ocr_line' id='line_1_3' title="bbox 567 1680 1308 1743; baseline 0.004 -5"><span class='ocrx_word' id='word_1_5' title='bbox 567 1680 628 1739; x_wconf 77' lang='lat' dir='ltr'><strong><em>EX</em></strong></span> <span class='ocrx_word' id='word_1_6' title='bbox 655 1680 991 1740; x_wconf 73' lang='lat' dir='ltr'><strong>COMMENTARIO</strong></span> <span class='ocrx_word' id='word_1_7' title='bbox 1019 1682 1067 1741; x_wconf 80' lang='lat' dir='ltr'><strong><em>ln</em></strong></span> <span class='ocrx_word' id='word_1_8' title='bbox 1093 1683 1308 1743; x_wconf 76' lang='lat' dir='ltr'><strong><em>Psanmos.</em></strong></span> 
     </span>
    </p>
   </div>
   <div class='ocr_carea' id='block_1_4' title="bbox 801 1883 1069 1952">
    <p class='ocr_par' dir='ltr' id='par_1_4' title="bbox 801 1883 1069 1952">
     <span class='ocr_line' id='line_1_4' title="bbox 801 1883 1069 1952; baseline 0 -2"><span class='ocrx_word' id='word_1_9' title='bbox 801 1883 999 1952; x_wconf 82' lang='lat' dir='ltr'>PSALMUS</span> <span class='ocrx_word' id='word_1_10' title='bbox 1027 1883 1069 1951; x_wconf 91' lang='lat'><strong><em>11.</em></strong></span> 
     </span>
    </p>
   </div>
   <div class='ocr_carea' id='block_1_5' title="bbox 160 2090 1710 2618">
    <p class='ocr_par' dir='ltr' id='par_1_5' title="bbox 160 2090 1710 2379">
     <span class='ocr_line' id='line_1_5' title="bbox 207 2090 1708 2189; baseline 0.001 -24"><span class='ocrx_word' id='word_1_11' title='bbox 207 2122 238 2166; x_wconf 83' lang='grc' dir='ltr'>ν.</span> <span class='ocrx_word' id='word_1_12' title='bbox 265 2101 294 2180; x_wconf 90' lang='grc'><strong><em>1,</em></strong></span> <span class='ocrx_word' id='word_1_13' title='bbox 318 2101 350 2167; x_wconf 86' lang='grc'><strong><em>2.</em></strong></span> <span class='ocrx_word' id='word_1_14' title='bbox 374 2097 471 2162; x_wconf 84' lang='grc' dir='ltr'>Ἱνατί</span> <span class='ocrx_word' id='word_1_15' title='bbox 486 2090 617 2188; x_wconf 76' lang='grc' dir='ltr'>ἔρρυξαν</span> <span class='ocrx_word' id='word_1_16' title='bbox 635 2095 720 2175; x_wconf 85' lang='grc' dir='ltr'>ἔθνη,</span> <span class='ocrx_word' id='word_1_17' title='bbox 737 2097 791 2164; x_wconf 80' lang='grc' dir='ltr'>καί</span> <span class='ocrx_word' id='word_1_18' title='bbox 806 2099 879 2164; x_wconf 84' lang='grc' dir='ltr'>λαοὶ</span> <span class='ocrx_word' id='word_1_19' title='bbox 895 2099 1089 2189; x_wconf 80' lang='grc' dir='ltr'><strong>ἐμελέτησαν</strong></span> <span class='ocrx_word' id='word_1_20' title='bbox 1107 2095 1197 2175; x_wconf 83' lang='grc' dir='ltr'>κενά;</span> <span class='ocrx_word' id='word_1_21' title='bbox 1214 2096 1422 2188; x_wconf 86' lang='grc' dir='ltr'>Παρέστησαν</span> <span class='ocrx_word' id='word_1_22' title='bbox 1442 2103 1471 2164; x_wconf 83' lang='lat' dir='ltr'><strong><em>oi</em></strong></span> <span class='ocrx_word' id='word_1_23' title='bbox 1488 2101 1627 2184; x_wconf 79' lang='grc' dir='ltr'>βασιλεῖς</span> <span class='ocrx_word' id='word_1_24' title='bbox 1651 2111 1708 2176; x_wconf 82' lang='grc' dir='ltr'>τῆς</span> 
     </span>
     <span class='ocr_line' id='line_1_6' title="bbox 160 2203 1710 2300; baseline 0.005 -32"><span class='ocrx_word' id='word_1_25' title='bbox 160 2215 232 2296; x_wconf 74' lang='grc' dir='ltr'>γῆς,</span> <span class='ocrx_word' id='word_1_26' title='bbox 255 2205 309 2268; x_wconf 82' lang='grc' dir='ltr'>καί</span> <span class='ocrx_word' id='word_1_27' title='bbox 333 2210 361 2271; x_wconf 87' lang='grc' dir='ltr'><strong><em>οί</em></strong></span> <span class='ocrx_word' id='word_1_28' title='bbox 377 2207 528 2296; x_wconf 76' lang='grc' dir='ltr'>ἄρχοντες</span> <span class='ocrx_word' id='word_1_29' title='bbox 546 2205 749 2296; x_wconf 80' lang='grc' dir='ltr'>συνήχθησαν</span> <span class='ocrx_word' id='word_1_30' title='bbox 765 2207 816 2272; x_wconf 82' lang='grc' dir='ltr'><strong><em>ἐπί</em></strong></span> <span class='ocrx_word' id='word_1_31' title='bbox 834 2207 870 2272; x_wconf 82' lang='lat' dir='ltr'><strong><em>rb</em></strong></span> <span class='ocrx_word' id='word_1_32' title='bbox 889 2209 983 2273; x_wconf 79' lang='grc' dir='ltr'>αὑτὸν</span> <span class='ocrx_word' id='word_1_33' title='bbox 1000 2205 1085 2271; x_wconf 68' lang='grc' dir='ltr'>κατὰ</span> <span class='ocrx_word' id='word_1_34' title='bbox 1101 2207 1156 2270; x_wconf 88' lang='grc' dir='ltr'><strong><em>τδν</em></strong></span> <span class='ocrx_word' id='word_1_35' title='bbox 1180 2203 1290 2296; x_wconf 80' lang='grc' dir='ltr'>Κύριον</span> <span class='ocrx_word' id='word_1_36' title='bbox 1315 2206 1368 2270; x_wconf 81' lang='grc' dir='ltr'>καί</span> <span class='ocrx_word' id='word_1_37' title='bbox 1391 2207 1475 2273; x_wconf 75' lang='grc' dir='ltr'>κατὰ</span> <span class='ocrx_word' id='word_1_38' title='bbox 1499 2209 1554 2274; x_wconf 74' lang='lat' dir='ltr'><strong><em>rba</em></strong></span> <span class='ocrx_word' id='word_1_39' title='bbox 1579 2211 1710 2300; x_wconf 83' lang='grc' dir='ltr'>Χριστὸν</span> 
     </span>
     <span class='ocr_line' id='line_1_7' title="bbox 162 2316 270 2379; baseline -0.009 -1"><span class='ocrx_word' id='word_1_40' title='bbox 162 2316 270 2379; x_wconf 86' lang='grc' dir='ltr'>αὐτοῦ.</span> 
     </span>
    </p>

    <p class='ocr_par' dir='ltr' id='par_1_6' title="bbox 162 2423 1709 2618">
     <span class='ocr_line' id='line_1_8' title="bbox 210 2423 1707 2511; baseline 0.003 -22"><span class='ocrx_word' id='word_1_41' title='bbox 210 2423 316 2506; x_wconf 82' lang='lat' dir='ltr'><strong><em>Quare</em></strong></span> <span class='ocrx_word' id='word_1_42' title='bbox 336 2425 538 2508; x_wconf 79' lang='lat' dir='ltr'><strong><em>fremuerunt</em></strong></span> <span class='ocrx_word' id='word_1_43' title='bbox 551 2431 670 2509; x_wconf 74' lang='lat' dir='ltr'><strong><em>pentes,</em></strong></span> <span class='ocrx_word' id='word_1_44' title='bbox 687 2431 716 2492; x_wconf 91' lang='lat' dir='ltr'><strong><em>et</em></strong></span> <span class='ocrx_word' id='word_1_45' title='bbox 728 2425 842 2509; x_wconf 81' lang='lat' dir='ltr'><strong><em>populi</em></strong></span> <span class='ocrx_word' id='word_1_46' title='bbox 856 2426 1003 2494; x_wconf 75' lang='lat' dir='ltr'><strong><em>ureriitatr&#39;</em></strong></span> <span class='ocrx_word' id='word_1_47' title='bbox 1018 2431 1095 2493; x_wconf 81' lang='lat' dir='ltr'><strong><em>suut</em></strong></span> <span class='ocrx_word' id='word_1_48' title='bbox 1108 2425 1256 2492; x_wconf 81' lang='lat' dir='ltr'><strong><em>inania?</em></strong></span> <span class='ocrx_word' id='word_1_49' title='bbox 1274 2425 1459 2494; x_wconf 72' lang='lat' dir='ltr'><strong><em>Astiterunt</em></strong></span> <span class='ocrx_word' id='word_1_50' title='bbox 1481 2447 1569 2511; x_wconf 77' lang='lat' dir='ltr'><strong><em>repes</em></strong></span> <span class='ocrx_word' id='word_1_51' title='bbox 1592 2433 1707 2509; x_wconf 84' lang='lat' dir='ltr'><strong><em>terrae,</em></strong></span> 
     </span>
     <span class='ocr_line' id='line_1_9' title="bbox 162 2531 1709 2618; baseline 0.003 -20"><span class='ocrx_word' id='word_1_52' title='bbox 162 2538 193 2598; x_wconf 85' lang='lat' dir='ltr'><strong><em>et</em></strong></span> <span class='ocrx_word' id='word_1_53' title='bbox 210 2531 378 2615; x_wconf 75' lang='lat' dir='ltr'><strong><em>principes</em></strong></span> <span class='ocrx_word' id='word_1_54' title='bbox 400 2539 612 2599; x_wconf 80' lang='lat' dir='ltr'><strong><em>conuenerunt</em></strong></span> <span class='ocrx_word' id='word_1_55' title='bbox 634 2533 672 2598; x_wconf 84' lang='grc' dir='ltr'><strong><em>ιἰι</em></strong></span> <span class='ocrx_word' id='word_1_56' title='bbox 694 2553 804 2613; x_wconf 85' lang='lat' dir='ltr'><strong><em>uuum,</em></strong></span> <span class='ocrx_word' id='word_1_57' title='bbox 828 2533 984 2600; x_wconf 82' lang='lat' dir='ltr'><strong><em>aduersus</em></strong></span> <span class='ocrx_word' id='word_1_58' title='bbox 1006 2533 1183 2600; x_wconf 81' lang='lat' dir='ltr'><strong><em>Donriuum</em></strong></span> <span class='ocrx_word' id='word_1_59' title='bbox 1205 2539 1234 2600; x_wconf 89' lang='lat' dir='ltr'><strong><em>et</em></strong></span> <span class='ocrx_word' id='word_1_60' title='bbox 1256 2534 1412 2602; x_wconf 83' lang='lat' dir='ltr'><strong><em>aduersus</em></strong></span> <span class='ocrx_word' id='word_1_61' title='bbox 1436 2533 1599 2602; x_wconf 74' lang='lat' dir='ltr'><strong><em>Christum</em></strong></span> <span class='ocrx_word' id='word_1_62' title='bbox 1628 2535 1709 2618; x_wconf 83' lang='lat' dir='ltr'><strong><em>ejus.</em></strong></span> 
     </span>
    </p>
   </div>
   <div class='ocr_carea' id='block_1_6' title="bbox 86 2736 1721 4879">
    <p class='ocr_par' dir='ltr' id='par_1_7' title="bbox 162 2736 1715 3371">
     <span class='ocr_line' id='line_1_10' title="bbox 207 2736 1715 2836; baseline 0.005 -28"><span class='ocrx_word' id='word_1_63' title='bbox 207 2742 265 2808; x_wconf 78' lang='grc' dir='ltr'><strong><em>Διὰ</em></strong></span> <span class='ocrx_word' id='word_1_64' title='bbox 287 2746 320 2809; x_wconf 91' lang='grc' dir='ltr'>τί</span> <span class='ocrx_word' id='word_1_65' title='bbox 344 2736 378 2811; x_wconf 86' lang='grc' dir='ltr'><strong><em>δέ</em></strong></span> <span class='ocrx_word' id='word_1_66' title='bbox 392 2745 414 2827; x_wconf 91' lang='lat'><strong><em>¹)</em></strong></span> <span class='ocrx_word' id='word_1_67' title='bbox 431 2752 461 2811; x_wconf 80' lang='grc' dir='ltr'><strong><em>οἱ</em></strong></span> <span class='ocrx_word' id='word_1_68' title='bbox 483 2743 634 2836; x_wconf 79' lang='grc' dir='ltr'>ἄρχοντος</span> <span class='ocrx_word' id='word_1_69' title='bbox 654 2755 717 2811; x_wconf 81' lang='grc' dir='ltr'><strong><em>τῶν</em></strong></span> <span class='ocrx_word' id='word_1_70' title='bbox 743 2737 912 2823; x_wconf 83' lang='grc' dir='ltr'>’1ουδα’ων,</span> <span class='ocrx_word' id='word_1_71' title='bbox 1013 2745 1118 2824; x_wconf 83' lang='lat' dir='ltr'><strong><em>Quare</em></strong></span> <span class='ocrx_word' id='word_1_72' title='bbox 1140 2747 1335 2814; x_wconf 79' lang='lat' dir='ltr'><strong><em>iudaeorum</em></strong></span> <span class='ocrx_word' id='word_1_73' title='bbox 1351 2747 1520 2834; x_wconf 88' lang='lat' dir='ltr'><strong><em>principes,</em></strong></span> <span class='ocrx_word' id='word_1_74' title='bbox 1536 2748 1636 2834; x_wconf 90' lang='lat' dir='ltr'><strong><em>impii,</em></strong></span> <span class='ocrx_word' id='word_1_75' title='bbox 1656 2749 1715 2816; x_wconf 90' lang='lat' dir='ltr'><strong><em>im·</em></strong></span> 
     </span>
     <span class='ocr_line' id='line_1_11' title="bbox 162 2843 1715 2945; baseline 0.006 -31"><span class='ocrx_word' id='word_1_76' title='bbox 162 2855 191 2915; x_wconf 87' lang='grc' dir='ltr'><strong><em>οί</em></strong></span> <span class='ocrx_word' id='word_1_77' title='bbox 204 2843 324 2928; x_wconf 64' lang='lat' dir='ltr'><strong><em>trebeta</em></strong></span> <span class='ocrx_word' id='word_1_78' title='bbox 337 2851 390 2916; x_wconf 85' lang='grc' dir='ltr'>καί</span> <span class='ocrx_word' id='word_1_79' title='bbox 404 2851 510 2942; x_wconf 75' lang='grc' dir='ltr'>λοιμοὶ</span> <span class='ocrx_word' id='word_1_80' title='bbox 526 2853 581 2919; x_wconf 80' lang='grc' dir='ltr'>καί</span> <span class='ocrx_word' id='word_1_81' title='bbox 597 2854 790 2944; x_wconf 81' lang='grc' dir='ltr'>ἁμαρτωλοί,</span> <span class='ocrx_word' id='word_1_82' title='bbox 810 2877 914 2945; x_wconf 88' lang='grc' dir='ltr'>γραμ-</span> <span class='ocrx_word' id='word_1_83' title='bbox 968 2854 1041 2938; x_wconf 90' lang='lat' dir='ltr'><strong><em>puri</em></strong></span> <span class='ocrx_word' id='word_1_84' title='bbox 1057 2858 1090 2920; x_wconf 83' lang='lat' dir='ltr'><strong><em>et</em></strong></span> <span class='ocrx_word' id='word_1_85' title='bbox 1105 2853 1260 2934; x_wconf 76' lang='lat' dir='ltr'><strong><em>scelerati,</em></strong></span> <span class='ocrx_word' id='word_1_86' title='bbox 1276 2854 1410 2936; x_wconf 86' lang='lat' dir='ltr'><strong><em>scribae,</em></strong></span> <span class='ocrx_word' id='word_1_87' title='bbox 1425 2855 1585 2940; x_wconf 85' lang='lat' dir='ltr'><strong><em>pharisaei</em></strong></span> <span class='ocrx_word' id='word_1_88' title='bbox 1608 2859 1642 2922; x_wconf 88' lang='lat' dir='ltr'><strong><em>et</em></strong></span> <span class='ocrx_word' id='word_1_89' title='bbox 1658 2856 1715 2942; x_wconf 86' lang='lat' dir='ltr'><strong><em>ju·</em></strong></span> 
     </span>
     <span class='ocr_line' id='line_1_12' title="bbox 163 2957 1713 3051; baseline 0.005 -28"><span class='ocrx_word' id='word_1_90' title='bbox 163 2957 508 3049; x_wconf 80' lang='grc' dir='ltr'>ματετςιιαίραρισαϊοι</span> <span class='ocrx_word' id='word_1_91' title='bbox 523 2960 577 3026; x_wconf 84' lang='grc' dir='ltr'>καί</span> <span class='ocrx_word' id='word_1_92' title='bbox 592 2962 724 3051; x_wconf 75' lang='grc' dir='ltr'>νομικοὶ,</span> <span class='ocrx_word' id='word_1_93' title='bbox 742 2962 913 3038; x_wconf 77' lang='grc' dir='ltr'>είςταῠτδν</span> <span class='ocrx_word' id='word_1_94' title='bbox 969 2963 1013 3030; x_wconf 86' lang='lat' dir='ltr'><strong><em>ris</em></strong></span> <span class='ocrx_word' id='word_1_95' title='bbox 1036 2962 1199 3043; x_wconf 82' lang='lat' dir='ltr'><strong><em>doctores,</em></strong></span> <span class='ocrx_word' id='word_1_96' title='bbox 1222 2961 1256 3027; x_wconf 90' lang='lat' dir='ltr'><strong><em>in</em></strong></span> <span class='ocrx_word' id='word_1_97' title='bbox 1288 2984 1386 3028; x_wconf 89' lang='lat' dir='ltr'><strong><em>unum</em></strong></span> <span class='ocrx_word' id='word_1_98' title='bbox 1409 2964 1655 3045; x_wconf 76' lang='lat' dir='ltr'><strong><em>concurrebant,</em></strong></span> <span class='ocrx_word' id='word_1_99' title='bbox 1679 2968 1713 3031; x_wconf 88' lang='lat' dir='ltr'><strong><em>et</em></strong></span> 
     </span>
     <span class='ocr_line' id='line_1_13' title="bbox 164 3057 1714 3159; baseline 0.005 -30"><span class='ocrx_word' id='word_1_100' title='bbox 164 3057 367 3156; x_wconf 86' lang='grc' dir='ltr'>συνέδραμον,</span> <span class='ocrx_word' id='word_1_101' title='bbox 392 3066 547 3134; x_wconf 76' lang='grc' dir='ltr'>καὶκατὰ</span> <span class='ocrx_word' id='word_1_102' title='bbox 566 3077 621 3135; x_wconf 84' lang='grc' dir='ltr'>τοῦ</span> <span class='ocrx_word' id='word_1_103' title='bbox 646 3070 757 3159; x_wconf 79' lang='grc' dir='ltr'>Κυρίου</span> <span class='ocrx_word' id='word_1_104' title='bbox 781 3067 916 3141; x_wconf 70' lang='lat' dir='ltr'><strong><em>&#39;attera-</em></strong></span> <span class='ocrx_word' id='word_1_105' title='bbox 969 3070 1119 3136; x_wconf 69' lang='lat' dir='ltr'><strong><em>navemus</em></strong></span> <span class='ocrx_word' id='word_1_106' title='bbox 1135 3067 1308 3141; x_wconf 86' lang='lat' dir='ltr'><strong><em>Dominum</em></strong></span> <span class='ocrx_word' id='word_1_107' title='bbox 1323 3069 1411 3136; x_wconf 86' lang='lat' dir='ltr'><strong><em>rabie</em></strong></span> <span class='ocrx_word' id='word_1_108' title='bbox 1426 3068 1588 3152; x_wconf 84' lang='lat' dir='ltr'><strong><em>furebant,</em></strong></span> <span class='ocrx_word' id='word_1_109' title='bbox 1600 3092 1714 3156; x_wconf 88' lang='lat' dir='ltr'><strong><em>nempe</em></strong></span> 
     </span>
     <span class='ocr_line' id='line_1_14' title="bbox 166 3173 1712 3266; baseline 0.008 -32"><span class='ocrx_word' id='word_1_110' title='bbox 166 3195 237 3256; x_wconf 81' lang='grc' dir='ltr'>σαν,</span> <span class='ocrx_word' id='word_1_111' title='bbox 259 3173 409 3238; x_wconf 75' lang='grc' dir='ltr'>τουτέστι</span> <span class='ocrx_word' id='word_1_112' title='bbox 432 3173 516 3240; x_wconf 80' lang='grc' dir='ltr'>κατὰ</span> <span class='ocrx_word' id='word_1_113' title='bbox 535 3183 591 3239; x_wconf 81' lang='grc' dir='ltr'>τοῦ</span> <span class='ocrx_word' id='word_1_114' title='bbox 608 3175 728 3266; x_wconf 83' lang='grc' dir='ltr'>Πατρδς</span> <span class='ocrx_word' id='word_1_115' title='bbox 752 3174 807 3239; x_wconf 80' lang='grc' dir='ltr'>καὶ</span> <span class='ocrx_word' id='word_1_116' title='bbox 831 3173 915 3240; x_wconf 65' lang='grc' dir='ltr'>κατὰ</span> <span class='ocrx_word' id='word_1_117' title='bbox 969 3178 1121 3244; x_wconf 71' lang='lat' dir='ltr'><strong><em>adversm</em></strong></span> <span class='ocrx_word' id='word_1_118' title='bbox 1137 3177 1315 3244; x_wconf 79' lang='lat' dir='ltr'><strong><em>Patremet</em></strong></span> <span class='ocrx_word' id='word_1_119' title='bbox 1330 3176 1504 3260; x_wconf 75' lang='lat' dir='ltr'><strong><em>Christum,</em></strong></span> <span class='ocrx_word' id='word_1_120' title='bbox 1521 3201 1634 3264; x_wconf 80' lang='lat' dir='ltr'>nempe</span> <span class='ocrx_word' id='word_1_121' title='bbox 1657 3179 1712 3246; x_wconf 88' lang='lat' dir='ltr'><strong><em>ad·</em></strong></span> 
     </span>
     <span class='ocr_line' id='line_1_15' title="bbox 164 3283 1715 3371; baseline 0.004 -26"><span class='ocrx_word' id='word_1_122' title='bbox 164 3291 223 3347; x_wconf 83' lang='grc' dir='ltr'>τοῦ</span> <span class='ocrx_word' id='word_1_123' title='bbox 247 3287 390 3370; x_wconf 82' lang='grc' dir='ltr'>Χριστοῦ,</span> <span class='ocrx_word' id='word_1_124' title='bbox 407 3283 555 3348; x_wconf 79' lang='grc' dir='ltr'>τουτέστι</span> <span class='ocrx_word' id='word_1_125' title='bbox 571 3295 625 3348; x_wconf 88' lang='grc' dir='ltr'>τοῦ</span> <span class='ocrx_word' id='word_1_126' title='bbox 643 3290 714 3350; x_wconf 88' lang='grc' dir='ltr'>Υίοῦ</span> <span class='ocrx_word' id='word_1_127' title='bbox 739 3289 854 3361; x_wconf 50' lang='lat' dir='ltr'><strong><em>utrem</em></strong></span> <span class='ocrx_word' id='word_1_128' title='bbox 879 3283 914 3347; x_wconf 88' lang='lat'><strong><em>&#39;0</em></strong></span> <span class='ocrx_word' id='word_1_129' title='bbox 970 3308 1079 3352; x_wconf 82' lang='lat' dir='ltr'><strong><em>versus</em></strong></span> <span class='ocrx_word' id='word_1_130' title='bbox 1096 3284 1213 3351; x_wconf 85' lang='lat' dir='ltr'><strong><em>Filium</em></strong></span> <span class='ocrx_word' id='word_1_131' title='bbox 1230 3285 1324 3371; x_wconf 81' lang='lat' dir='ltr'><strong><em>ejus?</em></strong></span> <span class='ocrx_word' id='word_1_132' title='bbox 1339 3285 1467 3352; x_wconf 85' lang='lat' dir='ltr'><strong><em>Etenim</em></strong></span> <span class='ocrx_word' id='word_1_133' title='bbox 1493 3290 1506 3320; x_wconf 82' lang='lat'>⁸</span> <span class='ocrx_word' id='word_1_134' title='bbox 1525 3286 1579 3371; x_wconf 91' lang='lat' dir='ltr'><strong><em>qui</em></strong></span> <span class='ocrx_word' id='word_1_135' title='bbox 1596 3285 1715 3352; x_wconf 82' lang='lat' dir='ltr'><strong><em>Filium</em></strong></span> 
     </span>
    </p>

    <p class='ocr_par' dir='ltr' id='par_1_8' title="bbox 86 3384 1721 4879">
     <span class='ocr_line' id='line_1_16' title="bbox 146 3384 1716 3482; baseline 0.005 -31"><span class='ocrx_word' id='word_1_136' title='bbox 146 3386 228 3479; x_wconf 79' lang='grc' dir='ltr'>’γὰρ</span> <span class='ocrx_word' id='word_1_137' title='bbox 253 3387 296 3477; x_wconf 83' lang='grc' dir='ltr'>μή</span> <span class='ocrx_word' id='word_1_138' title='bbox 321 3398 422 3476; x_wconf 85' lang='grc' dir='ltr'>τιμῶν</span> <span class='ocrx_word' id='word_1_139' title='bbox 439 3391 494 3454; x_wconf 80' lang='grc' dir='ltr'><strong><em>τδν</em></strong></span> <span class='ocrx_word' id='word_1_140' title='bbox 517 3393 596 3476; x_wconf 74' lang='lat' dir='ltr'><strong><em>tior,</em></strong></span> <span class='ocrx_word' id='word_1_141' title='bbox 615 3384 686 3457; x_wconf 80' lang='grc' dir='ltr'>οὐδέ</span> <span class='ocrx_word' id='word_1_142' title='bbox 709 3393 764 3458; x_wconf 81' lang='grc' dir='ltr'><strong><em>τὸν</em></strong></span> <span class='ocrx_word' id='word_1_143' title='bbox 790 3392 916 3482; x_wconf 84' lang='grc' dir='ltr'>Πατέρα</span> <span class='ocrx_word' id='word_1_144' title='bbox 970 3415 1034 3459; x_wconf 92' lang='lat' dir='ltr'><strong><em>non</em></strong></span> <span class='ocrx_word' id='word_1_145' title='bbox 1057 3395 1195 3472; x_wconf 84' lang='lat' dir='ltr'><strong><em>veretur,</em></strong></span> <span class='ocrx_word' id='word_1_146' title='bbox 1218 3413 1282 3457; x_wconf 90' lang='lat' dir='ltr'><strong><em>non</em></strong></span> <span class='ocrx_word' id='word_1_147' title='bbox 1302 3397 1430 3458; x_wconf 86' lang='lat' dir='ltr'><strong><em>veretur</em></strong></span> <span class='ocrx_word' id='word_1_148' title='bbox 1453 3392 1582 3459; x_wconf 86' lang='lat' dir='ltr'><strong><em>Patrem</em></strong></span> <span class='ocrx_word' id='word_1_149' title='bbox 1599 3443 1625 3474; x_wconf 87' lang='lat'><strong><em>,.</em></strong></span> <span class='ocrx_word' id='word_1_150' title='bbox 1648 3391 1716 3459; x_wconf 87' lang='lat' dir='ltr'><strong><em>Ve-</em></strong></span> 
     </span>
     <span class='ocr_line' id='line_1_17' title="bbox 165 3488 1717 3589; baseline 0.005 -31"><span class='ocrx_word' id='word_1_151' title='bbox 165 3503 248 3584; x_wconf 82' lang='grc' dir='ltr'>τιμᾷ</span> <span class='ocrx_word' id='word_1_152' title='bbox 259 3493 297 3580; x_wconf 44' lang='lat' dir='ltr'><strong><em>a),</em></strong></span> <span class='ocrx_word' id='word_1_153' title='bbox 315 3495 409 3585; x_wconf 83' lang='grc' dir='ltr'>Τάχα</span> <span class='ocrx_word' id='word_1_154' title='bbox 427 3497 481 3586; x_wconf 81' lang='grc' dir='ltr'><strong><em>μέν</em></strong></span> <span class='ocrx_word' id='word_1_155' title='bbox 498 3491 551 3563; x_wconf 75' lang='grc' dir='ltr'>οὖν</span> <span class='ocrx_word' id='word_1_156' title='bbox 568 3488 673 3570; x_wconf 78' lang='grc' dir='ltr'>ἐπειδὴ</span> <span class='ocrx_word' id='word_1_157' title='bbox 692 3496 734 3563; x_wconf 79' lang='grc' dir='ltr'>τὰ</span> <span class='ocrx_word' id='word_1_158' title='bbox 750 3505 824 3589; x_wconf 86' lang='grc' dir='ltr'>παρ’</span> <span class='ocrx_word' id='word_1_159' title='bbox 841 3500 918 3564; x_wconf 78' lang='grc' dir='ltr'>ἐκεί·</span> <span class='ocrx_word' id='word_1_160' title='bbox 971 3522 1043 3565; x_wconf 90' lang='lat' dir='ltr'><strong><em>rum</em></strong></span> <span class='ocrx_word' id='word_1_161' title='bbox 1058 3497 1206 3579; x_wconf 84' lang='lat' dir='ltr'><strong><em>fortusse,</em></strong></span> <span class='ocrx_word' id='word_1_162' title='bbox 1221 3498 1347 3582; x_wconf 89' lang='lat' dir='ltr'><strong><em>quando</em></strong></span> <span class='ocrx_word' id='word_1_163' title='bbox 1360 3499 1488 3583; x_wconf 89' lang='lat' dir='ltr'><strong><em>quidem</em></strong></span> <span class='ocrx_word' id='word_1_164' title='bbox 1501 3499 1650 3566; x_wconf 75' lang='lat' dir='ltr'><strong><em>audaciae</em></strong></span> <span class='ocrx_word' id='word_1_165' title='bbox 1663 3522 1717 3566; x_wconf 88' lang='lat' dir='ltr'><strong><em>eo·</em></strong></span> 
     </span>
     <span class='ocr_line' id='line_1_18' title="bbox 165 3605 1718 3697; baseline 0.004 -31"><span class='ocrx_word' id='word_1_166' title='bbox 165 3627 230 3678; x_wconf 80' lang='grc' dir='ltr'>νοις</span> <span class='ocrx_word' id='word_1_167' title='bbox 253 3605 479 3693; x_wconf 76' lang='grc' dir='ltr'>τετολμημένα</span> <span class='ocrx_word' id='word_1_168' title='bbox 503 3617 558 3672; x_wconf 84' lang='grc' dir='ltr'>τοῦ</span> <span class='ocrx_word' id='word_1_169' title='bbox 575 3607 685 3697; x_wconf 83' lang='grc' dir='ltr'>Κυρίου</span> <span class='ocrx_word' id='word_1_170' title='bbox 711 3610 831 3694; x_wconf 82' lang='grc' dir='ltr'>μᾶλλον</span> <span class='ocrx_word' id='word_1_171' title='bbox 856 3606 916 3679; x_wconf 76' lang='grc' dir='ltr'><strong><em>τήν</em></strong></span> <span class='ocrx_word' id='word_1_172' title='bbox 972 3628 1043 3672; x_wconf 88' lang='lat' dir='ltr'><strong><em>rum</em></strong></span> <span class='ocrx_word' id='word_1_173' title='bbox 1066 3605 1208 3672; x_wconf 84' lang='lat' dir='ltr'><strong><em>facinora</em></strong></span> <span class='ocrx_word' id='word_1_174' title='bbox 1230 3606 1308 3671; x_wconf 87' lang='lat' dir='ltr'><strong><em>adeo</em></strong></span> <span class='ocrx_word' id='word_1_175' title='bbox 1331 3607 1426 3672; x_wconf 89' lang='lat' dir='ltr'><strong><em>etiam</em></strong></span> <span class='ocrx_word' id='word_1_176' title='bbox 1452 3606 1580 3672; x_wconf 87' lang='lat' dir='ltr'><strong>Domini</strong></span> <span class='ocrx_word' id='word_1_177' title='bbox 1599 3612 1718 3692; x_wconf 92' lang='lat' dir='ltr'><strong><em>poten·</em></strong></span> 
     </span>
     <span class='ocr_line' id='line_1_19' title="bbox 166 3699 1715 3800; baseline 0.005 -27"><span class='ocrx_word' id='word_1_178' title='bbox 166 3699 299 3800; x_wconf 82' lang='grc' dir='ltr'>δύναμιν</span> <span class='ocrx_word' id='word_1_179' title='bbox 324 3702 431 3794; x_wconf 78' lang='grc' dir='ltr'>ἔδειξε,</span> <span class='ocrx_word' id='word_1_180' title='bbox 462 3713 516 3777; x_wconf 79' lang='lat' dir='ltr'><strong><em>uui</em></strong></span> <span class='ocrx_word' id='word_1_181' title='bbox 540 3717 581 3790; x_wconf 83' lang='lat' dir='ltr'><strong><em>ei;</em></strong></span> <span class='ocrx_word' id='word_1_182' title='bbox 606 3715 787 3779; x_wconf 83' lang='grc' dir='ltr'>τούναντίον</span> <span class='ocrx_word' id='word_1_183' title='bbox 812 3716 917 3790; x_wconf 81' lang='grc' dir='ltr'>αὐτοῖς</span> <span class='ocrx_word' id='word_1_184' title='bbox 972 3713 1051 3780; x_wconf 88' lang='lat' dir='ltr'><strong><em>tiam</em></strong></span> <span class='ocrx_word' id='word_1_185' title='bbox 1073 3713 1265 3798; x_wconf 79' lang='lat' dir='ltr'><strong><em>patefecere,</em></strong></span> <span class='ocrx_word' id='word_1_186' title='bbox 1281 3735 1445 3798; x_wconf 88' lang='lat' dir='ltr'><strong><em>quumque</em></strong></span> <span class='ocrx_word' id='word_1_187' title='bbox 1467 3737 1505 3780; x_wconf 83' lang='lat' dir='ltr'><strong><em>ex</em></strong></span> <span class='ocrx_word' id='word_1_188' title='bbox 1527 3715 1659 3781; x_wconf 85' lang='lat' dir='ltr'><strong><em>adverso</em></strong></span> <span class='ocrx_word' id='word_1_189' title='bbox 1682 3716 1715 3780; x_wconf 92' lang='lat' dir='ltr'><strong><em>in</em></strong></span> 
     </span>
     <span class='ocr_line' id='line_1_20' title="bbox 165 3815 1716 3910; baseline 0.006 -30"><span class='ocrx_word' id='word_1_190' title='bbox 165 3815 210 3882; x_wconf 82' lang='grc' dir='ltr'>τὰ</span> <span class='ocrx_word' id='word_1_191' title='bbox 233 3818 466 3907; x_wconf 74' lang='grc' dir='ltr'>ἐπιχειρήματα</span> <span class='ocrx_word' id='word_1_192' title='bbox 489 3819 626 3910; x_wconf 84' lang='grc' dir='ltr'>γέγονεν,</span> <span class='ocrx_word' id='word_1_193' title='bbox 651 3821 742 3885; x_wconf 78' lang='grc' dir='ltr'>οἱονεί</span> <span class='ocrx_word' id='word_1_194' title='bbox 765 3821 918 3910; x_wconf 82' lang='grc' dir='ltr'>μυκτηρί-</span> <span class='ocrx_word' id='word_1_195' title='bbox 972 3823 1058 3907; x_wconf 88' lang='lat' dir='ltr'><strong><em>ipsos</em></strong></span> <span class='ocrx_word' id='word_1_196' title='bbox 1075 3843 1185 3886; x_wconf 88' lang='lat' dir='ltr'><strong><em>eorum</em></strong></span> <span class='ocrx_word' id='word_1_197' title='bbox 1201 3820 1333 3886; x_wconf 86' lang='lat' dir='ltr'><strong><em>consilia</em></strong></span> <span class='ocrx_word' id='word_1_198' title='bbox 1346 3825 1523 3901; x_wconf 84' lang='lat' dir='ltr'><strong><em>verterunt,</em></strong></span> <span class='ocrx_word' id='word_1_199' title='bbox 1536 3821 1626 3906; x_wconf 87' lang='lat' dir='ltr'><strong><em>quasi</em></strong></span> <span class='ocrx_word' id='word_1_200' title='bbox 1642 3821 1716 3889; x_wconf 87' lang='lat' dir='ltr'><strong><em>iilos</em></strong></span> 
     </span>
     <span class='ocr_line' id='line_1_21' title="bbox 165 3920 1717 4013; baseline 0.005 -23"><span class='ocrx_word' id='word_1_201' title='bbox 165 3920 217 4004; x_wconf 80' lang='grc' dir='ltr'><strong><em>ζιι</em></strong></span> <span class='ocrx_word' id='word_1_202' title='bbox 248 3927 358 4002; x_wconf 85' lang='grc' dir='ltr'>αὐτοὺς</span> <span class='ocrx_word' id='word_1_203' title='bbox 391 3920 542 4013; x_wconf 86' lang='grc' dir='ltr'>ὁΔαυίδ,</span> <span class='ocrx_word' id='word_1_204' title='bbox 566 3933 606 4003; x_wconf 82' lang='grc' dir='ltr'><strong><em>ὡς</em></strong></span> <span class='ocrx_word' id='word_1_205' title='bbox 630 3933 670 4004; x_wconf 81' lang='grc' dir='ltr'><strong><em>εἰς</em></strong></span> <span class='ocrx_word' id='word_1_206' title='bbox 698 3929 788 3994; x_wconf 80' lang='grc' dir='ltr'>κενὸν</span> <span class='ocrx_word' id='word_1_207' title='bbox 811 3928 918 3993; x_wconf 76' lang='grc' dir='ltr'>πάντα</span> <span class='ocrx_word' id='word_1_208' title='bbox 973 3928 1076 3995; x_wconf 88' lang='lat' dir='ltr'><strong><em>David</em></strong></span> <span class='ocrx_word' id='word_1_209' title='bbox 1088 3927 1218 3994; x_wconf 88' lang='lat' dir='ltr'><strong><em>deridet.</em></strong></span> <span class='ocrx_word' id='word_1_210' title='bbox 1232 3927 1381 3994; x_wconf 82' lang='lat' dir='ltr'><strong><em>Fortasse</em></strong></span> <span class='ocrx_word' id='word_1_211' title='bbox 1394 3934 1501 3994; x_wconf 89' lang='lat' dir='ltr'><strong><em>autem</em></strong></span> <span class='ocrx_word' id='word_1_212' title='bbox 1513 3930 1635 4013; x_wconf 88' lang='lat' dir='ltr'><strong><em>spernit</em></strong></span> <span class='ocrx_word' id='word_1_213' title='bbox 1647 3952 1717 3997; x_wconf 87' lang='lat' dir='ltr'><strong><em>eos:</em></strong></span> 
     </span>
     <span class='ocr_line' id='line_1_22' title="bbox 166 4028 1717 4127; baseline 0.003 -27"><span class='ocrx_word' id='word_1_214' title='bbox 166 4035 406 4124; x_wconf 82' lang='grc' dir='ltr'>τολμήσαντας.</span> <span class='ocrx_word' id='word_1_215' title='bbox 432 4035 526 4126; x_wconf 75' lang='grc' dir='ltr'>Τάχα</span> <span class='ocrx_word' id='word_1_216' title='bbox 550 4028 583 4102; x_wconf 86' lang='grc' dir='ltr'><strong><em>δὲ</em></strong></span> <span class='ocrx_word' id='word_1_217' title='bbox 607 4037 661 4101; x_wconf 78' lang='grc' dir='ltr'>καὶ</span> <span class='ocrx_word' id='word_1_218' title='bbox 685 4037 861 4127; x_wconf 81' lang='grc' dir='ltr'>μέμφεται·</span> <span class='ocrx_word' id='word_1_219' title='bbox 887 4040 918 4102; x_wconf 92' lang='grc' dir='ltr'>τί</span> <span class='ocrx_word' id='word_1_220' title='bbox 973 4035 1050 4121; x_wconf 87' lang='lat' dir='ltr'><strong><em>quid</em></strong></span> <span class='ocrx_word' id='word_1_221' title='bbox 1066 4036 1150 4101; x_wconf 89' lang='lat' dir='ltr'><strong><em>enim</em></strong></span> <span class='ocrx_word' id='word_1_222' title='bbox 1167 4058 1278 4102; x_wconf 86' lang='lat' dir='ltr'><strong><em>causae</em></strong></span> <span class='ocrx_word' id='word_1_223' title='bbox 1296 4035 1466 4118; x_wconf 87' lang='lat' dir='ltr'><strong><em>iacessunt,</em></strong></span> <span class='ocrx_word' id='word_1_224' title='bbox 1483 4042 1595 4103; x_wconf 90' lang='lat' dir='ltr'><strong><em>contra</em></strong></span> <span class='ocrx_word' id='word_1_225' title='bbox 1611 4036 1717 4104; x_wconf 78' lang='lat' dir='ltr'><strong><em>Chris·</em></strong></span> 
     </span>
     <span class='ocr_line' id='line_1_23' title="bbox 167 4133 1719 4234; baseline 0.004 -30"><span class='ocrx_word' id='word_1_226' title='bbox 167 4139 231 4231; x_wconf 71' lang='lat' dir='ltr'><strong><em>peip</em></strong></span> <span class='ocrx_word' id='word_1_227' title='bbox 255 4133 377 4214; x_wconf 77' lang='grc' dir='ltr'>δήποτε</span> <span class='ocrx_word' id='word_1_228' title='bbox 401 4143 581 4231; x_wconf 80' lang='grc' dir='ltr'>αἰτιώμενοι</span> <span class='ocrx_word' id='word_1_229' title='bbox 597 4149 626 4210; x_wconf 82' lang='lat' dir='ltr'><strong><em>ni</em></strong></span> <span class='ocrx_word' id='word_1_230' title='bbox 643 4143 727 4209; x_wconf 73' lang='lat' dir='ltr'><strong><em>uerri</em></strong></span> <span class='ocrx_word' id='word_1_231' title='bbox 749 4155 805 4210; x_wconf 80' lang='grc' dir='ltr'>τοῦ</span> <span class='ocrx_word' id='word_1_232' title='bbox 831 4151 920 4234; x_wconf 88' lang='grc' dir='ltr'>Χριο-</span> <span class='ocrx_word' id='word_1_233' title='bbox 974 4147 1043 4207; x_wconf 89' lang='lat' dir='ltr'><strong><em>tum</em></strong></span> <span class='ocrx_word' id='word_1_234' title='bbox 1058 4142 1298 4209; x_wconf 76' lang='lat' dir='ltr'><strong><em>convenientes?</em></strong></span> <span class='ocrx_word' id='word_1_235' title='bbox 1314 4142 1410 4208; x_wconf 89' lang='lat' dir='ltr'><strong><em>Illum</em></strong></span> <span class='ocrx_word' id='word_1_236' title='bbox 1427 4144 1513 4211; x_wconf 89' lang='lat' dir='ltr'><strong><em>cruci</em></strong></span> <span class='ocrx_word' id='word_1_237' title='bbox 1529 4167 1654 4210; x_wconf 87' lang='lat' dir='ltr'><strong><em>sursum</em></strong></span> <span class='ocrx_word' id='word_1_238' title='bbox 1671 4143 1719 4210; x_wconf 88' lang='lat' dir='ltr'><strong><em>af·</em></strong></span> 
     </span>
     <span class='ocr_line' id='line_1_24' title="bbox 86 4240 1719 4342; baseline 0.005 -33"><span class='ocrx_word' id='word_1_239' title='bbox 86 4257 88 4260; x_wconf 82' lang='grc'><strong>’</strong></span> <span class='ocrx_word' id='word_1_240' title='bbox 167 4255 227 4310; x_wconf 88' lang='grc' dir='ltr'>τοῦ</span> <span class='ocrx_word' id='word_1_241' title='bbox 251 4240 479 4338; x_wconf 81' lang='grc' dir='ltr'>συνδραμόντες</span> <span class='ocrx_word' id='word_1_242' title='bbox 489 4275 497 4328; x_wconf 79' lang='lat'><em>3</em></span> <span class='ocrx_word' id='word_1_243' title='bbox 515 4260 638 4341; x_wconf 85' lang='grc' dir='ltr'>σταυρῷ</span> <span class='ocrx_word' id='word_1_244' title='bbox 655 4262 767 4317; x_wconf 82' lang='grc' dir='ltr'>τοῦτον</span> <span class='ocrx_word' id='word_1_245' title='bbox 788 4251 921 4342; x_wconf 82' lang='grc' dir='ltr'>ἀνήρθη·</span> <span class='ocrx_word' id='word_1_246' title='bbox 975 4251 1127 4316; x_wconf 82' lang='lat' dir='ltr'><strong><em>fixerunt:</em></strong></span> <span class='ocrx_word' id='word_1_247' title='bbox 1145 4271 1249 4316; x_wconf 88' lang='lat' dir='ltr'><strong><em>nonne</em></strong></span> <span class='ocrx_word' id='word_1_248' title='bbox 1264 4249 1346 4316; x_wconf 88' lang='lat' dir='ltr'><strong><em>idem</em></strong></span> <span class='ocrx_word' id='word_1_249' title='bbox 1364 4250 1419 4318; x_wconf 88' lang='lat' dir='ltr'><strong><em>ille</em></strong></span> <span class='ocrx_word' id='word_1_250' title='bbox 1436 4255 1485 4316; x_wconf 87' lang='lat' dir='ltr'><strong><em>est</em></strong></span> <span class='ocrx_word' id='word_1_251' title='bbox 1500 4252 1555 4336; x_wconf 92' lang='lat' dir='ltr'><strong><em>qui</em></strong></span> <span class='ocrx_word' id='word_1_252' title='bbox 1568 4252 1719 4337; x_wconf 76' lang='lat' dir='ltr'><strong><em>gentibus</em></strong></span> 
     </span>
     <span class='ocr_line' id='line_1_25' title="bbox 169 4349 1721 4451; baseline 0.005 -34"><span class='ocrx_word' id='word_1_253' title='bbox 169 4377 239 4420; x_wconf 89' lang='grc' dir='ltr'>σαν·</span> <span class='ocrx_word' id='word_1_254' title='bbox 261 4358 317 4422; x_wconf 78' lang='grc' dir='ltr'><strong><em>οὐκ</em></strong></span> <span class='ocrx_word' id='word_1_255' title='bbox 341 4353 764 4437; x_wconf 53' lang='lat' dir='ltr'><strong><em>oberenmunester</em></strong></span> <span class='ocrx_word' id='word_1_256' title='bbox 788 4361 842 4451; x_wconf 85' lang='grc' dir='ltr'><strong><em>μέν</em></strong></span> <span class='ocrx_word' id='word_1_257' title='bbox 868 4349 921 4424; x_wconf 82' lang='grc' dir='ltr'><strong><em>δε·</em></strong></span> <span class='ocrx_word' id='word_1_258' title='bbox 975 4357 1031 4423; x_wconf 86' lang='lat' dir='ltr'><strong><em>dat</em></strong></span> <span class='ocrx_word' id='word_1_259' title='bbox 1054 4357 1255 4442; x_wconf 85' lang='lat' dir='ltr'><strong><em>sapientiam,</em></strong></span> <span class='ocrx_word' id='word_1_260' title='bbox 1274 4359 1450 4442; x_wconf 89' lang='lat' dir='ltr'><strong><em>potentiam</em></strong></span> <span class='ocrx_word' id='word_1_261' title='bbox 1474 4359 1604 4444; x_wconf 81' lang='lat' dir='ltr'><strong><em>regibus</em></strong></span> <span class='ocrx_word' id='word_1_262' title='bbox 1621 4357 1721 4446; x_wconf 80' lang='lat' dir='ltr'><strong><em>largi-</em></strong></span> 
     </span>
     <span class='ocr_line' id='line_1_26' title="bbox 170 4455 1720 4554; baseline 0.004 -27"><span class='ocrx_word' id='word_1_263' title='bbox 170 4455 279 4540; x_wconf 75' lang='grc' dir='ltr'>δωκὼς</span> <span class='ocrx_word' id='word_1_264' title='bbox 311 4463 371 4530; x_wconf 77' lang='grc' dir='ltr'><strong><em>τήν</em></strong></span> <span class='ocrx_word' id='word_1_265' title='bbox 396 4467 516 4554; x_wconf 84' lang='grc' dir='ltr'>σορίαν,</span> <span class='ocrx_word' id='word_1_266' title='bbox 541 4477 607 4542; x_wconf 73' lang='grc' dir='ltr'>τοῖς</span> <span class='ocrx_word' id='word_1_267' title='bbox 633 4459 666 4533; x_wconf 86' lang='grc' dir='ltr'><strong><em>δὲ</em></strong></span> <span class='ocrx_word' id='word_1_268' title='bbox 691 4471 852 4553; x_wconf 75' lang='grc' dir='ltr'>βασιλεῦσι</span> <span class='ocrx_word' id='word_1_269' title='bbox 882 4469 920 4533; x_wconf 79' lang='lat' dir='ltr'><strong><em>rb</em></strong></span> <span class='ocrx_word' id='word_1_270' title='bbox 976 4471 1040 4548; x_wconf 91' lang='lat' dir='ltr'><strong><em>tur,</em></strong></span> <span class='ocrx_word' id='word_1_271' title='bbox 1060 4465 1292 4550; x_wconf 80' lang='lat' dir='ltr'><strong><em>imperantibus</em></strong></span> <span class='ocrx_word' id='word_1_272' title='bbox 1307 4465 1475 4550; x_wconf 87' lang='lat' dir='ltr'><strong><em>imperium</em></strong></span> <span class='ocrx_word' id='word_1_273' title='bbox 1492 4468 1670 4547; x_wconf 87' lang='lat' dir='ltr'><strong><em>coufirmat,</em></strong></span> <span class='ocrx_word' id='word_1_274' title='bbox 1687 4471 1720 4533; x_wconf 89' lang='lat' dir='ltr'><strong><em>et</em></strong></span> 
     </span>
     <span class='ocr_line' id='line_1_27' title="bbox 170 4569 1721 4666; baseline 0.004 -32"><span class='ocrx_word' id='word_1_275' title='bbox 170 4569 287 4660; x_wconf 80' lang='grc' dir='ltr'>κράτος</span> <span class='ocrx_word' id='word_1_276' title='bbox 303 4571 485 4662; x_wconf 68' lang='grc' dir='ltr'>παράοχων,</span> <span class='ocrx_word' id='word_1_277' title='bbox 499 4573 553 4637; x_wconf 79' lang='grc' dir='ltr'>καί</span> <span class='ocrx_word' id='word_1_278' title='bbox 565 4584 629 4650; x_wconf 82' lang='grc' dir='ltr'>το”ς</span> <span class='ocrx_word' id='word_1_279' title='bbox 647 4575 777 4666; x_wconf 79' lang='grc' dir='ltr'>ἄρχουσι</span> <span class='ocrx_word' id='word_1_280' title='bbox 793 4574 852 4649; x_wconf 85' lang='grc' dir='ltr'><strong><em>τήν</em></strong></span> <span class='ocrx_word' id='word_1_281' title='bbox 870 4578 921 4665; x_wconf 76' lang='grc' dir='ltr'><strong><em>ἀρ·</em></strong></span> <span class='ocrx_word' id='word_1_282' title='bbox 976 4574 1030 4658; x_wconf 89' lang='lat' dir='ltr'><strong><em>qui</em></strong></span> <span class='ocrx_word' id='word_1_283' title='bbox 1043 4573 1074 4638; x_wconf 92' lang='lat' dir='ltr'><strong><em>in</em></strong></span> <span class='ocrx_word' id='word_1_284' title='bbox 1086 4573 1224 4638; x_wconf 88' lang='lat' dir='ltr'><strong><em>Judaeos</em></strong></span> <span class='ocrx_word' id='word_1_285' title='bbox 1237 4571 1413 4639; x_wconf 86' lang='lat' dir='ltr'><strong><em>cumulavit</em></strong></span> <span class='ocrx_word' id='word_1_286' title='bbox 1425 4572 1571 4658; x_wconf 81' lang='lat' dir='ltr'><strong><em>prodigia</em></strong></span> <span class='ocrx_word' id='word_1_287' title='bbox 1582 4574 1721 4640; x_wconf 87' lang='lat' dir='ltr'><strong><em>maxima</em></strong></span> 
     </span>
     <span class='ocr_line' id='line_1_28' title="bbox 170 4675 1721 4770; baseline 0.001 -22"><span class='ocrx_word' id='word_1_288' title='bbox 170 4677 236 4767; x_wconf 77' lang='grc' dir='ltr'>χήν</span> <span class='ocrx_word' id='word_1_289' title='bbox 261 4680 507 4770; x_wconf 80' lang='grc' dir='ltr'>κρατυνόμενος,</span> <span class='ocrx_word' id='word_1_290' title='bbox 531 4682 584 4747; x_wconf 81' lang='grc' dir='ltr'>καί</span> <span class='ocrx_word' id='word_1_291' title='bbox 608 4693 673 4761; x_wconf 82' lang='grc' dir='ltr'>τοῖς</span> <span class='ocrx_word' id='word_1_292' title='bbox 697 4675 856 4760; x_wconf 70' lang='grc' dir='ltr'>Ἰουδαίοις</span> <span class='ocrx_word' id='word_1_293' title='bbox 881 4681 922 4748; x_wconf 70' lang='grc' dir='ltr'>τὰ</span> <span class='ocrx_word' id='word_1_294' title='bbox 976 4688 1009 4750; x_wconf 90' lang='lat' dir='ltr'><strong><em>et</em></strong></span> <span class='ocrx_word' id='word_1_295' title='bbox 1024 4681 1199 4749; x_wconf 87' lang='lat' dir='ltr'><strong><em>acclamata</em></strong></span> <span class='ocrx_word' id='word_1_296' title='bbox 1214 4681 1388 4748; x_wconf 79' lang='lat' dir='ltr'><strong><em>miracula?</em></strong></span> <span class='ocrx_word' id='word_1_297' title='bbox 1405 4681 1492 4758; x_wconf 84' lang='lat' dir='ltr'><strong><em>Quae</em></strong></span> <span class='ocrx_word' id='word_1_298' title='bbox 1507 4681 1609 4767; x_wconf 83' lang='lat' dir='ltr'><strong><em>igitur</em></strong></span> <span class='ocrx_word' id='word_1_299' title='bbox 1624 4704 1721 4750; x_wconf 85' lang='lat' dir='ltr'><strong><em>causa</em></strong></span> 
     </span>
     <span class='ocr_line' id='line_1_29' title="bbox 170 4785 1720 4879; baseline 0.005 -29"><span class='ocrx_word' id='word_1_300' title='bbox 170 4785 310 4877; x_wconf 75' lang='grc' dir='ltr'>μέγιστα</span> <span class='ocrx_word' id='word_1_301' title='bbox 327 4789 582 4879; x_wconf 78' lang='grc' dir='ltr'>τιρατουργήσας</span> <span class='ocrx_word' id='word_1_302' title='bbox 599 4787 653 4854; x_wconf 79' lang='grc' dir='ltr'>καί</span> <span class='ocrx_word' id='word_1_303' title='bbox 678 4787 823 4879; x_wconf 86' lang='grc' dir='ltr'>βοώμενα</span> <span class='ocrx_word' id='word_1_304' title='bbox 848 4789 923 4854; x_wconf 73' lang='lat' dir='ltr'><strong><em>cue·</em></strong></span> <span class='ocrx_word' id='word_1_305' title='bbox 977 4814 1033 4858; x_wconf 90' lang='lat' dir='ltr'><strong><em>cur</em></strong></span> <span class='ocrx_word' id='word_1_306' title='bbox 1046 4795 1137 4857; x_wconf 85' lang='lat' dir='ltr'><strong><em>tanto</em></strong></span> <span class='ocrx_word' id='word_1_307' title='bbox 1149 4790 1289 4856; x_wconf 81' lang='lat' dir='ltr'><strong><em>fremant</em></strong></span> <span class='ocrx_word' id='word_1_308' title='bbox 1305 4791 1387 4872; x_wconf 85' lang='lat' dir='ltr'><strong><em>odi0,</em></strong></span> <span class='ocrx_word' id='word_1_309' title='bbox 1400 4795 1437 4856; x_wconf 84' lang='lat' dir='ltr'><strong><em>ub</em></strong></span> <span class='ocrx_word' id='word_1_310' title='bbox 1449 4811 1557 4857; x_wconf 85' lang='lat' dir='ltr'><strong><em>omnes</em></strong></span> <span class='ocrx_word' id='word_1_311' title='bbox 1572 4790 1606 4856; x_wconf 90' lang='lat' dir='ltr'><strong><em>in</em></strong></span> <span class='ocrx_word' id='word_1_312' title='bbox 1621 4813 1720 4857; x_wconf 89' lang='lat' dir='ltr'><strong><em>unum</em></strong></span> 
     </span>
    </p>
   </div>
   <div class='ocr_carea' id='block_1_7' title="bbox 171 4980 1723 5418">
    <p class='ocr_par' dir='ltr' id='par_1_9' title="bbox 171 4980 1723 5418">
     <span class='ocr_line' id='line_1_30' title="bbox 210 4980 1720 5065; baseline 0.003 -28"><span class='ocrx_word' id='word_1_313' title='bbox 210 4981 232 5054; x_wconf 87' lang='grc' dir='ltr'><strong><em>Ι)</em></strong></span> <span class='ocrx_word' id='word_1_314' title='bbox 245 4981 410 5038; x_wconf 74' lang='grc' dir='ltr'>Ειοιιίοιιιι</span> <span class='ocrx_word' id='word_1_315' title='bbox 421 4980 452 5038; x_wconf 91' lang='lat' dir='ltr'><strong><em>in</em></strong></span> <span class='ocrx_word' id='word_1_316' title='bbox 461 4983 601 5065; x_wconf 78' lang='lat' dir='ltr'><strong><em>psalmos,</em></strong></span> <span class='ocrx_word' id='word_1_317' title='bbox 612 4987 732 5041; x_wconf 86' lang='lat' dir='ltr'><strong><em>auctore</em></strong></span> <span class='ocrx_word' id='word_1_318' title='bbox 741 4983 848 5041; x_wconf 86' lang='lat' dir='ltr'><strong><em>Niceta</em></strong></span> <span class='ocrx_word' id='word_1_319' title='bbox 857 4984 923 5042; x_wconf 83' lang='lat' dir='ltr'><strong><em>Ser·</em></strong></span> <span class='ocrx_word' id='word_1_320' title='bbox 975 4983 1054 5040; x_wconf 88' lang='lat' dir='ltr'><strong><em>lixos</em></strong></span> <span class='ocrx_word' id='word_1_321' title='bbox 1076 4981 1141 5056; x_wconf 86' lang='lat' dir='ltr'><strong><em>jam</em></strong></span> <span class='ocrx_word' id='word_1_322' title='bbox 1168 4981 1266 5040; x_wconf 81' lang='lat' dir='ltr'><strong><em>editos</em></strong></span> <span class='ocrx_word' id='word_1_323' title='bbox 1294 4982 1523 5041; x_wconf 80' lang='lat' dir='ltr'><strong><em>commentarios</em></strong></span> <span class='ocrx_word' id='word_1_324' title='bbox 1548 4981 1581 5040; x_wconf 88' lang='lat' dir='ltr'><strong><em>ia</em></strong></span> <span class='ocrx_word' id='word_1_325' title='bbox 1607 4985 1720 5041; x_wconf 76' lang='lat' dir='ltr'><strong><em>Patr-ct.</em></strong></span> 
     </span>
     <span class='ocr_line' id='line_1_31' title="bbox 171 5067 1723 5146; baseline 0.002 -21"><span class='ocrx_word' id='word_1_326' title='bbox 171 5087 283 5140; x_wconf 85' lang='lat' dir='ltr'><strong><em>rerum,</em></strong></span> <span class='ocrx_word' id='word_1_327' title='bbox 299 5067 330 5126; x_wconf 91' lang='lat' dir='ltr'><strong><em>iu</em></strong></span> <span class='ocrx_word' id='word_1_328' title='bbox 344 5067 407 5126; x_wconf 75' lang='grc' dir='ltr'>οοιλ</span> <span class='ocrx_word' id='word_1_329' title='bbox 420 5069 557 5128; x_wconf 84' lang='lat' dir='ltr'><strong><em>Palatino</em></strong></span> <span class='ocrx_word' id='word_1_330' title='bbox 570 5071 633 5144; x_wconf 77' lang='lat'><strong><em>257,</em></strong></span> <span class='ocrx_word' id='word_1_331' title='bbox 645 5071 681 5130; x_wconf 83' lang='lat' dir='ltr'><strong><em>oi.</em></strong></span> <span class='ocrx_word' id='word_1_332' title='bbox 695 5073 826 5130; x_wconf 81' lang='grc' dir='ltr'>Διιαίοσί.</span> <span class='ocrx_word' id='word_1_333' title='bbox 845 5079 867 5128; x_wconf 63' lang='grc' dir='ltr'><strong><em>ιι</em></strong></span> <span class='ocrx_word' id='word_1_334' title='bbox 888 5087 920 5140; x_wconf 87' lang='grc' dir='ltr'><strong><em>ιι,</em></strong></span> <span class='ocrx_word' id='word_1_335' title='bbox 976 5077 997 5128; x_wconf 91' lang='lat' dir='ltr'><strong><em>t.</em></strong></span> <span class='ocrx_word' id='word_1_336' title='bbox 1007 5089 1102 5144; x_wconf 81' lang='lat' dir='ltr'><strong><em>xsvm,</em></strong></span> <span class='ocrx_word' id='word_1_337' title='bbox 1113 5089 1243 5130; x_wconf 85' lang='lat' dir='ltr'><strong><em>messem</em></strong></span> <span class='ocrx_word' id='word_1_338' title='bbox 1255 5071 1344 5145; x_wconf 83' lang='lat' dir='ltr'><strong><em>longe</em></strong></span> <span class='ocrx_word' id='word_1_339' title='bbox 1353 5069 1522 5129; x_wconf 87' lang='lat' dir='ltr'><strong><em>uberiorem</em></strong></span> <span class='ocrx_word' id='word_1_340' title='bbox 1532 5070 1580 5128; x_wconf 91' lang='lat' dir='ltr'><strong><em>his</em></strong></span> <span class='ocrx_word' id='word_1_341' title='bbox 1590 5069 1642 5145; x_wconf 89' lang='lat' dir='ltr'><strong><em>qui</em></strong></span> <span class='ocrx_word' id='word_1_342' title='bbox 1653 5076 1723 5146; x_wconf 84' lang='lat' dir='ltr'><strong><em>post</em></strong></span> 
     </span>
     <span class='ocr_line' id='line_1_32' title="bbox 171 5158 1722 5234; baseline 0.003 -19"><span class='ocrx_word' id='word_1_343' title='bbox 171 5177 200 5232; x_wconf 87' lang='lat' dir='ltr'><strong><em>p.</em></strong></span> <span class='ocrx_word' id='word_1_344' title='bbox 211 5159 273 5214; x_wconf 81' lang='lat'><strong>406.</strong></span> <span class='ocrx_word' id='word_1_345' title='bbox 289 5158 385 5217; x_wconf 87' lang='lat' dir='ltr'><strong><em>Unam</em></strong></span> <span class='ocrx_word' id='word_1_346' title='bbox 398 5165 516 5218; x_wconf 88' lang='lat' dir='ltr'><strong><em>tantum</em></strong></span> <span class='ocrx_word' id='word_1_347' title='bbox 534 5179 572 5220; x_wconf 84' lang='lat' dir='ltr'><strong><em>ax</em></strong></span> <span class='ocrx_word' id='word_1_348' title='bbox 584 5177 629 5220; x_wconf 75' lang='grc' dir='ltr'><strong><em>ιιι</em></strong></span> <span class='ocrx_word' id='word_1_349' title='bbox 640 5161 754 5220; x_wconf 87' lang='lat' dir='ltr'><strong><em>catenis</em></strong></span> <span class='ocrx_word' id='word_1_350' title='bbox 766 5161 922 5220; x_wconf 72' lang='lat' dir='ltr'><strong><em>Vaticanis</em></strong></span> <span class='ocrx_word' id='word_1_351' title='bbox 976 5167 1064 5234; x_wconf 78' lang='lat' dir='ltr'><strong><em>terga</em></strong></span> <span class='ocrx_word' id='word_1_352' title='bbox 1075 5167 1180 5219; x_wconf 87' lang='lat' dir='ltr'><strong><em>nostra</em></strong></span> <span class='ocrx_word' id='word_1_353' title='bbox 1192 5159 1290 5234; x_wconf 82' lang='lat' dir='ltr'><strong><em>spicas</em></strong></span> <span class='ocrx_word' id='word_1_354' title='bbox 1309 5159 1450 5233; x_wconf 73' lang='lat' dir='ltr'><strong><em>colligere</em></strong></span> <span class='ocrx_word' id='word_1_355' title='bbox 1469 5165 1619 5233; x_wconf 78' lang='lat' dir='ltr'><strong><em>satagent,</em></strong></span> <span class='ocrx_word' id='word_1_356' title='bbox 1633 5159 1722 5219; x_wconf 85' lang='lat' dir='ltr'><strong><em>reliu-</em></strong></span> 
     </span>
     <span class='ocr_line' id='line_1_33' title="bbox 171 5247 1415 5327; baseline 0.002 -22"><span class='ocrx_word' id='word_1_357' title='bbox 171 5247 205 5305; x_wconf 89' lang='lat' dir='ltr'><strong><em>iu</em></strong></span> <span class='ocrx_word' id='word_1_358' title='bbox 224 5249 356 5322; x_wconf 85' lang='lat' dir='ltr'><strong><em>psalmos</em></strong></span> <span class='ocrx_word' id='word_1_359' title='bbox 374 5250 580 5324; x_wconf 84' lang='lat' dir='ltr'><strong><em>lustravimus,</em></strong></span> <span class='ocrx_word' id='word_1_360' title='bbox 593 5253 624 5309; x_wconf 90' lang='lat' dir='ltr'><strong><em>iu</em></strong></span> <span class='ocrx_word' id='word_1_361' title='bbox 636 5270 697 5327; x_wconf 82' lang='lat' dir='ltr'><strong><em>qua</em></strong></span> <span class='ocrx_word' id='word_1_362' title='bbox 708 5257 827 5310; x_wconf 83' lang='lat' dir='ltr'><strong><em>tantum</em></strong></span> <span class='ocrx_word' id='word_1_363' title='bbox 845 5250 923 5326; x_wconf 76' lang='lat' dir='ltr'><strong><em>prio</em></strong></span> <span class='ocrx_word' id='word_1_364' title='bbox 977 5250 1097 5325; x_wconf 86' lang='lat' dir='ltr'><strong><em>quimus</em></strong></span> <span class='ocrx_word' id='word_1_365' title='bbox 1116 5256 1148 5308; x_wconf 87' lang='lat' dir='ltr'><strong><em>et</em></strong></span> <span class='ocrx_word' id='word_1_366' title='bbox 1165 5249 1415 5308; x_wconf 82' lang='lat' dir='ltr'><strong><em>commendamus.</em></strong></span> 
     </span>
     <span class='ocr_line' id='line_1_34' title="bbox 172 5337 1217 5418; baseline 0 -23"><span class='ocrx_word' id='word_1_367' title='bbox 172 5354 225 5396; x_wconf 87' lang='lat' dir='ltr'><strong><em>res</em></strong></span> <span class='ocrx_word' id='word_1_368' title='bbox 242 5338 351 5414; x_wconf 82' lang='lat' dir='ltr'><strong><em>psalmi</em></strong></span> <span class='ocrx_word' id='word_1_369' title='bbox 368 5355 430 5397; x_wconf 80' lang='lat' dir='ltr'><strong><em>m</em></strong></span> <span class='ocrx_word' id='word_1_370' title='bbox 450 5347 648 5416; x_wconf 88' lang='lat' dir='ltr'><strong><em>exponuntur.</em></strong></span> <span class='ocrx_word' id='word_1_371' title='bbox 666 5341 765 5400; x_wconf 82' lang='lat' dir='ltr'><strong><em>Etiam</em></strong></span> <span class='ocrx_word' id='word_1_372' title='bbox 778 5345 924 5418; x_wconf 85' lang='lat' dir='ltr'><strong><em>postpro·</em></strong></span> <span class='ocrx_word' id='word_1_373' title='bbox 1013 5339 1037 5411; x_wconf 79' lang='lat'><strong><em>²)</em></strong></span> <span class='ocrx_word' id='word_1_374' title='bbox 1056 5338 1104 5397; x_wconf 70' lang='grc' dir='ltr'>δυ.</span> <span class='ocrx_word' id='word_1_375' title='bbox 1121 5357 1152 5410; x_wconf 84' lang='grc' dir='ltr'>ν,</span> <span class='ocrx_word' id='word_1_376' title='bbox 1172 5337 1217 5395; x_wconf 74' lang='lat'><strong><em>28.</em></strong></span> 
     </span>
    </p>
   </div>
   <div class='ocr_carea' id='block_1_8' title="bbox 318 5465 635 5542">
    <p class='ocr_par' dir='ltr' id='par_1_10' title="bbox 318 5465 635 5542">
     <span class='ocr_line' id='line_1_35' title="bbox 318 5465 635 5542; baseline 0.006 -18"><span class='ocrx_word' id='word_1_377' title='bbox 318 5465 413 5524; x_wconf 78' lang='lat' dir='ltr'><strong><em>Anna.</em></strong></span> <span class='ocrx_word' id='word_1_378' title='bbox 432 5481 461 5542; x_wconf 84' lang='lat' dir='ltr'><strong><em>v,</em></strong></span> <span class='ocrx_word' id='word_1_379' title='bbox 479 5465 531 5526; x_wconf 83' lang='lat' dir='ltr'><strong><em>fol.</em></strong></span> <span class='ocrx_word' id='word_1_380' title='bbox 549 5483 570 5526; x_wconf 90' lang='lat'><strong><em>1.</em></strong></span> <span class='ocrx_word' id='word_1_381' title='bbox 633 5473 635 5476; x_wconf 82' lang='grc'><strong>’</strong></span> 
     </span>
    </p>
   </div>
   <div class='ocr_carea' id='block_1_9' title="bbox 0 0 2033 6068">
    <p class='ocr_par' dir='ltr' id='par_1_11' title="bbox 0 0 2033 6068">
     <span class='ocr_line' id='line_1_36' title="bbox 0 0 2033 6068; baseline 0 0"><span class='ocrx_word' id='word_1_382' title='bbox 0 0 2033 6068; x_wconf 95' lang='lat' dir='ltr'><strong><em> </em></strong></span> 
     </span>
    </p>
   </div>
  </div>
 </body>
</html>
