3944 6074
217 427 221 438 ⁴
320 463 376 522 010
507 565 509 570 ,
874 458 955 532 Ood.
975 456 1105 530 Medic.
1125 456 1316 531 varietates.

321 631 344 698 l.
369 632 410 696 31
435 628 586 702 τοιαύτην
616 627 810 720 πὰσχονται)
833 611 986 703 τοιαύτην
1009 653 1071 694 πα·
1123 633 1249 722 ποντες)
1266 635 1307 708 εὶς
1325 630 1344 696 ἀ
1362 629 1540 716 βλέποντες.
1557 631 1635 698 -1,
1652 633 1692 698 41
1711 631 1844 722 κατοχὴν)

323 739 512 829 ράσχωνται.
1124 739 1324 830 κατοκωχὴν.

366 849 411 916 Μ.
427 850 485 916 fol.
503 850 647 916 32-1.
666 851 707 917 39
726 848 914 952 ἀμφοτέρας,
932 839 989 932 δεῖ)
1008 849 1070 936 ἀμ·
1169 851 1214 917 M.
1239 851 1295 916 fol.
1320 850 1363 915 34
1387 871 1417 913 v.
1436 888 1474 901 -
1490 848 1512 913 l.
1530 849 1572 913 43
1589 847 1643 910 καὶ
1658 857 1770 932 ταῦτα)
1791 853 1847 912 ιιι-

321 955 461 1046 ροτέρας·
486 956 523 1019 τό
547 980 583 1021 τε
600 947 643 1038 δέ,
662 961 696 1020 ού
713 957 767 1021 τδν
793 956 887 1021 αύτδν
909 953 1070 1044 μιμεῖσθαι
1124 958 1234 1026 ταῡύοι,
1260 993 1303 1007 -
1326 959 1348 1024 l,
1373 961 1415 1024 44
1439 957 1493 1020 τδν
1518 961 1553 1020 ὲν.
1577 961 1713 1044 μουσῶν)
1743 967 1799 1022 τῶν
1821 961 1847 1022 ὲν

322 1056 454 1129 δυνατόν
480 1065 669 1154 ἀμφοτέρας,
697 1055 752 1132 δεῖ.
773 1104 809 1113 -
829 1067 851 1131 1.
869 1066 911 1132 40
930 1065 1008 1153 Πρός
1032 1063 1070 1127 τό
1126 1091 1215 1158 μουσ.
1234 1069 1309 1134 -1.
1328 1069 1369 1132 45
1387 1056 1550 1152 ὑμνῳδὼν)
1567 1057 1719 1151 ύμνῳδύν.
1734 1069 1800 1132 -1,
1815 1071 1846 1132 45

321 1164 363 1238 A'.
389 1173 429 1235 Τί
460 1162 494 1236 δὲ
519 1162 556 1242 δι’.
590 1196 639 1236 πω
663 1171 742 1260 περὶ.
768 1173 818 1238 ed.
850 1195 912 1238 om.
944 1195 1003 1236 πω.
1029 1209 1070 1218 -
1124 1181 1201 1243 ὅπου
1226 1169 1260 1244 δὲ
1284 1177 1320 1240 τό
1345 1177 1448 1265 ἔργον)
1472 1173 1548 1238 ὅπου
1573 1165 1610 1245 δὴ
1637 1176 1691 1238 καὶ
1707 1175 1744 1239 τό
1766 1177 1847 1263 ἔργον,

320 1278 342 1346 l.
367 1280 409 1344 42
433 1276 619 1367 προστιθείς·
644 1277 799 1368 λέγωμεν)
823 1275 1008 1366 προστιθεὶς,
1033 1275 1069 1339 σὺ
1125 1325 1166 1336 -
1184 1279 1331 1374 εξοίφιινι
1347 1281 1401 1347 καὶ
1417 1278 1478 1346 οἷον
1495 1281 1547 1346 καὶ
1564 1281 1626 1368 οὓς)
1649 1275 1787 1370 ἐξέφηνεν
1807 1283 1848 1345 ιιὶ

320 1384 380 1476 γὰρ
406 1387 561 1475 μουσικός·
579 1386 734 1476 λέγωμεν.
752 1425 793 1434 -
818 1388 840 1453 l.
865 1391 907 1453 43
931 1387 969 1450 τὸ
994 1409 1070 1475 μου·
1125 1391 1186 1458 οἷον
1210 1391 1265 1456 καὶ
1288 1395 1339 1465 ὡς.
1362 1428 1406 1440 -
1429 1390 1451 1457 l.
1477 1391 1519 1457 50
1542 1389 1654 1478 λέγων,
1679 1389 1848 1478 κι1)1έμιι

321 1498 409 1577 σικῷ)
434 1504 480 1578 τῷ
505 1519 594 1584 μουσ.
620 1537 658 1548 -
681 1496 764 1561 144
787 1496 942 1584 ἀφορίσαι)
968 1494 1071 1583 ἀφορί·
1124 1503 1215 1566 οὕτω·
1241 1499 1304 1566 καί.
1329 1537 1371 1545 -
1395 1488 1502 1580 έλαύε)
1527 1487 1654 1563 ἔλλαύε.
1681 1538 1719 1550 -
1742 1495 1850 1584 κάρτισ-

321 1599 445 1668 σασθαῑ.
1124 1611 1187 1693 τοι)
1214 1605 1387 1696 κράτιστοι.
1411 1642 1455 1654 -
1479 1606 1501 1671 l.
1534 1606 1575 1670 52
1607 1603 1660 1667 καὶ
1693 1604 1850 1692 καρτίστοις

366 1711 410 1778 Μ.
424 1711 481 1779 101.
496 1714 538 1776 32
552 1735 582 1776 v.
596 1749 635 1764 -·-
647 1712 669 1777 1.
683 1713 727 1778 47
739 1711 894 1800 ὁρέλιμοι)
907 1711 1068 1801 ὠφέλιμοι.
1125 1717 1202 1803 (leg.
1218 1717 1322 1802 κρατ.)
1340 1710 1511 1800 έμὰχοντο)
1529 1735 1591 1778 om.
1609 1716 1719 1778 totum
1742 1711 1804 1776 cod.
1820 1747 1851 1756 -
1911 1751 1912 1766 1

322 1857 363 1867 -
380 1820 402 1885 l.
420 1821 463 1885 48
487 1816 529 1880 ὢν
554 1819 680 1908 ὁμοίως)
706 1817 758 1897 ὢν,
775 1811 837 1884 οὐδ’
856 1821 906 1885 ὅτι
928 1823 1071 1884 συντελεῖ
1122 1823 1145 1888 l.
1170 1825 1212 1889 55
1237 1821 1321 1886 κατά
1344 1843 1380 1884 τε
1403 1821 1454 1904 τό)
1478 1816 1619 1908 καθάπερ
1644 1819 1694 1886 τό.

320 1950 367 2001 τις
392 1927 524 2014 ἁρμονία
548 1927 622 2015 πρὸς
646 1917 791 1991 παιδείαν
817 1926 992 2017 γνώσεται,
1019 1917 1070 1990 διὰ
1168 1931 1213 1996 Μ.
1239 1931 1296 1996 fol.
1320 1927 1510 2006 35‚—Ed.
1535 1951 1567 2012 p.
1593 1927 1668 1992 365.
1695 1927 1851 2015 1.5γνωσ-

321 2033 381 2106 τὴν
407 2035 535 2124 ἄγνοιαν
560 2046 619 2111 τῆς
644 2047 806 2124 μουσικῆς·
824 2041 839 2099 5
857 2027 891 2100 δέ
908 2036 1071 2100 ἁπολίτευ-
1123 2035 1241 2120 τικούς)
1257 2033 1425 2124 γνωστούς.
1444 2071 1485 2082 -
1501 2035 1523 2099 l.
1549 2036 1568 2098 6
1585 2041 1647 2096 τῶν
1665 2057 1704 2097 τε
1725 2031 1850 2096 ἁπάντων
1915 2079 1916 2128 γ

320 2164 374 2218 τος
394 2141 447 2224 ὢν,
465 2143 588 2230 ὁμοίως.
608 2144 686 2209 -1,
703 2147 744 2210 49
762 2143 836 2233 πρὸς
854 2134 1068 2225 ἀπαιδευσίαν)
1123 2143 1243 2209 τούτων
1264 2152 1327 2206 τῶν
1345 2139 1515 2223 αἰσθητῶν)
1533 2150 1595 2206 τῶν
1612 2163 1649 2204 τε
1667 2141 1729 2204 ἀπὸ
1744 2139 1850 2204 πάντων

320 2257 361 2326 εἰς
387 2243 604 2319 ἀπαιδευσίαν.
623 2289 665 2301 -
688 2254 711 2319 1.
736 2257 778 2321 50
804 2251 1068 2340 ἁποραινομένην)
1123 2247 1185 2318 τῶν
1203 2249 1373 2322 αἰσθητῶν.
1387 2251 1464 2315 -1,
1480 2249 1550 2316 8τδ
1563 2248 1689 2338 γάρτοι)
1702 2251 1739 2312 τδ
1752 2247 1806 2338 γάρ
1820 2247 1851 2312 τί.

321 2359 513 2446 ἀποφαίνειν.
538 2396 577 2407 -
603 2359 625 2424 1.
651 2362 693 2424 52
717 2360 792 2449 πρὸς
815 2351 972 2444 παιδείας)
995 2359 1069 2448 πρός
1168 2361 1213 2426 Μ.
1231 2361 1288 2427 fol.
1306 2362 1347 2425 35
1365 2384 1395 2425 v.
1413 2401 1450 2410 -
1467 2359 1490 2425 l.
1509 2361 1549 2423 12
1570 2357 1654 2430 πάθη
1673 2367 1733 2432 τῆς
1756 2354 1850 2444 ψυχῆς)

228 2493 230 2498 ·
320 2459 478 2533 παιδείαν.
493 2503 533 2514 -
548 2468 569 2533 l.
588 2469 631 2534 54
649 2457 783 2550 ἁδικοῖν)
800 2458 917 2532 ἀδικεῖν
932 2507 970 2516 -
986 2469 1008 2534 l.
1027 2471 1068 2534 55
1122 2467 1206 2540 πάθη
1234 2478 1296 2533 τῶν
1321 2465 1439 2556 ψυχῶν.
1460 2505 1503 2518 -
1527 2469 1550 2534 l.
1576 2470 1617 2534 14
1640 2466 1773 2549 ταύτης)
1795 2463 1853 2528 ταύ

320 2583 385 2648 πῶς
403 2564 469 2659 614)
484 2582 549 2648 πῶς
566 2573 620 2636 καὶ
637 2563 699 2639 διά.
717 2611 759 2621 -
776 2575 836 2642 Ed.
855 2599 887 2660 p.
910 2577 985 2655 364,
1009 2576 1031 2641 l.
1049 2578 1068 2641 2
1123 2602 1195 2650 την.
1208 2621 1246 2632 -
1258 2579 1281 2645 l.
1301 2580 1340 2644 17
1358 2573 1508 2648 ἀλήθειαν
1525 2566 1630 2640 ὁδικθν
1644 2576 1707 2660 sic)
1725 2571 1851 2646 ἀλήθειαν

321 2681 524 2770 φαρμακίαις)
549 2679 764 2768 φαρμακείαις.
782 2718 824 2727 -
844 2680 867 2747 l.
892 2684 911 2746 2
936 2701 1071 2768 παρακε-
1124 2685 1227 2752 ολαόν.
1252 2686 1341 2751 -1,
1365 2687 1406 2749 21
1432 2691 1623 2772 μιμητικῶς,
1648 2679 1748 2766 ἀλλὰ)
1771 2701 1838 2769 μμι

320 2787 458 2872 λούεται)
482 2785 760 2877 παρακελεύσεται.
785 2829 824 2842 -
847 2789 868 2854 l.
887 2791 907 2854 3
924 2791 954 2852 ἑν
973 2791 1069 2873 αὐτῇ)
1123 2803 1216 2869 τικῶς
1233 2788 1302 2875 ζῆν,
1320 2791 1469 2859 5155.-
1486 2792 1508 2859 1,
1526 2795 1568 2858 22
1586 2791 1664 2880 Πρός
1681 2790 1721 2856 τό
1738 2781 1773 2864 ς’,
1790 2791 1852 2852 ,4λλ’

320 2898 351 2960 ἓν
376 2896 493 2969 αὐτοῖς·
1123 2892 1229 2968 ἐπειδὴ
1255 2899 1309 2964 καὶ
1332 2909 1446 2966 ταῦτα.

365 3003 410 3069 Μ.
422 3004 479 3071 fol.
491 3006 545 3069 33.
557 3004 627 3068 -1,
643 3004 681 3068 12
695 3001 839 3086 βουλητὰ
851 3007 968 3092 χαλᾶν)
983 3005 1069 3087 βουλ.
1168 3009 1213 3075 M.
1237 3009 1295 3074 fol.
1313 3009 1367 3073 35.
1386 3049 1424 3080 -τ
1440 3007 1462 3073 l.
1481 3007 1521 3071 31
1540 3007 1555 3067 5
1573 3004 1739 3094 ηρωνικδς)
1755 3007 1770 3067 5
1786 3008 1854 3090 εἰρω-

320 3121 532 3202 1911110171-
557 3114 583 3174 εἰ
607 3097 640 3174 δὲ
665 3109 740 3198 μὴν)
764 3113 791 3176 εἲ
815 3101 849 3176 δὲ
872 3111 929 3199 μή.
1124 3115 1217 3191 νικύς.
1241 3153 1284 3164 -
1311 3115 1334 3180 l.
1367 3117 1409 3180 33
1439 3111 1524 3187 ἠθῶν
1557 3116 1756 3200 μιμητικοῖς)
1787 3107 1853 3184 ἠθῶν

365 3219 410 3284 Μ.
427 3220 485 3286 fol,
502 3222 545 3285 33
561 3243 592 3285 v.
610 3261 648 3271 -
665 3221 687 3287 l.
707 3223 746 3287 19
763 3223 892 3309 χρῆναι)
910 3229 1002 3310 χρῆν.
1028 3259 1070 3268 -
1125 3231 1290 3312 μιμηταῖς.
1314 3263 1352 3274 -
1376 3222 1398 3287 l.
1424 3224 1467 3287 34
1490 3219 1606 3309 λέγειν)
1630 3219 1728 3308 λέγει.
1751 3202 1755 3209 ’

320 3327 343 3414 1.
368 3329 410 3393 20
434 3327 653 3415 ἀναρμοστίας)
678 3330 896 3417 εύαρμοστίας.
923 3366 963 3376 -
988 3331 1009 3394 l.
1027 3332 1069 3394 22
1170 3333 1340 3400 6060110111.
1359 3327 1471 3418 Χοροὺς
1487 3327 1548 3417 γὰρ
1565 3327 1736 3416 ἐπέτρεπον
1754 3317 1855 3390 διδόναι

322 3435 424 3497 αὐτῶν
449 3427 676 3523 ἁρμοζομένης)
696 3438 798 3500 αὐτῶν
824 3434 1010 3525 ἀρχομένης.
1028 3474 1068 3484 -
1125 3437 1293 3510 Ἀθήνησιν
1305 3445 1370 3511 τοῖς
1383 3426 1558 3522 εύδοκίμοις
1571 3433 1704 3524 κριθεῖσι
1716 3440 1854 3504 ποιηταῖς.

321 3541 344 3607 l.
362 3545 404 3608 23
422 3531 502 3606 διότι
519 3541 652 3630 τούτων)
669 3531 750 3607 διότι
766 3543 820 3607 καὶ
841 3542 927 3608 τούτ.
946 3587 984 3596 -
1000 3541 1068 3607 καθ’
1170 3585 1213 3597 -
1228 3548 1250 3614 1.
1269 3549 1310 3613 35
1328 3549 1363 3610 ἐκ
1378 3555 1434 3609 τοῦ
1453 3536 1591 3633 ’1ἁμ6ου)
1609 3545 1645 3608 ἔκ
1662 3567 1698 3609 τε
1715 3552 1769 3607 τοῦ
1782 3538 1854 3624 Ἰάμ-

323 3652 384 3733 ὅσῳ
399 3649 522 3740 χρόνον)
540 3650 609 3715 καθ’
624 3653 695 3716 ὅσον
711 3652 823 3743 χρόνῳ.
838 3691 878 3700 —-
893 3655 914 3718 l.
933 3655 974 3718 25
992 3652 1070 3742 Πρός
1124 3647 1191 3720 ύου.
1215 3692 1259 3704 -
1282 3655 1304 3719 l.
1329 3656 1370 3720 37
1396 3651 1450 3717 καὶ
1473 3644 1582 3743 λόγον)
1607 3650 1663 3715 καὶ
1692 3649 1803 3740 λόγων.
1824 3681 1854 3692 -

322 3755 360 3820 τό
379 3755 420 3824 E'.
438 3756 565 3822 Τούτων
584 3757 639 3847 μέν
657 3753 709 3823 οὖν
726 3751 817 3832 ἄδην.
836 3798 877 3808 -
899 3760 921 3825 1.
946 3762 989 3825 26
1005 3768 1069 3835 πῶς
1123 3764 1146 3829 l,
1171 3765 1213 3828 38
1238 3766 1367 3850 ἡγεῖται
1383 3757 1635 3849 κοομοιώτητος)
1651 3763 1780 3847 ἡγεῖται
1800 3772 1857 3816 κοσ-

322 3863 429 3952 έχωσι)
453 3875 517 3940 πῶς
533 3865 651 3955 έχουσι.
671 3905 711 3916 -
727 3868 749 3933 l.
768 3870 810 3934 30
834 3864 990 3956 κατοχὴν)
1015 3889 1071 3930 κα·
1125 3869 1287 3959 μιύτητος.
1311 3911 1349 3922 --
1373 3869 1395 3935 l.
1420 3871 1461 3934 39
1486 3868 1631 3956 ἠρεμίαν)
1656 3863 1815 3956 ήρεμαίαν.
1920 3941 1921 3952 γ

323 3973 478 4061 τθκωχύν·
1169 3975 1214 4042 Μ.
1227 3977 1285 4043 fol.
1299 3978 1342 4042 35
1355 3975 1471 4042 v.-1.
1485 3977 1526 4041 41
1540 3971 1593 4038 καὶ
1606 3972 1748 4038 ἄστατον
1760 3965 1857 4053 ἁν)ιιιὶ
1920 4005 1921 4008 =

366 4083 524 4151 Scholion.
539 4082 670 4156 Μήποτε
686 4081 743 4158 τάς
761 4083 816 4171 μὲν
834 4086 980 4174 ἁρμονίας
998 4088 1072 4150 ἁπο-
1125 4086 1263 4151 ἄστατον
1286 4083 1355 4149 καθ’
1381 4083 1475 4148 αὐτόν
1500 4083 1544 4150 ὄν.
1568 4120 1614 4133 -
1628 4083 1651 4149 1.
1676 4086 1719 4150 47
1744 4083 1857 4166 πολεμι·

322 4181 429 4256 δοτέον
453 4201 494 4276 τῇ
521 4193 685 4280 συμφωνίᾳ
700 4201 756 4257 τοῦ
774 4192 891 4284 ἀλόγου
908 4203 966 4270 τῆς
988 4189 1070 4274 ζωῆς
1124 4192 1188 4256 κύν’
1207 4191 1247 4274 01)
1263 4191 1435 4280 πολεμικόν
1460 4184 1537 4256 εἶναι
1560 4193 1599 4257 οί.
1618 4190 1695 4256 -1.
1714 4191 1757 4256 48
1772 4208 1857 4250 κατα·

321 4289 419 4373 εἴδους
442 4299 517 4388 πρδς
537 4299 591 4362 τὸν
608 4298 716 4389 λόγον,
732 4297 804 4373 τοὺς
822 4290 856 4363 δὲ
872 4299 1003 4390 ῥυθμούς
1027 4311 1067 4385 τῇ
1125 4299 1380 4389 συστηματικὴν)
1403 4297 1709 4386 καταστηματικήν.
1725 4332 1770 4343 -
1783 4297 1802 4360 l.
1824 4293 1856 4357 50

323 4399 469 4483 συντάξει
492 4417 550 4480 τῆς
574 4405 723 4482 κινήσεως
747 4417 802 4470 τοῦ
831 4401 912 4485 ζώου
937 4409 1011 4498 πρός
1034 4433 1070 4474 τε
1125 4409 1194 4475 ἀλλ’
1220 4408 1345 4494 αὐτοὺς)
1369 4407 1439 4473 ἀλλ’
1465 4407 1571 4474 αύτύν.

323 4513 360 4576 τὸ
385 4512 500 4604 ἄλογον
526 4511 580 4576 καὶ
602 4512 657 4576 τὸν
682 4512 786 4600 λόγον·
812 4515 879 4578 ἐπεὶ
902 4513 959 4590 τὰς
976 4507 1071 4580 δυνὰ-
1169 4520 1213 4584 Μ.
1227 4519 1284 4584 101.
1298 4519 1352 4584 37.
1367 4517 1445 4582 -1,
1461 4518 1504 4582 54
1521 4513 1595 4579 νέων
1607 4509 1724 4600 ψυχὰς)
1737 4511 1805 4574 14441
1817 4503 1857 4592 11·

324 4642 390 4702 μεις
414 4617 507 4707 χωρίς
539 4627 601 4682 τῶν
625 4622 785 4710 ἐνεργειῶν
809 4613 1070 4710 προπαιδεύεσθαι
1124 4633 1201 4714 χῶν.
1225 4626 1313 4690 -1,
1338 4625 1398 4690 1111.
1424 4626 1554 4687 ἀκοῦσαι
1584 4623 1713 4704 τοῦτον)
1746 4623 1856 4682 ἀκοῦσαι

324 4715 468 4790 δυνατόν.
1124 4743 1230 4797 τοῦτο.
1254 4769 1299 4780 -
1322 4733 1383 4799 Ed.
1408 4754 1439 4816 p.
1465 4733 1541 4810 366,
1565 4729 1588 4795 1.
1616 4732 1631 4794 1
1660 4719 1856 4800 συντελοῦντι)

368 4831 413 4896 Μ·
430 4832 489 4898 fol·
506 4833 559 4898 34·
577 4874 616 4885 -
630 4835 653 4900 l·
671 4837 712 4900 32
729 4833 910 4912 ποιητικὴν,
934 4828 1020 4913 ἀξιον
1038 4826 1071 4902 δὲ
1125 4846 1346 4908 συντελοῦντα.
1370 4881 1411 4892 -
1433 4841 1457 4906 1.
1474 4843 1493 4905 2
1512 4839 1650 4926 μένουσι)
1676 4838 1809 4926 μελουσι.
1823 4863 1856 4877 -

324 4938 422 5024 ἠμὰς)
434 4937 604 5011 ποιητικὴν
618 4943 828 5006 κατακλείειν·
844 4943 915 5006 τίνα
928 4937 980 5008 ούν
994 4967 1071 5031 μου·
1124 4951 1146 5017 l,
1172 4953 1191 5016 5
1217 4937 1409 5039 μελοδεῖται)
1428 4937 1626 5034 μελῳδεῖται,
1651 4983 1695 4994 -
1719 4945 1742 5010 l,
1767 4946 1785 5009 8
1805 4961 1856 5002 τοι·

325 5044 416 5118 σικὴν
441 5046 478 5109 ἁν
502 5049 577 5136 ραίη
604 5051 784 5127 ποιητικήν,
809 5044 893 5128 ἀξιον
917 5058 1011 5140 ημᾶς.
1029 5090 1069 5102 -
1125 5056 1226 5128 αύτην
1243 5049 1426 5143 έξεπέμπεν)
1442 5052 1594 5126 τοιαύτην
1618 5049 1788 5124 ποιητικὴν
1808 5037 1856 5120 ἐξί·

324 5155 346 5218 1.
371 5156 414 5220 36
439 5156 653 5246 μουσαγέτην)
679 5161 893 5250 μουσηγέτην.
914 5199 958 5210 -
980 5163 1003 5228 1.
1028 5166 1069 5230 39
1124 5189 1241 5256 πεμπε.

325 5257 367 5323 τὰ
389 5252 605 5348 παιδευτικῆς)
629 5263 671 5330 τὰ
694 5275 752 5342 τῆς
768 5257 856 5334 παιδ.
874 5305 916 5317 -
934 5272 974 5344 εἰς
1000 5269 1072 5352 βλέ-
1171 5273 1212 5340 Μ,
1238 5271 1295 5338 fol,
1320 5272 1361 5336 37
1386 5294 1417 5336 v,
1442 5305 1486 5317 -
1508 5268 1530 5334 l,
1558 5271 1598 5334 12
1621 5272 1667 5343 εἰς
1693 5257 1746 5330 δύο
1773 5281 1853 5352 μετα-
