3940 6072
290 523 343 580 288
923 513 969 588 ad
999 511 1207 608 Asclepium.

289 689 395 777 μένην·
421 687 655 778 αἰγοπρόσωπος
680 692 758 770 ἐστι,
782 686 904 776 πέρατα
921 689 1011 776 ἔχων,
1030 690 1100 763 ὁλος
1117 687 1299 776 ἐμφιομένος
1318 689 1409 777 μέχρι
1427 688 1645 777 ἀστραγάλων,
1658 693 1691 754 ἑν
1716 687 1774 778 μέν
1799 701 1844 774 τῇ

289 789 374 880 δεξιᾷ
397 796 477 886 χειρὶ
501 797 645 886 κατέχων
670 805 839 883 σκῆπτρον,
866 797 896 858 ἐν
921 785 955 858 δέ
979 805 1019 878 τῇ
1045 797 1188 881 εὐωνύμῳ
1214 787 1372 885 ὑδρίσκην.
1398 796 1535 886 Κνριεὺει
1557 787 1591 860 δὲ
1614 806 1677 859 τῶν
1701 795 1776 884 περὶ
1798 797 1846 859 τά

288 905 396 992 ἔντερα
420 903 589 992 γινομένων
621 901 738 966 παθῶν.
765 901 885 990 Γλὺὑον
910 896 961 966 οὑν
996 913 1106 968 τοῦτον
1135 907 1165 967 ἐν
1190 901 1266 984 λίθω
1292 894 1446 994 δενδρίτῃ,
1471 905 1525 968 καὶ
1548 903 1671 979 ὑποθεὶς
1698 903 1845 987 βοτάνην

286 1004 480 1102 γλνκόριζον,
504 1013 712 1074 κατακλεῖσον
729 1012 758 1074 ὲν
777 1003 800 1093 ᾧ
820 1009 933 1094 βούλει,
951 1011 1115 1099 καὶφέρει,
1134 1012 1285 1102 μακάριον
1312 1011 1470 1101 βοήθημα,
1489 1013 1680 1102 ἀπεχόμενος
1706 1011 1844 1102 γεράνον

288 1119 416 1207 κρέατος
432 1116 466 1200 ¹).

331 1218 471 1316 ’Ὄγδοος
494 1225 548 1289 καὶ
573 1217 703 1301 δέκατος
729 1217 862 1303 δέκανος.
886 1221 984 1302 Οὗτος
1008 1227 1106 1316 ὄνομα
1130 1229 1194 1316 ἔχει
1218 1221 1397 1317 Ἀμφατάθ,
1416 1228 1541 1318 μορφὴν
1566 1219 1600 1293 δέ
1623 1229 1689 1316 ἔχει
1714 1233 1848 1291 ὑποκει-

288 1335 394 1422 μένην·
419 1337 486 1399 ἔστι
503 1325 536 1398 δὲ
553 1333 710 1422 ἀνθρωπος
727 1335 822 1410 ἑστὼς
839 1335 989 1426 σὺμπονς,
1007 1335 1234 1425 κεχειρωμένος
1247 1335 1273 1420 ²)
1299 1339 1359 1400 ἀπὸ
1385 1347 1512 1426 μαστῶν
1533 1336 1623 1426 μέχρι
1640 1345 1703 1400 τῶν
1720 1325 1844 1415 ποδῶν,

287 1455 356 1518 ταῖς
381 1434 450 1507 δυσὶ
473 1443 562 1532 χερσὶ
586 1452 709 1532 κρατῶν
734 1453 903 1532 σκῆπτρον·
928 1445 979 1508 ἐπὶ
1003 1435 1036 1509 δὲ
1059 1453 1116 1519 τῆς
1141 1449 1280 1532 κεφαλῆς
1304 1447 1406 1508 πιλιον
1431 1445 1523 1533 ἔχων,
1547 1445 1686 1532 Κνριείιει
1711 1435 1745 1507 δέ
1776 1453 1845 1506 τῶν

289 1552 358 1640 περὶ
382 1551 524 1640 ὑμφαλον
549 1551 721 1640 γενομένων
740 1549 855 1615 παθῶν.
874 1549 993 1638 Γλὺψον
1011 1545 1061 1614 οὑν
1079 1561 1190 1615 τοῦτον
1207 1555 1238 1615 ἐν
1262 1550 1338 1634 λίθῳ
1363 1546 1534 1638 εὑθλιζὺνῃ,
1559 1553 1612 1614 καὶ
1635 1551 1762 1626 ὑποθεὶς
1790 1555 1846 1634 βο-

287 1660 387 1732 τάνην
412 1659 618 1750 κατανάγκην
631 1657 656 1742 3)
680 1659 866 1750 λεγομένην,
884 1663 1093 1724 κατακλεῖσον
1118 1661 1149 1724 έν
1175 1653 1332 1744 ᾧβοὺλει,
1351 1660 1503 1748 καὶφέρει
1527 1662 1632 1746 [vind.
1650 1660 1783 1749 παρατιί,
1790 1683 1846 1748 ρον

285 1759 318 1834 δὲ
343 1768 385 1857 μὴ
412 1779 523 1858 φαγεῖν
546 1767 654 1832 πῶλον
678 1769 786 1856 ἔντερα
811 1767 865 1830 καὶ
889 1765 1004 1856 ἄρκτον
1028 1767 1125 1854 κρέα).

324 1877 475 1952 Εννατος
492 1902 545 1940 και
538 1868 693 1952 δέκατο
718 1867 855 1951 δέκανος,
880 1868 1039 1964 ζὺγονπρ
1042 1885 1131 1951 ῶτος.
1156 1869 1294 1952 Οὗτος
1279 1900 1377 1966 ονομα
1402 1877 1469 1964 ἔχει
1493 1875 1685 2008 Σφονχοὺᾙ)
1713 1875 1844 1964 μορφάν

1258 1980 1290 2024 Υ

285 1977 360 2052 δὲ
341 2011 400 2058 ην
425 2009 519 2050 οιοι
524 2006 646 2073 ινενην
672 1983 830 2074 ἅνθρωπός
855 1988 967 2048 έστιπ
972 1977 1193 2073 ροοεθηκὼςμ
1184 1983 1710 2073 περιεωσμένος,τὴνεἰὠννμον
1742 1995 1846 2072 χεῖρα

286 2095 348 2159 άνω
372 2097 486 2184 έχων
477 2119 534 2159 επν
530 2093 665 2184 μρμένην
684 2117 796 2157 ωσανει
788 2084 980 2182 δεχοιιενο
998 2119 1039 2169 τι,
1056 2118 1115 2164 τιν
1134 2084 1212 2171 δε
1170 2116 1234 2157 ιαν
1253 2095 1535 2182 ιεχαλασιενην
1522 2117 1720 2181 χοισαν
1672 2083 1740 2154 νδ
1716 2115 1844 2162 ισκην

286 2203 423 2292 Κυριεὺει
441 2194 473 2266 δέ
489 2211 551 2265 τῶν
568 2201 637 2290 περὶ
654 2199 713 2270 τ”ην
731 2191 821 2289 ἕδραν
838 2201 1011 2290 γενομένων
1027 2200 1146 2268 παθῶν.
1163 2199 1282 2288 Γλὺὑρον
1300 2196 1350 2265 οὑν
1369 2212 1479 2266 τοῦτον
1497 2208 1527 2267 ἐν
1542 2200 1619 2283 λίθῳ
1635 2201 1784 2288 ὲπεχάτγι
1805 2201 1842 2284 ⁵),

285 2311 339 2373 καὶ
361 2309 482 2386 ὑποθεὶς
508 2307 646 2392 βοτάνην
669 2309 794 2386 πόλεον,
819 2313 1028 2373 κατακλεῖσον
1052 2312 1082 2373 ἐν
1106 2303 1130 2373 ὧ
1157 2309 1270 2393 βοὺλει,
1295 2307 1348 2372 καὶ
1375 2309 1470 2399 φόρει,
1494 2309 1688 2398 ἀπεχόμενος
1714 2307 1843 2382 νήσσης

285 2443 321 2484 τε
346 2420 399 2482 καὶ
424 2409 615 2510 ἀμυγδάλων
639 2426 768 2507 πικρῶν,
834 2487 837 2496 Α

329 2529 476 2602 Εἰκοστὺς
501 2520 637 2603 δέκανος.
663 2521 761 2600 Οὗτος
784 2525 883 2615 ὄνομα
907 2525 974 2614 ἔχει
998 2523 1205 2614 Νεφκίμηςὶ)
1225 2526 1292 2588 έστι
1309 2516 1410 2589 δὲκαὶ
1427 2535 1466 2609 τῇ
1494 2535 1593 2614 μορφῇ
1619 2513 1759 2588 τοιᾶσδε·
1790 2523 1844 2587 ἀν-

284 2632 401 2721 θρωπος
425 2632 520 2708 ἑστὼς
546 2635 596 2697 ’πί
619 2644 724 2724 πηγῆς
749 2633 880 2722 ἐχοὺσης
906 2627 958 2696 δὺο
985 2633 1129 2722 βρὺακας,
1154 2632 1207 2695 καὶ
1230 2631 1325 2695 πάλιν
1349 2637 1389 2707 εἰς
1421 2631 1451 2696 έν
1484 2626 1657 2696 εἰσθάλλων
1681 2630 1725 2696 τά
1750 2632 1842 2719 σὺμ-

283 2731 366 2803 ποδα
379 2735 417 2826 ¹),
435 2735 539 2828 περιεζ

284 2849 376 2936 ἔχων,
400 2848 453 2911 καὶ
478 2851 509 2911 ὲν
533 2857 573 2932 τῇ
599 2848 680 2936 χειρὶ
703 2838 863 2936 ὑδρίσκην,
888 2848 1026 2936 Κνριεὺει
1051 2840 1084 2913 δὲ
1107 2857 1169 2910 τῶν
1194 2847 1350 2937 οὑρηθρῶν
1375 2859 1432 2924 της
1457 2849 1550 2913 κὺοτε
1552 2873 1591 2924 ως
1615 2849 1668 2912 καὶ
1691 2856 1757 2910 τῶν
1787 2851 1841 2911 οὑ-

540 2739 675 2828 ωσμένος
693 2741 754 2804 ἀπὸ
772 2751 833 2804 τῶν
853 2749 980 2828 μαστῶν
999 2741 1090 2829 μέχρι
1107 2743 1223 2804 tth'.
1187 2763 1309 2830 αοτραγ
1290 2740 1352 2804 αὶ
1355 2762 1406 2804 ων
1429 2743 1460 2806 έν
1476 2750 1558 2805 τῶ..
1538 2740 1687 2832 πώγωνι
1681 2739 1826 2804 ιιάλιον8
1829 2745 1841 2823 )

285 2965 420 3045 ρητικῶν
444 2956 556 3045 πόρων.
575 2953 692 3043 Γλὺψον
710 2949 762 3020 οὖν
779 2966 889 3020 τοῦτον
907 2958 937 3020 ἐν
954 2955 1029 3038 λίθῳ
1048 2947 1189 3046 σάρδωνι,
1207 2957 1261 3020 καὶ
1277 2955 1399 3032 ὑποθεὶς
1418 2957 1554 3040 βοτάνην
1578 2947 1839 3045 περιδιεστεῶνα,

282 3068 492 3128 κατακλεῖσον
517 3066 548 3128 ἐν
573 3057 596 3147 ᾧ
623 3063 736 3148 βοὺλει,
761 3065 814 3128 καὶ
838 3065 931 3154 φάρει,
958 3065 1148 3153 ἀπεχόμενος
1174 3063 1412 3150 ονκκαρινῶνθ)

326 3177 451 3260 Πρῶτος
475 3171 529 3234 καὶ
554 3172 692 3248 εἰκοστὸς
717 3161 850 3247 δέκκνος.
867 3167 965 3247 Οὗτος
983 3172 1081 3261 ὄνομα
1099 3174 1165 3261 ἔχει
1183 3172 1272 3236 Φου
1275 3169 1314 3256 ),
1332 3197 1388 3262 μο
1391 3170 1452 3262 φιν
1470 3163 1559 3236 δε
1531 3171 1686 3262 τομὲν..
1666 3170 1838 3260 πρόσωπον

282 3279 389 3368 ὄφεως,
415 3281 451 3344 τὸ
477 3270 510 3343 δέ
534 3288 624 3367 σῶμα
649 3279 856 3369 ἀνθρώπουβ
846 3280 897 3344 επὶ
920 3290 977 3355 τῆς
997 3284 1173 3410 κεφαλῆς
1167 3283 1361 3345 θασίλειον”
1348 3305 1430 3370 εχον,
1447 3280 1542 3355 ἑστὼς
1567 3285 1644 3345 ὲνπ
1647 3273 1837 3368 εριζιὶματι.

284 3387 424 3476 Κνριεὺει
437 3378 470 3452 δὲ
483 3396 544 3450 τῶν
558 3388 628 3476 περὶ
646 3378 857 3452 δακτυλίωνΗ
863 3400 874 3476 )
892 3389 1097 3477 γενομένων.
1077 3387 1184 3452 παθῶν
1188 3381 1412 3479 ,αἱμορροίδων
1425 3382 1625 3479 κονδιλωμάτ
1606 3385 1704 3453 ων”
1706 3392 1789 3477 jpz
1784 3434 1792 3478 γ
1791 3399 1839 3451 α-

283 3486 492 3582 &mmm-p..
517 3489 569 3560 οὑν
594 3506 704 3560 τοῦτον
729 3499 759 3560 ἐν
785 3495 861 3580 λίθῳ
886 3489 1069 3586 σμαράγδῳ,
1093 3497 1146 3560 καὶ
1169 3497 1291 3572 ὑποθεὶς
1311 3497 1490 3582 βοτάνην..
1470 3521 1578 3587 περισ.
1579 3497 1836 3586 ερεῶναὺπτιον,

196 3636 200 3644 v
280 3607 491 3668 κατακλεῒσον
516 3607 547 3668 ἐν
573 3599 596 3688 ᾧ
623 3603 736 3687 βοὺλει,
762 3605 815 3668 καὶ
840 3605 932 3694 φόρει,
960 3605 1151 3694 ἀπεχόμενος
1177 3608 1298 3669 σελίνον
1315 3605 1364 3689 ¹³).

326 3710 471 3802 Δεὺτερος
493 3712 546 3776 καὶ
564 3715 702 3788 εὶκοστὺς
728 3706 864 3790 δέκανος,
889 3715 1035 3802 σκορπίον
1053 3713 1091 3797 ¹⁴)
1115 3723 1247 3802 πρῶτος.
1272 3710 1370 3789 Οὑτος
1393 3715 1492 3802 ὄνομα
1516 3715 1582 3802 ἔχει
1609 3711 1680 3789 θὼς,
1706 3711 1835 3801 μορφὴν

282 3821 361 3908 ἔχων
376 3819 547 3911 ἀνθρώπου,
561 3821 830 3911 τανροπρὸσωπος,
847 3823 1002 3912 πτέρνγας
1020 3824 1099 3910 ἔχων
1118 3811 1154 3898 δ’,
1171 3815 1423 3911 περιεζωσμένος,
1441 3827 1472 3886 ἑν
1490 3832 1529 3906 τῇ
1551 3813 1635 3904 δεξιᾷ
1651 3820 1733 3908 χειρὶ
1750 3823 1834 3909 ἔχων

283 3918 442 4017 ὑδρίσκην,
468 3933 498 3993 ἐν
524 3921 557 3994 δέ
580 3939 620 4014 τῇ
647 3930 791 4018 εὑωνὺμῳ
816 3941 985 4020 σκῆπτρον·
1011 3930 1178 4018 ἐπιπέμπει
1195 3923 1300 4006 δὲτάς
1326 3921 1505 4022 ἀλγηδόνας
1528 3927 1585 4003 τάς
1610 3929 1775 4017 γινομένοις
1802 3933 1834 3992 ὲν

281 4045 326 4118 τῷ
351 4037 488 4124 στόματι
512 4048 567 4101 τοῦ
593 4027 721 4113 αἰδοίου,
747 4041 819 4102 ἕλκε
836 4063 872 4102 τε
890 4029 1071 4127 ἀνθρακώδη
1092 4038 1144 4102 καὶ
1160 4030 1318 4128 πνρώδην.
1344 4035 1462 4126 Γλὺβον
1486 4033 1537 4102 οὖν
1559 4045 1671 4100 τοῦτον
1696 4041 1728 4100 ἐν
1752 4037 1834 4120 λίθῳ

281 4146 447 4231 αὶματίτῃ,
473 4146 526 4208 καὶ
550 4143 673 4219 ὑποθεὶς
699 4146 836 4227 βοτάνην
860 4139 1082 4228 λεινοζώστην,
1107 4152 1316 4212 κατακλεῐσον
1342 4152 1372 4212 ἐν
1397 4142 1421 4232 ᾧ
1444 4147 1556 4230 βοὺλει,
1582 4147 1636 4209 καὶ
1659 4145 1758 4233 φόρει.

326 4253 436 4342 Τρίτος
461 4253 513 4317 καὶ
536 4255 675 4328 εἰκοστὸς
693 4245 829 4330 δέκανος.
846 4250 944 4332 Οὑτος
962 4256 1060 4344 ὄνομα
1077 4255 1143 4344 ἔχει
1161 4258 1324 4344 Οὑστιχος
1343 4259 1410 4320 ἔστι
1427 4248 1460 4320 δὲ
1476 4265 1515 4339 τῇ
1542 4264 1644 4342 μορφῇ
1671 4251 1833 4342 ἄνθρωπος

280 4361 515 4451 έστολισμένος,
542 4361 680 4451 σὺμπονς
704 4363 800 4440 ἑστὼς
825 4363 927 4429 ἐπάνω
951 4365 1110 4454 σκορπίον.
1135 4359 1232 4440 Οὗτος
1257 4365 1414 4453 ἐμπέμπει
1438 4374 1502 4438 τοῖς
1527 4354 1652 4441 αἰδοίοις
1682 4371 1745 4425 τῶν
1771 4365 1833 4424 ἀν-

318 4719 340 4796 ι)
359 4721 393 4778 V.
413 4720 479 4778 add.
494 4723 556 4792 μάὑι
571 4725 673 4797 καθίογςς
693 4723 733 4779 ἐπὶ
754 4727 796 4788 τὶς
814 4728 859 4800 γάς
880 4729 1025 4798 ἀφιδιὺοης,
1129 4723 1209 4798 8)M.

280 4817 360 4866 ταῦτα
380 4820 428 4884 γάρ
448 4813 491 4865 οὑκ
511 4812 638 4867 εὖθύθολα.
1126 4723 1272 4883 9)V.¹¹¹¹
1224 4833 1267 4864 ον
1263 4816 1383 4882 ,ἀγιινεη
1379 4813 1441 4866 υηὺι
1462 4807 1622 4881 στεφανώσας
1644 4807 1689 4866 τιὶν
1709 4811 1832 4880 κεραλην.

315 4903 337 4976 ²)
357 4903 396 4960 M.
416 4906 606 4976 κεκιιριωμίνις.
1118 4902 1206 4975 ¹⁰)V.

314 4993 338 5067 ³)
358 4992 454 5050 Aliter
474 4998 618 5066 ἀναγκίτης.
640 4993 684 5052 Of.
705 4996 815 5054 Decan.
835 5014 904 5052 xxx.
1117 4991 1151 5063 ¹¹)
1170 4991 1209 5046 M.
1230 5013 1259 5044 π;
1264 4999 1285 5062 pi
1305 4995 1353 5043 τῶν
1374 4991 1557 5061 περιὺαιτὶλων
1577 4989 1629 5044 sic.

314 5084 337 5151 4)
356 5081 391 5136 V.
413 5087 488 5136 Σιιοὺ.
1117 5083 1206 5155 ¹⁰.)V
1226 5103 1253 5134 κε
1255 5088 1310 5138 νὺη)
1310 5083 1442 5152 ῶματαρ
1431 5083 1550 5152 ραγάὺος.

314 5171 337 5242 ⁵)
358 5167 391 5225 V.
413 5173 559 5246 ἂσπαχάτῃ.
1116 5174 1149 5246 ¹³)
1162 5173 1228 5227 V.
1211 5190 1327 5242 .α.ραρ
1287 5173 1327 5241 ,ἀρ
1331 5171 1404 5240 ενμθ
1421 5175 1500 5242 φαγιῖ
1491 5191 1509 5222 ,ν
1523 5173 1600 5240 μηρὸν
1613 5171 1707 5241 χοίρων
1722 5175 1833 5242 λάχανον

314 5257 339 5332 ⁶)
359 5258 393 5314 V.
414 5265 548 5333 Νιφθὶμης,
569 5263 619 5315 ἔστι
639 5267 664 5315 δέ
684 5266 715 5334 τῇ
735 5267 844 5320 ἀνατολτῖ
863 5267 913 5323 θεὶς
938 5265 1025 5325 έοτοὶς.
1079 5264 1180 5316 σέλινον.

313 5346 336 5422 ¹)
355 5347 404 5405 Sio
423 5350 484 5406 eod.
504 5348 618 5424 aliquid
636 5351 754 5408 excidit.
1116 5352 1151 5427 ¹⁴)
1170 5351 1208 5408 M.
1229 5353 1385 5422 σκερπίωννς.

1227 4907 1279 4956 ‘1¹2¹‘
1253 4924 1326 4975 ονγις.
