3944 6074
496 571 605 666 Apud
624 571 812 650 Πωέοιίιιοι
831 577 979 670 quinque
995 575 1166 651 Ιιονιίιιανι
1184 599 1321 670 μονονο.
1629 583 1682 642 18ss

135 743 302 832 ἄχραντον,
327 739 363 821 ἧς
389 738 544 834 σόμθολον
569 751 585 810 6
602 749 724 837 χρυσός,
742 739 873 824 ἀδεκτος
890 745 942 826 ὢν,
958 749 1059 838 ρασίν,
1078 754 1122 814 ἰοῦ
1140 750 1192 814 καὶ
1210 745 1339 837 σήψεως·
1361 741 1406 813 δίο
1424 749 1478 814 καὶ
1501 749 1682 837 μεθίστησιν

136 854 173 914 τό
197 862 338 914 τοιοῦτον
363 853 449 942 γένος
474 859 515 928 είς
540 845 702 941 δαιμονίαν
727 848 828 937 τάξιν,
854 855 935 943 μετά
959 858 1018 928 τὴν
1043 868 1100 932 τῆς
1121 857 1268 946 γενέσεως
1292 848 1444 946 περίοδον,
1468 858 1683 946 προνοητικὴν

136 959 190 1021 καί
212 959 422 1048 ρρουρητικὴν
447 961 500 1024 καί
525 956 710 1039 ἀλεξίκακον
735 973 791 1027 τοῦ
809 962 976 1052 ἀνθρώπων
994 965 1111 1055 γένους,
1125 967 1178 1028 καὶ
1196 969 1225 1030 ἐν
1243 976 1283 1050 τῇ
1303 965 1423 1056 γενέσει
1446 963 1492 1048 όν,
1519 965 1685 1056 τρέφεσθαί

137 1089 230 1153 φησιν
255 1069 367 1131 ἑκατόν
392 1071 466 1144 ἐτη,
490 1069 543 1132 καί
567 1071 626 1134 ὑπό
650 1081 712 1135 τῶν
737 1071 879 1160 πατέρων
905 1072 1108 1156 τελειοῦσθαι,
1133 1071 1237 1160 μῦθον,
1256 1079 1295 1147 ὡς
1319 1074 1389 1160 ἐμοὶ
1413 1065 1508 1154 δοκεῖ,
1534 1075 1682 1162 μουσικόν

137 1175 286 1266 γράρων,
299 1175 352 1239 καί
375 1168 616 1264 ἐνδεικνό[μενος
641 1181 691 1244 ότι
709 1183 778 1264 (fol.
799 1184 873 1264 107)
891 1180 975 1245 κατά
995 1193 1117 1248 νοῦν...
1142 1182 1241 1246 ἀεί...
1258 1183 1401 1271 πατέρων
1419 1183 1550 1246 καὶτῶν
1568 1181 1685 1273 ἀνθρω-

137 1286 232 1348 πίνων
257 1280 406 1373 έξῄρηκεν
429 1291 752 1377 πολυ]πραγμοσυνῶν
780 1291 1096 1372 [ἀποκαταστατικῶς
1121 1281 1249 1375 δια]ζῶν
1274 1290 1327 1354 καί
1343 1297 1363 1363 ῆ
1381 1289 1563 1371 ἑκατοντάς,
1585 1291 1685 1380 ὥσπερ

138 1393 191 1456 καί
210 1392 354 1476 [Πλάτων
372 1418 431 1457 που
445 1393 596 1484 [καθάπερ
614 1398 745 1486 εἴρηται,
760 1396 824 1482 καὶ]
841 1400 871 1460 ἐν
889 1388 967 1478 τῳδί
983 1405 1028 1479 τῷ
1041 1399 1126 1488 λόγῳ
1139 1407 1201 1462 τῶν
1219 1399 1388 1483 [Μου]σῶν)
1405 1399 1458 1462 καί
1475 1399 1578 1483 τούτῳ
1595 1389 1689 1472 δηλοῖ

138 1499 197 1569 τὴν
222 1505 338 1564 ταύτοῦ
363 1502 416 1564 καί
439 1505 547 1590 ὁμοίου
573 1505 647 1588 [καί]
675 1515 776 1593 νοεροῦ
801 1513 858 1580 τῆς
883 1498 964 1583 ζωῆς
989 1495 1086 1582 εἴδους
1103 1499 1252 1594 περίοδον.
1275 1508 1319 1570 Τό
1344 1499 1377 1570 δὲ
1403 1509 1576 1596 [ἀργυ]ροῦν
1603 1505 1685 1596 μετά

138 1619 232 1674 τοῦτο
257 1608 342 1699 γένος
368 1611 429 1674 ἀπό
454 1623 511 1686 τῆς
528 1611 612 1676 κατά
631 1615 721 1699 [νοῦν]
741 1614 906 1702 ἐνεργείας,
922 1611 1059 1700 πρόεισιν
1076 1617 1116 1686 είς
1141 1612 1199 1683 τὴν
1224 1610 1411 1700 σίμμμκτον
1434 1613 1530 1698 κα]τά
1555 1635 1591 1678 τε
1615 1623 1683 1676 νοῦν

138 1719 192 1783 καί
207 1719 302 1806 λόγον
319 1719 484 1810 ἐνέργειαν.
503 1760 546 1770 -
563 1720 726 1810 Σ·ἰν[θημα
744 1712 767 1782 δ’
789 1721 867 1805 ἐστί]
887 1720 1007 1794 ταύτης
1025 1725 1040 1782 6
1059 1719 1198 1810 ἄργυρος,
1216 1723 1253 1798 τό
1271 1721 1325 1809 μὲν
1342 1722 1486 1809 λαμπρόν
1506 1723 1596 1810 [ἔχων
1614 1725 1683 1806 τῆς]

138 1825 222 1891 κατά
245 1827 339 1918 λόγον
364 1823 444 1907 ζωῆς
469 1829 522 1892 καὶ
547 1831 640 1916 φανόν
664 1821 760 1912 ἴδιον,
784 1830 837 1893 καὶ
860 1828 897 1892 τό
931 1831 1038 1914 [ἐστιν]
1072 1831 1126 1892 ὅτε
1158 1840 1211 1894 τοῦ
1243 1834 1349 1894 ὐλικοῦ
1379 1831 1538 1918 μετίσχειν
1566 1835 1608 1893 ἰοῦ
1633 1830 1688 1894 καί

139 1929 346 2021 σηπε[δο’νος],
363 1936 577 2026 προσειληφὼς
594 1927 627 2001 δέ
644 1937 722 2002 ἀλλο
736 1962 766 2002 τι
779 1938 854 2024 προς
871 1937 993 2012 τούτοις
1011 1939 1059 2022 [τό
1073 1939 1135 2023 καί]
1151 1941 1180 2000 ἐν
1199 1948 1238 2022 τῇ
1257 1937 1426 2026 παραθέσει
1438 1936 1688 2028 περιλάμπεσθαι

138 2045 197 2106 ὑπό
222 2055 276 2108 τοῦ
300 2057 425 2134 χρυσοῦ,
450 2045 503 2108 καὶ
528 2044 569 2133 μὴ
597 2045 778 2108 τούναντίον
804 2037 877 2132 δροῖν
902 2048 943 2120 είς
967 2045 1021 2108 τόν
1046 2045 1169 2134 χρυσόν·
1187 2047 1269 2108 οὕτω
1293 2044 1352 2135 γάρ
1378 2035 1415 2116 δὴ
1442 2046 1495 2108 καί
1518 2049 1533 2107 6
1558 2041 1687 2134 ψυχικὸς

138 2151 249 2240 λόγος,
274 2156 300 2216 εί
323 2154 377 2214 καὶ
403 2153 501 2236 [ὕλης]
529 2151 606 2215 ποτὲ
630 2151 685 2214 καί
706 2155 815 2225 ὑλικῆς
841 2149 1030 2238 ἀκαθαρσίας
1056 2153 1340 2238 ἀναπίμ[πλαται],
1365 2151 1448 2216 ἀλλά
1476 2153 1529 2216 καί
1554 2155 1612 2216 ὑπο
1637 2163 1688 2216 νοῦ

140 2258 397 2347 καταλάμπεται,
411 2259 464 2322 καί
484 2258 756 2346 [κατα]λαμρθείς,
771 2261 845 2346 μίαν
860 2260 913 2321 καί
925 2258 1032 2328 κοινὴν
1046 2271 1184 2324 ποιεῖται
1200 2261 1274 2348 πρός
1292 2261 1386 2324 αὐτόν
1403 2261 1567 2352 ἐνέργειαν,
1586 2260 1689 2334 νοήσει

142 2365 221 2454 μετά
238 2367 344 2456 λόγου,
362 2369 454 2455 ρησὶν
472 2372 487 2429 6
506 2367 640 2430 Πλάτων
655 2363 690 2449 ¹),
707 2365 748 2430 τά
761 2367 838 2430 ὄντα
856 2364 1018 2453 θεώμενος.
1036 2405 1080 2414 —-
1097 2369 1140 2430 Το
1160 2358 1193 2430 δέ
1210 2362 1248 2431 αὖ
1264 2373 1402 2456 χαλκοῦν
1419 2373 1506 2460 γένος
1523 2371 1641 2460 τρίτον,
1656 2373 1687 2434 έν

141 2478 220 2559 αὐτῇ
248 2475 326 2564 μόνῃ
353 2486 393 2560 τῇ
419 2475 503 2540 κατά
526 2476 621 2565 λόγον
646 2477 792 2565 ἐνεργείᾳ,
810 2474 868 2546 τὴν
888 2477 1001 2540 οἰκείαν
1020 2478 1151 2546 ἔστησεν
1172 2469 1265 2554 ζωὴν,
1281 2477 1320 2548 ἢν
1344 2484 1360 2542 ὁ
1384 2480 1502 2567 χαλκός
1528 2469 1621 2549 δηλοῖ
1644 2487 1689 2560 τῷ

140 2593 257 2666 ποιητῇ
284 2575 490 2670 συμόολικῶς,
514 2583 616 2659 πάσας
641 2585 695 2674 μὲν
721 2583 867 2672 τεχνικάς
893 2585 1046 2672 ἐνεργείας
1062 2584 1189 2672 λέγοντι
1215 2575 1266 2648 διά
1290 2589 1412 2672 χαλκοῦ
1436 2583 1593 2649 ποιεῖσθαι
1615 2583 1687 2658 τοὺς

140 2696 170 2753 ἐν
194 2682 274 2772 τῷδε
298 2701 342 2772 τῷ
367 2691 448 2781 γένει
471 2691 647 2780 ταχθέντας
664 2693 723 2756 ὑπο
740 2702 794 2756 τοῦ
812 2692 890 2772 Διός,
914 2691 1017 2766 πάσας
1042 2683 1075 2755 δέ
1099 2691 1155 2766 τάς
1179 2692 1361 2780 πολεμικάς·
1388 2694 1485 2782 μέλας
1509 2692 1569 2784 γάρ
1594 2693 1687 2781 ρησὶν

141 2803 195 2863 οὐκ
219 2803 290 2865 ἔσκε
308 2791 478 2888 σίδηροςέγ·
496 2801 589 2889 λόγος
607 2795 658 2866 οὖν
676 2801 768 2876 ἄϋλος
785 2802 838 2864 καί
862 2800 997 2890 καθαρόν
1018 2810 1079 2889 φῶς
1096 2801 1254 2890 ὑπάρχων,
1273 2801 1327 2865 καὶ
1351 2811 1407 2876 τῆς
1432 2793 1609 2875 σκοτώδους
1632 2823 1690 2863 κα-

141 2908 275 2998 θαρεύων
299 2909 387 2989 ὕλης,
412 2911 491 2996 έχων
516 2900 549 2972 δέ
574 2935 645 2974 τινα
669 2909 723 2974 καί
746 2908 814 2974 καθ’
840 2909 951 2974 ἐαυτὸν
977 2911 1161 2974 ἀπεικασίαν
1179 2911 1253 2997 πρὸς
1270 2919 1338 2974 νοῦν
1364 2899 1415 2972 διά
1439 2907 1497 2980 τὴν
1522 2907 1596 2998 πρός
1620 2911 1691 2972 ἐαυ-

140 3015 194 3078 τόν
219 3014 427 3103 ἐπιστρορῆν,
452 3012 592 3104 καθάπερ
617 3017 708 3080 καὶὸ
732 3017 851 3105 χαλκός
887 3018 958 3106 πρὸς
982 3017 1037 3096 τίαν
1062 3017 1176 3106 χρυσόν
1201 3009 1339 3106 ἀρορίζει
1362 3014 1422 3085 τὴν
1446 3014 1568 3079 τούτων
1593 3007 1689 3092 ζωήν.

143 3125 176 3183 Εἰ
200 3113 233 3185 δέ
256 3123 310 3186 καὶ
333 3121 580 3210 ἠχητινιώτατος
604 3127 620 3185 6
644 3122 763 3211 χαλκός
792 3123 856 3206 [καί
882 3125 916 3206 (f.
938 3127 998 3190 107
1021 3125 1066 3206 ν.)
1091 3133 1236 3210 μιμεῖται
1260 3123 1314 3186 τὀν
1340 3118 1439 3212 ῥοῖζον
1464 3123 1530 3208 τὸν]
1557 3117 1689 3201 ζωτικὸν

141 3239 199 3304 τῆς
216 3226 328 3318 ψυχῆς,
344 3231 456 3320 πρέπει
475 3231 523 3314 [ἀν
540 3239 586 3312 τῷ
603 3229 699 3317 μέσῳ]
715 3239 771 3304 τῆς
785 3223 866 3306 ζωῆς
884 3221 959 3294 εἴδει
976 3239 1020 3311 τῷ
1037 3229 1240 3321 κατὰλόγον,
1253 3230 1353 3293 -Τό
1369 3219 1402 3292 δέ
1424 3218 1461 3300 δὴ
1477 3237 1539 3292 τῶν
1554 3227 1689 3316 ἡμιθέων

142 3337 294 3426 τέταρτον
317 3335 352 3401 όν
377 3337 552 3426 ἐπιστρέρει
576 3337 630 3400 τόν
654 3337 749 3426 λόγον
774 3341 815 3411 εἰς
839 3335 898 3407 τὴν
923 3335 1100 3424 πρακτικὴν
1125 3339 1197 3400 ὅλον
1222 3331 1324 3414 ζωήν·
1350 3339 1406 3400 καί
1426 3341 1512 3422 τι[να
1536 3339 1600 3422 καὶ]
1628 3339 1690 3402 ἀπὸ

142 3455 198 3509 τοῦ
222 3443 337 3520 πάθους
360 3437 597 3534 προσλαμθάνει
622 3447 744 3518 κίνησιν
768 3455 830 3508 τῶν
856 3445 979 3534 ἀλόγων
1004 3445 1058 3508 καί
1075 3444 1173 3533 ὁρμῆν
1193 3448 1223 3508 ἐν
1240 3455 1310 3518 ταῖς
1334 3439 1491 3532 πράξεσιν,
1517 3443 1692 3534 [προθυ]μό-

141 3581 230 3644 τερον
256 3559 357 3620 αὐτῶν
383 3555 617 3644 ἐρεπτόμενον·
643 3554 697 3618 καὶ
720 3545 771 3618 διά
798 3554 904 3638 [τοῦτο
929 3553 999 3642 ἀρα]
1025 3553 1078 3616 καὶ
1101 3543 1171 3617 οὐδὲ
1195 3554 1273 3625 ὕλην
1306 3553 1469 3642 ἀπένειμεν
1496 3559 1580 3635 αὐτῷ
1605 3556 1690 3638 τι[να

142 3658 313 3753 ἐξαίρε]τον
339 3669 353 3726 6
378 3658 529 3748 ποιητὴς,
549 3670 589 3739 ὡς
613 3665 730 3754 ἔχοντι,
754 3664 790 3726 τὸ
816 3663 870 3751 μὲν
888 3666 923 3728 ἐκ
940 3673 996 3726 τοῦ
1017 3663 1088 3751 [πρό
1112 3665 1221 3748 αότ]οῦ
1246 3663 1361 3752 γένους,
1386 3663 1423 3726 τό
1448 3654 1482 3726 δέ
1506 3669 1576 3750 μετ’
1603 3665 1690 3738 αὐτὸ,

141 3771 195 3834 καί
211 3772 307 3846 ὅντως
327 3771 405 3854 [όντι
421 3769 553 3858 ἠμι]θέῳ
566 3771 602 3854 8)·
620 3765 702 3836 διότι
717 3780 762 3852 τῷ
779 3771 864 3860 λόγῳ
882 3769 966 3835 θείαν
984 3771 1128 3858 είληχότι
1145 3772 1250 3834 ουσίαν
1269 3763 1426 3857 συνέμιξεν
1445 3770 1503 3842 τὴν
1522 3765 1688 3844 θνητοειδῆ

142 3888 197 3944 τοῦ
214 3877 330 3954 πάθους
367 3872 471 3964 ζωήν]
498 3881 535 3944 τό
560 3879 614 3966 μέν
632 3874 683 3942 οὖν
702 3879 918 3970 μεγαλουργὸν
935 3879 988 3942 καί
1006 3879 1044 3942 τό
1061 3875 1292 3966 κατορθωτικὸν
1309 3883 1340 3943 ἐν
1357 3889 1421 3953 τοῖς
1439 3880 1537 3971 ἔργοις
1558 3884 1573 3942 6
1597 3880 1690 3971 λόγος

143 3991 227 4070 αὐτῷ
251 3988 442 4076 παρέχεται·
466 3987 506 4051 τό
530 3978 564 4050 δέ
589 3984 669 4074 μετά
693 3985 883 4072 συμπαθείας
909 3984 927 4056 ἢ
955 3983 1153 4059 ἀντιπαθείας
1180 3977 1253 4074 δρᾶν
1278 3984 1297 4056 ἢ
1322 3985 1455 4074 πάσχειν
1486 3987 1690 4075 προστίθησιν

142 4097 227 4177 αὐτῷ
251 4096 288 4158 τὸ
312 4095 420 4171 πάθος,
444 4105 489 4176 τῷ
513 4095 599 4185 λόγῳ
624 4094 890 4183 συμπλεκόμενον.
909 4095 1013 4156 -11‘6
1032 4084 1065 4156 δὲ
1090 4083 1234 4182 σιδηροῦν
1259 4093 1346 4182 γένος
1370 4095 1514 4182 πέμπτον
1539 4095 1691 4184 ὑπάρχον,

142 4204 277 4290 ἔσχατον
301 4203 397 4278 όντως
422 4201 490 4267 ἐστὶ
513 4203 566 4266 καί
589 4199 730 4290 χθόνιον,
754 4199 889 4288 ἐμπαθές
914 4198 959 4280 όν,
984 4209 1029 4282 τῷ
1054 4191 1171 4288 σιδήρῳ
1194 4202 1415 4288 παραπλήσιον
1440 4203 1611 4264 ἀντίτυπον
1637 4201 1692 4264 καί

143 4311 277 4399 σκληρόν
295 4310 348 4374 καὶ
364 4311 482 4401 γίῖνον,
500 4313 597 4398 μέλαν
614 4334 650 4375 τε
674 4309 727 4373 καί
752 4309 920 4372 σκοτεινόν·
945 4311 994 4372 σία
1020 4300 1057 4381 δὴ
1085 4309 1139 4372 καὶ
1161 4314 1180 4382 ῆ
1200 4319 1263 4372 τῶν
1280 4306 1386 4371 παθῶν
1404 4309 1487 4372 ἐστίν
1505 4307 1600 4395 ρόσις,
1620 4300 1690 4372 δυσ-

1063 4409 1170 4506 θαρλς,
1189 4417 1242 4480 καὶ
1258 4417 1393 4505 ἄμοιρος,
1415 4421 1453 4491 ὡς
1471 4419 1566 4481 είπεῖν
1583 4415 1691 4505 λόγου,

86 4448 114 4484 ει
142 4415 330 4494 νουθέτητος
347 4413 423 4483 οὖσα
441 4419 494 4482 καὶ
509 4418 594 4510 λόγῳ
612 4411 814 4506 δόσκαμπτος
828 4419 865 4500 ⁴),
884 4418 937 4480 καί
954 4415 1061 4481 όπισθο

144 4525 244 4612 φωτός
269 4527 366 4601 όντος·
392 4526 512 4591 τούτων
536 4526 598 4616 γάρ
622 4527 750 4590 πάντων
775 4531 858 4590 ἐστιν
876 4529 892 4588 ό
910 4515 1033 4613 σίδηρος
1057 4523 1157 4601 είκών,
1182 4518 1206 4607 ᾧ
1232 4524 1268 4588 τό
1291 4527 1436 4612 πέμπτον
1461 4525 1581 4588 εἴκασεν
1605 4523 1692 4613 γένος

143 4637 158 4695 6
175 4633 321 4710 ποιητὴς·
339 4635 464 4711 εἰκότως
481 4635 541 4724 ἀρα
557 4634 610 4699 καί
622 4635 757 4724 ἔσχατόν
772 4637 838 4698 ἐστι
852 4633 1013 4696 τοῦτοκαὶ
1027 4632 1242 4720 ἀτιμώτατον,
1257 4638 1296 4708 ὡς
1310 4636 1340 4698 ἐν
1358 4630 1486 4696 πάθεσιν
1504 4629 1692 4719 εἱλούμενον,

143 4731 318 4806 κινδυνεῦον
335 4747 475 4808 ἐκπεσεῖν
494 4746 534 4818 εἰς
551 4741 609 4815 τὴν
626 4745 790 4816 παντελῶς
808 4732 945 4829 θηριώδη
965 4741 1019 4802 καὶ
1035 4739 1150 4830 ἀλογον
1168 4733 1262 4818 ζωὴν,
1281 4729 1416 4827 ἀμυδρόν
1435 4738 1630 4827 ἐπαγόμενον
1655 4738 1692 4800 τό

143 4859 197 4913 τοῦ
222 4849 318 4940 λόγου
343 4853 468 4942 φέγγος,
485 4852 587 4940 ὥσπερ
604 4851 657 4914 καί
674 4843 797 4938 σίδηρος
816 4841 954 4936 ἀμυδράν
973 4849 1039 4935 ἔχει
1055 4849 1128 4937 πρὸς
1153 4848 1208 4910 τόν
1234 4847 1364 4936 ἄργυρον
1388 4857 1446 4920 τῆς
1470 4845 1564 4934 χρόας
1592 4845 1692 4929 [ἀπει-

87 4985 113 5022 ιο
143 4959 265 5040 κασίαν,
292 4960 361 5040 (fol.
389 4962 466 5042 108)
492 4959 587 5048 μέλας
612 4955 653 5020 ὢν
679 4957 762 5021 αατά
786 4956 822 5020 τό
839 4959 1001 5034 πλεῖστον,
1019 4955 1071 5017 καί
1087 4953 1146 5044 γάρ
1164 4953 1200 5017 τό
1224 4952 1400 5024 παθητικόν
1427 4955 1492 5040 ἔχει
1516 4953 1690 5040 φαντασίαν

144 5062 315 5152 μιμεῖσθαι]
342 5075 411 5128 νοῦν
433 5063 597 5129 ἐθέλουσαν
618 5065 682 5149 [καί
698 5065 802 5156 λόγον·
822 5060 1020 5148 ἀσθενοῦσαν]
1041 5053 1084 5143 δὲ,
1103 5053 1153 5125 διά
1171 5061 1229 5132 τῆν
1247 5058 1329 5148 μετά
1351 5070 1408 5136 τῆς
1426 5061 1502 5135 ὕλης
1527 5059 1690 5150 ἐνέργειαν.

182 5315 204 5389 ¹)
223 5316 258 5373 A·
277 5315 298 5372 f·
317 5315 360 5372 36·
980 5313 1002 5386 3)
1021 5312 1054 5367 A.
1074 5311 1187 5384 εμιιιω.

181 5407 204 5482 ²)
225 5408 298 5480 ΟΡΡ·
318 5425 346 5474 V»
363 5407 423 5462 151·
799 5417 804 5428 '
979 5403 1001 5476 ⁴)
1021 5399 1090 5456 Cod.
1110 5401 1262 5472 δόσκσιμπος.
