4022 6072
764 541 927 614 adversus
946 540 1180 616 Manichacus.
1706 559 1743 615 ba

198 715 363 802 αἱροῦνται.
389 710 503 775 ούκίτι
534 705 610 800 σάρξ
639 711 780 799 ἐμπαθὴς
814 716 941 776 ἀνιστα-

101 853 104 859 ν
198 819 286 910 μήνη,
299 817 392 908 φησὶν
409 823 424 881 ό
441 817 643 894 Ἀπόστολος,
660 809 730 884 οὐδὲ
747 819 834 907 παχύ
852 829 941 906 σῶμα

198 921 283 1002 αὖθις
309 925 388 1013 μετά
403 924 511 990 παθῶν
527 927 739 991 πολιτεύεται·
759 922 806 991 διὸ
830 926 941 1018 ἐπάγει

199 1043 281 1121 σαφῆ
314 1032 374 1104 τήν
406 1033 569 1122 ἑρμήνειαν
600 1043 658 1107 τῆς
687 1029 944 1122 ἑπαπόρρήσεως·

198 1132 275 1206 Ἰδού
291 1140 314 1223 ¹)
341 1141 510 1229 praeripier
534 1145 605 1220 ὑμῖν
629 1141 721 1231 λέγω·
746 1141 860 1216 πάντες
886 1141 941 1231 μὲν

198 1253 232 1314 ὀύ
256 1248 526 1339 κοιμηθησόμεθα,
550 1250 665 1325 πάντες
697 1243 730 1315 δὲ
763 1251 944 1341 ἀλλαγησό·

199 1353 288 1444 μεθα·
313 1357 394 1420 ὥστε
418 1349 598 1445 μεταύολήν
623 1349 731 1446 ἕξομεν
756 1366 785 1422 οἱ
802 1357 943 1431 σωθησό-

199 1489 296 1555 μενοι,
321 1468 371 1531 ἑπί
394 1490 466 1529 τινα
487 1467 621 1554 κρείττω
645 1467 801 1556 σωμάτων
825 1466 945 1532 κατάσ·

197 1597 300 1642 τασιν.
325 1575 386 1639 Καί
409 1585 499 1662 σῶμα
527 1575 582 1663 μὲν
606 1577 696 1640 ἔσται
726 1577 763 1640 τό
788 1579 823 1642 ἐκ
848 1600 946 1664 μετα-

198 1675 294 1758 ύολῆς
319 1674 480 1770 διδόμενον
505 1688 591 1772 ήμῖν,
610 1685 715 1748 ούκέτι
739 1676 772 1748 δὲ
792 1677 868 1773 σάρξ
886 1684 946 1754 καί

200 1785 279 1873 αἷμα
307 1787 450 1855 ἀσθενεία
473 1789 582 1854 παθεῖν
607 1792 885 1882 συμπεπλεγμένα,
911 1796 945 1856 ού

196 1897 256 1990 γάρ
279 1899 308 1963 εί
328 1923 361 1962 τι
385 1907 488 1986 σῶμα,
513 1909 607 1963 τοῦτο
630 1897 756 1975 πάντως
780 1901 834 1964 καί
859 1893 945 1990 σάρξ,

192 2007 205 2031 9

207 2011 297 2082 Ηλιος
321 2017 394 2097 γοῦν
418 2007 471 2070 καί
488 2008 604 2080 σελήνη
624 2009 678 2071 καί
694 2017 755 2083 πᾶς
774 2014 789 2071 ό
806 2009 945 2098 οὐράνιος

196 2115 287 2204 χορός
313 2123 403 2202 σῶμα
428 2113 483 2202 μὲν
514 2111 649 2178 καθόλου
674 2113 844 2204 τυγχάνει,
870 2109 946 2204 σάρξ

198 2215 231 2286 δὲ
255 2214 409 2310 οὐδαμῶς.
434 2221 593 2294 Τοιαύτην
623 2246 705 2298 τινα,
731 2223 834 2310 φησίν,
862 2214 944 2286 ἰδίαν

197 2328 333 2417 λήψεται
357 2330 393 2393 τὸ
419 2328 626 2416 ἀνιστάμενον
655 2337 756 2418 σῶμα,
782 2330 864 2394 ὥστε
887 2329 945 2406 τάς

196 2447 259 2502 τῶν
284 2440 379 2527 άγίων
404 2433 504 2525 ψυχάς
522 2437 714 2508 συνοικήσειν
732 2435 857 2524 σώματι
880 2441 945 2502 λοι-

195 2547 264 2624 πόν,
289 2547 394 2610 ούκίτι
418 2569 454 2635 γε
478 2555 594 2633 τροφῆς
623 2535 758 2634 δεομένῳ
784 2557 944 2634 σαρκικῆς,

195 2653 299 2719 ούκέτι
323 2644 357 2718 δὲ
380 2643 506 2727 ήδοναῖς
530 2677 567 2716 τε
591 2653 644 2716 καί
667 2652 778 2726 λύπαις
807 2651 860 2716 καί
885 2654 943 2714 ἀλ-

195 2752 326 2851 γηδόσιν
346 2761 539 2848 περίπτοντι,
557 2762 628 2822 ἀλλ’
646 2751 678 2823 εὖ
696 2759 784 2845 μάλα
801 2749 942 2846 ὁμοδόξῳ

195 2881 235 2954 τῇ
270 2865 354 2956 ψυχῇ
387 2867 612 2957 προσαπαντήν
644 2865 746 2931 ἔνθεον
777 2867 940 2954 λατρείαν·

196 2969 364 3068 μηδήποτε
395 2979 609 3053 άντιτείνοντι,
641 2974 858 3066 πεπαυμένωνΙ
879 2985 941 3039 τῶν

196 3083 423 3175 ἀγωνισμάτων
438 3084 492 3146 καί
507 3085 582 3172 πρός
598 3081 782 3145 ἀνάπαυλαν
804 3091 862 3155 τῆς
887 3079 942 3168 ψυ-

196 3201 255 3281 χῆς
276 3192 555 3280 ’ἀνακεχωρηκυίας
580 3180 719 3279 δόγματι
745 3192 833 3268 Θεοῦ.

240 3517 311 3582 'liri
334 3508 368 3582 δὲ
392 3515 513 3591 τούτοις
542 3509 705 3604 σαφηνίζει
730 3514 856 3579 ἅπαντα
885 3514 939 3578 τόν

194 3626 288 3717 λόγον
306 3626 358 3689 καὶ
374 3627 429 3689 τόν
446 3623 560 3714 τρόπον
581 3633 639 3698 τῆς
657 3621 853 3697 ἀναστάσεως
871 3614 941 3697 ἑξη-

194 3745 308 3825 γεῖται,
324 3733 426 3825 λέγων
444 3735 493 3797 ὅτι
511 3723 557 3797 δεῖ
571 3733 609 3796 τό
625 3729 760 3820 φθαρτόν
777 3740 872 3794 τοῦτο
897 3731 941 3793 ἓν·

195 3835 345 3908 δύσασθαι
370 3840 541 3931 ἀφθαρσίαν
566 3840 620 3904 καί
643 3840 680 3904 rb
705 3838 819 3912 θνητόν
844 3847 939 3902 τοῦτο

194 3941 379 4014 ἐνδύσασθαι
403 3947 585 4036 ἀφθαρσίαν.
603 3952 638 4010 Εἰ
662 3948 764 4010 τοίνυν
783 3945 821 4010 τό
845 3943 884 4032 φθ
911 3970 940 4034 ρ-

193 4061 247 4124 τόν
272 4069 366 4123 τοῦτο
390 4048 538 4140 ἐνδύεται,
564 4053 678 4132 ἀληθὲς
701 4055 737 4119 ἀν
764 4056 809 4128 εἴη
835 4054 883 4118 τό·
906 4055 939 4118 'll

196 4166 293 4256 φθορά
309 4165 369 4236 τὴν
384 4163 556 4254 ἀφθαρσίαν
570 4167 604 4228 ού
622 4168 819 4253 κληρονομεῖ.
835 4168 868 4227 Εἰ
884 4166 939 4254 μὲν

194 4272 253 4362 γάρ
278 4297 325 4348 τις
348 4281 442 4337 τοῦτο
459 4273 578 4361 ἔλεγεν,
595 4272 645 4335 ότι
661 4275 680 4343 ή
699 4263 775 4358 σάρξ
792 4269 858 4357 άμα
874 4283 939 4348 τοῖς

194 4377 339 4469 ἑμφύτοις
355 4377 482 4444 πάθεσιν
507 4372 592 4454 αὖθις
617 4381 780 4441 ἀναστᾶσα
796 4370 938 4456 ζήσεται,

193 4487 235 4553 τά
252 4485 334 4553 αύτά
356 4485 523 4576 πάσχουσά
546 4509 583 4550 τε
605 4485 659 4549 καί
683 4476 786 4575 δρῶσα
810 4485 876 4574 ἅμα
896 4498 936 4572 τῇ

193 4593 291 4686 ψυχῇ,
309 4597 364 4660 οὐκ
381 4597 497 4684 ἔχουσα
511 4592 633 4685 ἀγαθήν
647 4583 770 4662 ἐλπίδα.
784 4599 819 4658 lit
836 4587 869 4659 δὲ
886 4619 940 4683 με·

191 4697 332 4773 ταόυλὴν
358 4702 434 4766 αύτδ
459 4693 610 4774 δήτοῦτο
631 4693 786 4788 λαμύάνει
802 4703 940 4790 κρείττο-

192 4834 241 4886 νος
254 4808 308 4873 καί
322 4809 475 4898 μακαρίας
492 4801 593 4890 ἕξεως,
612 4809 687 4897 ὅπερ
705 4798 867 4884 δεικτικῶς
885 4833 941 4881 ση-

192 4920 294 5007 μαίνει
311 4917 446 5007 φάσκων·
473 4910 521 4982 δεῖ
543 4915 603 5008 γάρ
628 4917 665 4980 τό
683 4915 818 5005 φθαρτόν
844 4928 938 4981 τοῦτο

191 5019 376 5090 ἐνδύσασθαι
398 5023 569 5089 ἀθανασίαν
586 5025 639 5088 καί
655 5025 693 5089 ‘rb
711 5023 824 5097 θνητόν
842 5034 937 5089 τοῦτο

191 5125 376 5200 ἐνδύσασθαι
393 5129 573 5196 ἀθανασίαν.
592 5131 702 5194 Δικαία
720 5129 775 5218 μὲν
793 5140 847 5194 τοῦ
865 5154 938 5220 συγ-

228 5347 250 5426 ¹)
269 5365 281 5406 1
299 5347 364 5406 Cor.
383 5363 431 5420 xv,
450 5345 541 5404 51-53.

996 720 1087 800 gunt.
1100 715 1294 783 Nullatenus
1306 740 1379 785 caro
1393 722 1592 804 passionibus
1604 705 1759 790 obnoxia

995 823 1056 887 erit
1080 845 1266 908 resurgens,
1290 825 1395 909 inquit
1422 827 1613 911 Apostolus,
1637 852 1741 916 neque

995 951 1135 995 crassum
1158 951 1273 1014 eorpus
1294 931 1412 998 iterum
1434 955 1508 1000 cum
1530 936 1595 1001 suis
1618 937 1739 1003 morbis

996 1041 1209 1103 conversatur.
1234 1035 1389 1114 Quocirca
1403 1042 1603 1126 perspicuam
1626 1065 1741 1128 quaes·

996 1144 1092 1209 tionis
1126 1144 1423 1228 interpretationem
1457 1149 1585 1216 subdit:
1625 1151 1740 1220 ‘Eece

996 1251 1184 1335 mysterium
1195 1251 1285 1317 vobis
1297 1253 1383 1319 dico:
1401 1253 1518 1322 Omnes
1533 1259 1661 1341 quidem
1676 1282 1741 1326 non
1787 1337 1794 1348 .

997 1359 1206 1438 dormiemus,
1231 1360 1286 1425 sed
1317 1383 1425 1428 omues
1454 1363 1697 1433 immutabimur
1713 1418 1740 1447 ,.

998 1465 1090 1532 Unde
1113 1489 1171 1532 nos
1194 1468 1249 1551 qui
1272 1468 1351 1534 salvi
1368 1470 1469 1535 futuri
1492 1493 1610 1552 sumus,
1635 1479 1742 1540 muts·

999 1575 1117 1639 tionem
1134 1574 1349 1657 admittemus,
1366 1599 1534 1662 corporum
1551 1579 1691 1665 aliquam
1706 1582 1741 1648 in

1000 1679 1114 1746 melius
1130 1682 1403 1749 instaurationem.
1419 1684 1467 1752 Ae
1482 1707 1598 1770 corpus
1612 1688 1741 1771 quidem

1001 1789 1062 1854 erit
1074 1790 1158 1873 quod
1170 1790 1262 1854 nobis
1274 1791 1450 1857 mutatione
1462 1791 1520 1857 illa
1532 1792 1669 1884 dabitur,
1686 1795 1741 1862 sed

1001 1898 1129 1964 minime
1152 1922 1226 1966 earo
1250 1904 1282 1965 et
1306 1902 1435 1987 sanguis
1459 1925 1540 1987 quae
1569 1926 1642 1970 cum
1669 1926 1741 1988 pas·

1000 2007 1126 2072 sionum
1141 2007 1361 2074 imbecillitate
1383 2014 1549 2094 compacta
1568 2011 1643 2076 sint.
1665 2011 1742 2077 Non

1000 2117 1084 2180 enim
1107 2117 1169 2182 hoc
1192 2115 1261 2200 ipso
1284 2118 1368 2201 quod
1400 2140 1515 2204 corpus
1545 2121 1665 2204 aliquid
1688 2121 1741 2202 sit,

999 2207 1079 2290 illud
1103 2225 1253 2291 continuo
1269 2247 1342 2292 caro
1359 2231 1417 2292 est.
1435 2227 1489 2294 Sol
1507 2228 1600 2313 plane
1618 2235 1650 2296 et
1665 2229 1742 2296 luna

1000 2337 1033 2397 et
1056 2333 1158 2397 omnis
1174 2332 1319 2399 coelestis
1339 2333 1463 2415 chorus,
1481 2357 1596 2419 corpus
1612 2338 1741 2404 omnino

999 2445 1084 2521 sunt,
1108 2463 1182 2507 earo
1205 2446 1313 2506 autem
1342 2463 1553 2527 nequaquam.
1576 2443 1741 2528 Ejusmodi

998 2549 1146 2633 speciem,
1170 2550 1216 2614 ait
1243 2548 1428 2633 Apostolus,
1457 2555 1597 2616 assumet
1614 2541 1740 2635 ¹corpus

997 2654 1082 2738 quod
1098 2658 1264 2740 resurget;
1279 2655 1327 2722 ita
1349 2661 1386 2721 nt
1409 2660 1592 2723 sanctorum
1616 2657 1739 2724 animae

997 2784 1069 2828 cum
1082 2784 1213 2847 corpore
1226 2763 1360 2847 posthae
1372 2763 1564 2845 inhabitent,
1577 2764 1662 2849 quod
1677 2764 1736 2830 ali·

996 2874 1105 2935 mento
1128 2873 1235 2936 tamen
1252 2871 1409 2955 corporali
1429 2895 1493 2938 non
1509 2877 1613 2958 egeat,
1637 2894 1740 2957 neque

995 2975 1028 3040 in
1044 2975 1225 3062 voluptates
1241 2983 1297 3044 aut
1313 2978 1474 3045 molestias
1491 2984 1524 3045 et
1543 2979 1668 3045 dolores
1692 2980 1740 3044 in·

995 3087 1090 3166 cidat,
1117 3086 1173 3151 sed
1199 3086 1283 3152 belle
1307 3087 1428 3173 gloriae
1454 3109 1530 3155 suae
1561 3093 1740 3155 consortem

994 3193 1133 3259 animam
1144 3194 1176 3258 in
1190 3194 1331 3259 divinum
1344 3194 1467 3260 cultum
1479 3195 1662 3275 transferat,
1672 3194 1739 3260 sine

994 3297 1061 3364 ullo
1077 3300 1317 3383 impedimento,
1334 3301 1433 3366 finitis
1449 3301 1688 3382 certaminibus,
1703 3299 1736 3366 et

994 3406 1100 3471 anima
1116 3407 1242 3473 decreto
1258 3407 1319 3473 Dei
1335 3407 1368 3473 in
1384 3409 1526 3493 requiem
1542 3408 1695 3494 digressa.

1038 3514 1129 3580 Adde
1151 3515 1236 3599 quod
1260 3518 1364 3580 totum
1387 3515 1528 3581 declarat
1558 3537 1735 3580 sermonem

994 3625 1025 3685 et
1038 3621 1280 3687 resurrectionis
1297 3621 1425 3687 modum
1442 3621 1596 3703 edisserit,
1609 3621 1733 3688 dicens:

996 3729 1183 3806 “Quoniam
1207 3733 1336 3813 oportet
1365 3729 1573 3814 corruptibile
1603 3730 1664 3796 hoc
1687 3730 1737 3795 in·

993 3839 1088 3904 duere
1110 3839 1392 3923 incorruptionem,
1409 3843 1442 3904 et
1458 3838 1592 3904 mortale
1608 3839 1670 3906 hoe
1689 3839 1739 3906 in·

993 3947 1091 4012 duero
1106 3945 1383 4012 immortalitatem
1401 3995 1426 4025 ,.
1449 3945 1482 4012 Si
1499 3965 1576 4031 ergo
1592 3945 1652 4012 hoc
1669 3967 1739 4012 cor·

994 4053 1147 4139 ruptibile
1163 4053 1277 4135 induit,
1293 4075 1402 4118 verum
1416 4058 1447 4120 et
1460 4053 1520 4119 hoe
1533 4057 1618 4120 esto:
1640 4055 1652 4086 '¹
1666 4053 1740 4118 Gor

994 4162 1103 4245 ruptio
1115 4160 1453 4246 incorruptibilitatem
1466 4161 1663 4226 haereditate
1674 4181 1738 4226 non

993 4268 1117 4334 obtinet
1135 4319 1161 4348 ,.
1184 4265 1270 4334 Nam
1294 4267 1322 4332 si
1345 4267 1503 4352 quispiam
1525 4267 1585 4334 hoc
1608 4266 1737 4346 diceret,

993 4375 1079 4460 quod
1100 4396 1174 4440 caro
1198 4397 1260 4440 una
1284 4396 1356 4440 cum
1372 4373 1476 4439 insitis
1491 4374 1525 4438 in
1546 4396 1583 4438 ea
1599 4372 1739 4440 affectio·

993 4486 1086 4551 nibus
1101 4505 1281 4569 resurgens,
1297 4483 1422 4550 victura
1434 4484 1476 4548 sit
1489 4484 1598 4549 cadem
1611 4482 1738 4567 patiens
1772 4486 1777 4497 “

993 4600 1026 4661 et
1041 4615 1150 4680 agens,
1167 4616 1237 4658 cum
1255 4593 1361 4658 anima
1376 4596 1586 4657 consentanea
1601 4612 1665 4656 non
1688 4613 1738 4655 es-

992 4706 1058 4782 set,
1082 4722 1138 4785 spe
1162 4701 1245 4766 bona
1272 4699 1438 4765 frustrata.
1463 4697 1519 4764 Sin
1549 4719 1625 4763 vero
1656 4696 1737 4761 illud

992 4811 1096 4894 ipsum
1113 4809 1226 4892 recipit
1242 4809 1452 4873 mutationem
1467 4807 1501 4871 in
1524 4804 1687 4872 meliorem
1705 4809 1738 4870 et

992 4918 1118 4984 felicem
1140 4919 1278 4996 statam,
1302 4914 1362 4981 hoc
1387 4915 1517 4999 egregie
1540 4914 1737 4978 demonstrat

992 5030 1026 5090 ta
1041 5026 1190 5109 loquens:
1217 5022 1385 5108 “Oportet
1408 5023 1492 5088 enim
1515 5019 1737 5105 corruptibilei

991 5131 1053 5198 hoe
1075 5133 1206 5198 induere
1227 5130 1519 5214 incorruptionem,
1544 5131 1577 5193 et
1600 5126 1737 5192 mortale
