4006 6074
679 453 831 533 Jooaues
858 455 904 534 E.
936 453 983 534 R.
1013 453 1193 534 Diaconos
1656 467 1709 527 115

155 630 255 701 nnllis
278 631 376 702 etiem
399 636 488 700 extre
510 631 675 700 eeclesiam
697 633 870 718 baptizatis
892 655 956 700 non
979 633 1117 700 defuerit
1138 631 1299 720 pinguedo
1323 634 1504 718 eharitatis,
1526 636 1704 721 posteriore

157 748 315 828 tempore,
338 741 430 827 qussi
452 761 596 826 vespere,
620 763 708 806 more
732 740 910 823 columboe,
933 745 1087 827 tanquam
1111 743 1145 807 in
1163 741 1307 809 osculum
1322 743 1410 827 panis
1433 743 1472 809 ad
1495 743 1629 810 unitatis
1651 766 1705 812 so·

157 851 309 918 oietetem
332 872 424 936 posse
447 849 588 935 perduoi.
613 847 705 925 Quod
723 853 796 933 post
812 853 937 934 septem
954 850 1033 916 elios
1049 849 1108 916 diis
1125 850 1262 931 dimisse,
1286 872 1413 916 reverse
1436 872 1501 916 non
1524 855 1581 933 est,
1605 851 1710 936 signi-

157 961 236 1027 ficat
260 958 378 1044 [finem]
402 957 532 1039 saeculi,
557 957 685 1042 quando
709 958 771 1022 erit
787 962 970 1025 snnotuum
987 958 1123 1043 requies,
1140 979 1204 1024 non
1220 958 1323 1025 adhue
1345 957 1378 1023 in
1402 963 1601 1025 seoromento
1625 981 1711 1044 spes,

157 1069 214 1134 sed
233 1068 302 1152 jam
324 1067 357 1133 in
379 1067 450 1152 ipsa
472 1065 647 1133 refectione
671 1065 797 1132 salutis.

700 1385 896 1458 SANCTUS
920 1388 1181 1458 AMBROSIUS.

207 1607 277 1674 Fol.
303 1605 366 1673 103
380 1607 408 1674 b.
433 1605 558 1675 Beatus
580 1605 773 1674 Ambrosius
795 1607 832 1672 ia
855 1607 937 1674 libro
953 1607 992 1674 da
1011 1609 1169 1694 azortyrio
1192 1608 1373 1692 Apriooloe.
1398 1646 1440 1657 -
1467 1612 1480 1643 ⁸
1498 1609 1573 1676 Non
1595 1631 1712 1695 coques

160 1737 284 1802 agnum
306 1717 392 1800 (oum
414 1716 532 1782 habeat
554 1715 723 1783 Hebraeus
745 1716 895 1800 hoedum)
919 1717 952 1784 in
975 1717 1059 1784 lacte
1083 1718 1196 1784 metris
1219 1740 1295 1785 snae
1312 1766 1338 1799 „
1362 1719 1423 1786 hoo
1450 1723 1499 1785 est
1522 1740 1586 1785 non
1616 1718 1713 1784 debet

161 1845 284 1912 egnum
306 1824 410 1908 illum,
434 1825 547 1911 inquo
563 1829 613 1892 est
629 1824 796 1910 plenitudo
812 1824 999 1908 divinitatis,
1016 1825 1205 1893 conditionis
1220 1827 1379 1893 humanae
1394 1827 1516 1894 viribus
1532 1827 1714 1894 aestimare.

838 2047 1042 2128 RUFINUS.

209 2258 280 2327 Fol.
304 2259 357 2324 94.
382 2257 525 2342 Rufinus
547 2259 584 2324 ia
607 2257 690 2325 libro
713 2256 757 2324 ΙΙ
778 2259 817 2324 de
837 2259 902 2342 fide
915 2254 953 2337 ¹).
971 2294 1013 2306 -
1029 2258 1173 2344 Populus
1195 2259 1295 2326 Israel
1311 2259 1344 2326 in
1368 2259 1517 2327 columna
1538 2259 1633 2326 nubis
1655 2283 1715 2345 per

165 2369 251 2434 diem
274 2371 307 2434 et
329 2389 389 2452 per
410 2373 537 2434 noctem
559 2367 593 2432 in
616 2366 765 2434 columna
789 2367 893 2452 ignis,
917 2367 994 2450 quis
1017 2366 1081 2433 dux
1103 2367 1227 2434 itineris
1249 2369 1477 2453 praecedebat,
1500 2372 1538 2434 nt
1561 2368 1715 2453 baptismi

167 2477 308 2562 gratiam
330 2497 389 2560 per
410 2475 540 2554 nubem,
564 2479 597 2540 et
619 2474 702 2541 dona
726 2474 867 2560 Spiritus
890 2475 993 2542 saneti
1016 2496 1074 2560 per
1100 2475 1210 2561 ignem
1232 2476 1432 2558 ostenderet,
1452 2477 1529 2561 quia
1551 2475 1715 2561 apostolus

166 2583 287 2650 Paulus
309 2584 343 2650 in
366 2584 467 2650 nubes
490 2587 600 2670 petros
622 2583 805 2670 baptizatos
828 2585 950 2666 scribit,
967 2589 1000 2651 et
1023 2583 1181 2670 Spiritum
1195 2585 1278 2652 siout
1293 2585 1378 2671 ignis
1400 2607 1469 2652 esse
1491 2585 1711 2671 apostolorum
1750 2607 1751 2610 ’

166 2696 240 2759 note
262 2691 438 2759 declarant.

816 2905 1077 2976 EUOHERIUS.

168 3121 225 3190 fol.
295 3122 326 3188 4.
380 3119 419 3188 In
442 3121 558 3190 Genesi
582 3124 746 3207 quaest2
773 3174 1394 3193 ............
1441 3125 1564 3194 Potrot.
1588 3145 1611 3208 1,
1637 3127 1714 3192 774.

169 3231 227 3297 fol.
296 3232 358 3297 th.
382 3230 421 3297 Iu
443 3229 557 3298 Genesi
581 3231 639 3296 sub
662 3231 760 3297 titulo
782 3250 821 3295 111
846 3232 998 3315 (brevius)
1003 3281 1396 3299 ........
1503 3283 1515 3311 ,
1639 3232 1718 3299 ibid.

170 3321 1514 3420 orammmmmMm.m.mss„
1641 3341 1718 3408 m

173 3447 232 3515 fol.
281 3449 322 3513 12
337 3448 365 3514 b.
396 3447 459 3514 Ubi
481 3467 593 3531 supro.
617 3469 688 3514 eum
709 3447 777 3531 jam
793 3447 833 3514 ad
853 3469 906 3514 eos
926 3447 1114 3531 judicandos
1137 3449 1273 3527 veniens,
1297 3447 1400 3514 adhue

440 3559 514 3621 ante
529 3554 762 3639 poenitentiam
778 3576 888 3622 eorum
903 3553 1131 3620 deambulabat
1146 3553 1179 3619 in
1193 3552 1345 3620 Perediso
1357 3553 1398 3620 ed

439 3684 616 3746 vesperem,
640 3663 673 3728 id
696 3665 745 3728 est
768 3664 859 3748 quasi
882 3662 1071 3728 movebatur
1093 3663 1127 3727 in
1151 3663 1196 3729 eis
1218 3662 1400 3747 praesentia

439 3771 509 3853 Dei,
533 3771 659 3856 quando
679 3771 746 3857 jam
769 3771 833 3857 ipsi
855 3769 987 3837 stabiles
1002 3771 1035 3836 in
1054 3770 1123 3856 ejus
1138 3773 1311 3855 praecepto
1334 3791 1398 3836 non

440 3883 541 3946 erant.
564 3878 608 3945 Et
632 3880 775 3946 bonoad
798 3901 973 3966 vesperam,
990 3879 1086 3945 idest
1109 3899 1208 3963 quum
1224 3877 1315 3944 abest
1338 3876 1397 3960 sol,

440 3987 613 4068 oooideret3
636 3987 698 4054 hoo
720 3991 769 4054 est
792 3986 1000 4054 auferebatur
1022 3987 1063 4054 ab
1079 3986 1144 4073 illis
1159 3986 1217 4053 lux
1236 3985 1293 4054 illo
1315 3986 1401 4054 inte·

442 4095 508 4162 rior
530 4095 685 4162 veritatis.

174 4203 232 4271 fol.
280 4203 321 4269 18
335 4204 364 4270 b.
395 4201 458 4271 Ubi
479 4223 581 4286 supro
611 4251 1396 4272 ...............
1505 4251 1517 4284 ,

174 4311 231 4380 fol.
280 4313 320 4378 19
334 4311 363 4378 t.
387 4309 504 4397 Spinoe
527 4315 560 4378 et
582 4310 695 4378 tribuli
718 4316 793 4378 snut
809 4311 991 4397 punitiones
1007 4309 1223 4377 tortuosorum
1240 4311 1401 4395 quaestio·

441 4441 529 4501 num,
546 4422 604 4486 out
618 4419 831 4506 cogitationes
846 4417 885 4485 de
897 4417 1078 4504 provisione
1094 4417 1190 4504 hujus
1204 4417 1299 4501 vitae,
1316 4438 1399 4502 quae

443 4527 635 4614 plerumque
666 4527 728 4594 nisi
758 4528 959 4613 extirpentur
981 4530 1015 4593 et
1043 4525 1083 4592 de
1109 4547 1189 4612 agro
1213 4527 1273 4594 Dei
1303 4526 1405 4612 proji-

445 4637 573 4704 ciantur
594 4635 753 4704 suffocant
768 4637 911 4719 verbum,
927 4656 968 4702 ne
984 4633 1157 4702 fruetifioet
1172 4634 1206 4700 in
1226 4634 1399 4702 hominem.

175 4743 233 4813 fol.
280 4745 334 4812 28.
385 4743 424 4812 In
448 4743 600 4810 Genesim
622 4765 654 4828 q.
680 4744 721 4810 18
725 4789 1012 4812 ......
1037 4791 1038 4796 1
1060 4789 1401 4809 .......
1509 4791 1521 4820 ,
1635 4738 1721 4806 777.

175 4854 232 4921 fol.
279 4855 333 4921 32.
385 4852 425 4919 In
447 4851 624 4920 Leuitioum
669 4899 1401 4920 ...............
1508 4899 1521 4930 ,
1647 4848 1722 4913 781.

175 4961 232 5027 101.
258 4962 332 5027 106.
386 4960 424 5026 In
448 4959 628 5026 Levitioum
670 5005 1401 5025 ..............
1509 5005 1521 5036 ,
1648 4954 1724 5022 780.

176 5068 233 5136 fol.
259 5069 332 5134 130.
387 5068 425 5134 In
448 5067 735 5134 Deuteronomium
783 5115 1403 5133 ............
1510 5113 1522 5144 ,
1647 5063 1724 5130 782.

215 5296 237 5372 ¹)
255 5295 342 5356 Unus
361 5303 462 5357 exstet
475 5299 629 5358 sublectus
641 5297 712 5356 fidei
723 5297 799 5360 liber
810 5297 920 5358 Rufino
937 5297 1016 5358 male
1029 5295 1184 5371 ascriptus,
1204 5295 1235 5354 in
1254 5311 1312 5371 quo
1330 5293 1404 5353 nihil
1423 5295 1461 5353 ad
1479 5299 1583 5352 nostre
1601 5291 1725 5354 aooedit·
