3978 6070
696 556 803 630 Varia
820 557 970 630 vitarum
989 559 1211 652 εωεκιρῑοιίο.

448 746 492 809 -ζ-
514 733 665 823 ἑλομένην
691 734 757 817 βίον
775 733 905 798 ἀλλοίαν
929 729 1100 824 γίγνεσθαι·
1119 729 1161 796 τά
1178 723 1206 796 6'
1223 732 1307 820 ἄλλα
1332 736 1392 798 ἀλ·
1413 748 1459 812 ÷

447 855 491 917 ÷
514 842 622 918 λήλοις
645 865 682 905 τε
706 841 760 904 καί
782 839 929 917 πλούτοις
946 841 1000 904 καὶ
1015 841 1146 925 πενίαις,
1162 838 1204 904 τά
1229 830 1262 906 δέ
1284 841 1394 926 νόσοις,
1419 856 1462 920 -·,-

447 963 491 1025 ÷
514 948 556 1014 τά
574 941 606 1015 δὲ
621 951 749 1040 ὑγιείαις
767 947 942 1039 μέμιχθαι],
955 947 997 1014 τά
1015 940 1048 1014 66
1063 948 1117 1012 καί
1134 959 1246 1038 μεσοῦν
1262 950 1394 1019 τούτων.
1418 965 1463 1029 -ζ-

226 1166 288 1244 Τάς
312 1157 486 1243 πολυειδεῖς
503 1169 656 1252 τῶνβίων
674 1157 920 1298 έξαλλαγάςδια
936 1191 1068 1252 τουτων,
1085 1170 1188 1233 οποῒαι
1206 1192 1286 1244 τινε,
1311 1171 1326 1231 6
1352 1166 1445 1257 μῦθος
1462 1161 1648 1259 εμφανιίων
1674 1168 1729 1234 καί

140 1297 152 1334 ⁵
181 1277 248 1366 ἅμα
271 1268 432 1355 δηλῶν,
412 1301 463 1343 οτι
486 1286 590 1352 τοῖςε
577 1279 718 1340 ε’ίεσιν
710 1299 740 1340 εν
765 1275 888 1353 τούτοις
911 1286 974 1341 τῶν
992 1271 1077 1356 ζωῶν
1103 1277 1156 1342 και
1171 1303 1213 1342 τα
1229 1301 1264 1343 εκ
1279 1287 1371 1342 του
1350 1301 1468 1354 παντες
1492 1275 1729 1368 ἐπικλωθόμενα

181 1387 430 1473 συμπέπλεκται,
443 1383 515 1460 τούς
529 1379 664 1473 μενθ)
636 1408 713 1449 ειναι
729 1408 821 1474 φησιν
840 1409 870 1450 εν
887 1395 953 1462 τοις
971 1411 1056 1476 παρ
1037 1377 1248 1478 δειγμασιν
1237 1409 1361 1462 ενεινοι
1366 1397 1451 1470 τοις
1466 1411 1507 1463 εις
1520 1395 1581 1477 γην
1594 1385 1681 1452 τεθ
1669 1397 1727 1451 ῖσιν

180 1493 352 1585 ἔμπροσθεν
376 1503 438 1558 τῶν
463 1492 712 1584 κληρωσαυενων
729 1487 816 1571 ζωων
834 1494 962 1560 πάντων
981 1496 1064 1578 βιου,
1080 1519 1143 1560 των
1160 1494 1276 1578 αλλων
1294 1494 1365 1571 τούς
1353 1487 1416 1560 δε
1432 1494 1650 1585 ανθρωπινου
1673 1494 1728 1559 καί

180 1615 275 1669 τοῦτο
300 1603 355 1691 μέν
380 1608 420 1678 είς
445 1594 582 1677 δήλωσιν
613 1613 676 1668 τῶν
700 1602 771 1667 κατ’
796 1593 874 1677 εἶδος
899 1593 1087 1666 διεστώτων.
1118 1603 1230 1667 Λοιπὸν
1256 1549 1289 1668 66
1312 1601 1369 1679 τάς
1394 1604 1492 1679 ἄλλας
1523 1601 1727 1694 προστίθησιν

182 1705 338 1803 διαφοράς,
363 1709 425 1778 οἷον
449 1703 649 1802 τυραννίδων,
673 1709 692 1784 6
719 1703 770 1776 διά
796 1713 864 1795 βίου
880 1703 1108 1798 σωζομένων,ή
1132 1703 1250 1800 μεταξύ
1276 1701 1529 1801 διακοπτομένων
1553 1709 1638 1775 κατά
1663 1701 1729 1776 δια-

182 1821 290 1910 φόρους
303 1821 512 1910 περιπετείας,
526 1820 579 1884 καί
594 1811 764 1911 εὐδοκίμων
781 1819 886 1886 ἄλλων
906 1819 980 1903 βίων
998 1819 1163 1908 εὐγενείαις
1179 1825 1183 1907 1
1199 1817 1354 1906 σωμάτων
1372 1819 1590 1910 κρειττόνων...
1607 1811 1730 1900 ζώδει...

180 1916 426 2018 παραδείγματα
451 1979 459 1994 .
474 1980 481 1994 .
496 1979 503 1994 .
516 1951 570 1991 ται

182 2147 205 2212 ί.
232 2147 306 2224 155,
330 2146 366 2210 in
388 2146 505 2211 lacuna
529 2146 548 2210 5
573 2167 677 2211 versa
702 2143 756 2207 καὶ
778 2153 844 2218 τοῖς
868 2141 975 2219 ἄλλοις
989 2194 996 2210 .
1012 2195 1042 2210 ..
1065 2143 1198 2219 ἐκείνους
1218 2147 1259 2219 εἰς
1284 2145 1397 2234 αἵρεσιν
1415 2145 1565 2228 βίους...
1590 2143 1730 2222 εἰπόντος

182 2264 236 2319 τοῦ
261 2253 423 2344 προφήτου
448 2251 489 2317 τά
512 2255 721 2342 προειρημένα
746 2250 874 2342 ῥήματα
898 2251 1009 2340 ὁμοίως
1027 2256 1066 2326 ὡς
1083 2263 1152 2326 ταῖς
1177 2249 1380 2342 ἀνθρωπίναις
1405 2249 1530 2342 ψυχαῖς,
1554 2253 1652 2330 ούτως
1675 2253 1730 2318 καί

182 2373 250 2438 ταῖς
274 2373 336 2425 τῶν
362 2361 467 2425 ἀλλων
492 2353 588 2440 ζώων·
613 2358 631 2433 6
658 2361 707 2424 ότι
732 2360 830 2448 μόνως
857 2359 910 2446 μέν
935 2364 964 2423 οἱ
986 2358 1076 2449 λόγοι
1098 2361 1173 2448 πρός
1189 2358 1247 2435 τάς
1269 2359 1459 2450 ἀνθρωπίνας
1483 2358 1584 2451 ψυχάς
1608 2362 1662 2426 καί
1685 2359 1727 2426 τά

181 2461 425 2560 παραδείγματα
449 2477 510 2532 τῶν
530 2469 604 2551 βίων
620 2467 784 2557 πρόκειται
801 2465 942 2542 ταύταις·
961 2468 1052 2531 ἔνεισι
1069 2457 1102 2532 66
1124 2472 1155 2532 έν
1174 2466 1297 2544 τούτοις
1315 2467 1499 2558 ἀνθρώπινοί
1517 2493 1555 2534 τε
1581 2470 1642 2554 βίοι
1665 2479 1728 2533 τῶν

181 2583 318 2668 λογικῶν
342 2575 448 2668 ψυχῶγ
473 2577 527 2640 καί
551 2567 684 2654 ζωώδεις
711 2580 752 2651 είς
776 2579 878 2640 έκεῖνα
901 2574 943 2640 τά
967 2569 1032 2654 ζῶα
1057 2574 1310 2666 μεθισταμένων,
1335 2578 1389 2642 καί
1412 2579 1523 2667 ὁμοίως
1548 2583 1589 2654 είς
1613 2577 1729 2664 πάντα,

181 2687 235 2750 καί
259 2685 350 2775 μέχρι
372 2695 434 2749 τῶν
458 2683 611 2774 έσχάτων.
637 2683 716 2748 ’Ότι
742 2682 796 2774 μὲν
822 2676 873 2747 σύν
890 2683 944 2747 καί
960 2687 994 2748 έκ
1010 2693 1073 2748 τῶν
1091 2684 1214 2775 ἀλόγων
1230 2686 1304 2751 εἰσίν
1321 2696 1384 2750 τῶν
1408 2683 1514 2777 ψυχῶν
1540 2681 1729 2776 μετατάξεις

182 2801 222 2871 εἰς
248 2793 360 2886 ἄλογα,
377 2803 439 2858 τῶν
460 2795 574 2885 ἀγρίων
600 2797 641 2869 είς
657 2791 699 2856 τά
716 2793 827 2882 ήμερα,
845 2792 899 2856 καί
914 2800 977 2856 τῶν
994 2791 1117 2882 ἡμέρων
1134 2797 1175 2869 εἰς
1193 2792 1234 2858 τά
1253 2793 1438 2884 ἀγριώτερα,
1458 2794 1512 2859 καί
1535 2799 1570 2859 ἐκ
1594 2800 1730 2888 λογικῶν

182 2909 222 2981 εἰς
247 2903 364 2993 ἄλογα,
390 2901 444 2966 καί
466 2895 498 2980 ἐξ
523 2901 646 2992 ἀλόγων
671 2906 712 2976 εἰς
736 2899 868 2991 λογικά,
892 2899 1032 2991 καθάπερ
1057 2903 1111 2965 καί
1135 2905 1169 2966 ἐκ
1196 2906 1331 2992 λογικῶν
1355 2907 1397 2979 εἰς
1421 2902 1536 2994 λογικά
1566 2913 1730 2994 τετραχῶς

181 3013 372 3101 πλεκόμενα,
398 3011 505 3100 μικρόν
522 3011 648 3099 ὕστερον
667 3014 761 3074 αύτοῦ
777 3009 926 3100 λέγοντος
943 3009 1141 3098 ἀκουσόμεθα
1159 3022 1271 3100 σαφῶς.
1288 3017 1324 3075 Εἰ
1344 3002 1378 3076 66
1401 3022 1495 3077 τοῦτο
1519 3011 1643 3098 ἀληθὲς,
1659 3017 1731 3077 κάν-

182 3120 283 3186 ταῦθα
307 3120 379 3196 τούς
403 3144 440 3185 τε
463 3129 526 3183 τῶν
550 3119 676 3183 πάντων
704 3121 786 3203 βίους
809 3112 907 3198 ζώων,
932 3118 985 3181 καί
1009 3117 1081 3194 τοὺς
1105 3116 1312 3209 ἀνθρωπίνους
1327 3118 1474 3211 λέγεσθαι
1490 3121 1630 3209 φήσομεν
1647 3125 1733 3186 ἀντι-

183 3220 424 3317 διεσταλμένως,
441 3233 480 3304 ὡς
498 3237 559 3291 τῶν
576 3251 613 3291 τε
634 3227 757 3317 ἀλόγων
774 3225 845 3291 κατ’
871 3217 937 3300 είδη
964 3217 1150 3317 διαφέροντα
1173 3225 1259 3316 παρά
1282 3238 1338 3291 τοῦ
1362 3228 1479 3303 παντὸς
1503 3229 1730 3318 ὑφισταμένων,

183 3337 320 3402 καὶτῶν
343 3333 510 3425 ἀνθρώπων
534 3333 603 3398 καθ’
628 3337 754 3424 ἑτέραν,
778 3335 832 3398 καί
860 3334 981 3399 τούτων
1006 3335 1187 3425 ἀμφοτέρων
1218 3339 1249 3400 ἑν
1273 3346 1342 3412 ταῖς
1367 3347 1530 3425 κοσμικαῖς
1554 3347 1730 3427 περιφοραῖς

182 3446 426 3534 περιεχομένων,
450 3443 580 3508 καὶτοῦ
612 3443 774 3532 προφήτου
804 3440 1003 3532 προτιθέντες
1026 3442 1175 3534 ἑκάτερα,
1200 3435 1282 3508 διότι
1313 3443 1366 3509 καί
1389 3442 1503 3534 ψυχαῖς
1527 3443 1729 3535 ἀνθρωπίναις

182 3553 266 3619 ἐστίν
291 3555 352 3618 ἀπὸ
375 3551 438 3617 τῶν
463 3551 659 3642 ἀνθρωπίνων
683 3555 723 3626 εἰς
747 3550 819 3627 τούς
844 3552 967 3616 ἐκείνων
994 3552 1075 3635 βίους
1100 3549 1309 3641 μετάστασις,
1333 3551 1386 3615 καί
1410 3551 1530 3618 τούτων
1555 3546 1606 3618 σύν
1630 3577 1731 3643 παρα-

183 3653 342 3753 δείγματα
363 3660 546 3751 προκεῖσθαι
569 3670 638 3736 ταῖς
662 3660 828 3751 ήμετέραις
855 3660 962 3750 μόναις
986 3657 1116 3750 ψυχαῖς,
1142 3657 1187 3736 αἷς
1211 3659 1265 3724 καί
1288 3658 1458 3750 ἔμπροσθεν
1484 3651 1653 3753 διελέγετο,
1676 3660 1730 3725 καί

182 3765 224 3836 ὧν
247 3775 455 3862 προύκαλεῖτο
479 3768 536 3847 τάς
561 3769 690 3860 αἱρέσεις
714 3771 795 3835 ὥστε
817 3769 999 3860 πρόκεινται

181 3991 205 4056 f.
225 3991 288 4055 155
313 4013 356 4069 v.‚
374 3988 507 4074 gravior
529 3987 647 4054 lacuna
664 3989 682 4053 7
699 4009 801 4054 vera:
820 3984 886 4075 [μὲν
905 3984 1029 4076 ἀλόγων
1047 3985 1108 4070 βίοι
1128 3983 1181 4048 καί
1204 3989 1351 4075 λογικῶν,
1377 3983 1446 4050 ἀλλ’
1472 3985 1563 4051 ἕνεκα
1585 3997 1644 4062 τῆς
1668 3995 1730 4050 τῶν

181 4099 329 4188 λογικῶν]
357 4095 509 4185 αἱρέσεως,
534 4093 553 4167 6
573 4095 635 4159 ἀπό
655 4097 727 4178 [τῶν
745 4092 940 4184 ἀνθρωπίνων
960 4095 1033 4178 βίων
1050 4093 1262 4183 καλουμένων]
1281 4090 1337 4168 τάς
1360 4093 1499 4183 αἱρέσεις,
1524 4092 1542 4167 6
1569 4095 1630 4158 ἀπὸ
1656 4095 1731 4180 [τῶν

182 4205 305 4296 ἀλόγων
328 4196 425 4280 ζώων·
451 4203 505 4268 τόν
532 4202 597 4292 μὲν]
618 4200 678 4293 γάρ
703 4205 733 4267 ἐν
757 4213 823 4278 τοῖς
848 4203 973 4292 ἀλόγοις
1001 4193 1143 4287 [δυνατόν
1157 4200 1184 4288 ²)
1207 4203 1341 4288 ἐκεῖναι]
1364 4202 1491 4292 αἱρέσεις
1508 4193 1542 4268 δέ
1566 4193 1730 4267 ἀδύνατον·

180 4315 263 4402 εἴπερ
289 4315 318 4399 [6
346 4315 459 4401 αἵρεσις
483 4313 644 4401 ἐπίβκρισίς
668 4315 736 4376 ἐστι
751 4299 902 4375 πλειόνων
920 4316 961 4386 εἰς
977 4311 1042 4385 ἑνός
1066 4311 1212 4400 ἐκλογήν.
1238 4314 1273 4373 Εἰ
1290 4301 1323 4375 δέ
1343 4310 1397 4374 καί
1420 4310 1474 4374 τόν
1500 4311 1631 4399 Τίμαιον
1656 4333 1733 4397 συμ-ι

181 4414 360 4508 παραλάύοι
376 4423 423 4496 τίς
441 4412 492 4485 διά
509 4421 605 4511 μόνης
622 4430 679 4494 τῆς
696 4424 825 4509 λογικῆς
843 4415 956 4508 ψυχῆς,
970 4417 1022 4484 καί
1035 4429 1098 4495 τοῖς
1113 4419 1238 4508 ἀλόγοις
1251 4427 1344 4482 πᾶσιν
1359 4409 1487 4482 διδόντα
1506 4417 1564 4488 τήν
1582 4415 1730 4507 ψύχωσιν,

183 4530 230 4593 ἔτι
255 4533 374 4616 μᾶλλον
400 4528 435 4592 ἀν
461 4527 598 4602 πεισθείη
621 4528 726 4594 πάντα
743 4525 784 4592 τά
801 4517 1047 4618 παραδείγματα
1062 4527 1116 4592 καί
1140 4527 1262 4618 ἀλόγων
1286 4526 1340 4590 καί
1362 4530 1497 4616 λογικῶν
1522 4521 1634 4614 ψυχαῖς
1657 4549 1732 4613 προ-

183 4634 303 4700 κεῖσθαι
325 4640 466 4727 λογικαῖς
483 4636 502 4708 6
519 4640 653 4727 λογικῶς
669 4629 854 4724 ζησομέναις
873 4636 925 4700 καί
942 4629 1111 4716 σωζούσαις
1133 4636 1187 4700 τόν
1212 4633 1383 4725 ἄνθρωπον,
1400 4633 1418 4706 6
1438 4631 1731 4723 ἀλογωθησομέναις

183 4742 237 4807 καί
259 4745 496 4834 ἐκπεσουμέναις
521 4747 565 4821 είς
586 4771 618 4810 τι
634 4756 696 4810 τῶν
713 4745 859 4834 χειρόνων
882 4738 979 4822 ζώων·
1005 4743 1089 4809 ἀλλά
1112 4755 1206 4810 τοῦτο
1228 4743 1283 4832 μέν
1300 4735 1424 4819 διαίτης
1441 4744 1552 4831 ἔτυχεν
1578 4741 1731 4831 ἀρκούσης

183 4851 257 4940 πρός
275 4851 312 4916 τό
335 4853 450 4943 παρόν·
479 4858 541 4916 “Εἰ
566 4845 599 4918 66
623 4843 660 4924 δή
687 4853 752 4936 καί,
776 4853 880 4942 φησίν,
904 4849 1006 4943 ψυχῆς
1031 4843 1064 4918 δέ
1087 4845 1177 4930 τάξιν
1202 4851 1244 4941 μή
1271 4856 1393 4928 ἐνεῖναι,
1418 4841 1470 4914 διά
1492 4851 1529 4914 τό
1554 4850 1731 4940 ἀναγκαίως

184 4961 278 5050 ἔχειν,
302 4961 399 5026 ἄλλον
417 4962 567 5050 ἑλομένην
587 4963 653 5046 βίον
670 4963 799 5026 ἀλλοίαν
815 4959 841 5048 ³)
865 4960 1026 5053 γίγνεσθαι
1040 5013 1066 5043 ,,
1091 4959 1220 5050 φανερόν
1244 4953 1400 5049 οἶμαικαὶ
1424 4950 1475 5023 διά
1498 4957 1618 5024 τούτων
1635 4962 1731 5042 ἐστιν,

184 5075 223 5146 ὡς
241 5068 299 5158 ἀρα
316 5070 459 5160 περὶτῆς
476 5072 630 5160 ἡμετέρας
647 5073 715 5136 ἐστὶ
733 5067 834 5159 ψυχῆς
851 5074 867 5133 6
883 5070 986 5162 λόγος,
1003 5075 1043 5145 ὡς
1060 5067 1144 5133 κατά
1159 5067 1215 5144 τάς
1239 5072 1352 5143 ἑαυτῆς
1377 5067 1505 5158 αἱρέσεις
1530 5090 1732 5157 μεταταττο-

221 5319 244 5392 ¹)
263 5319 297 5375 A.
319 5321 360 5372 τοῦ
380 5318 424 5389 μέν
500 5347 536 5359 -
554 5317 577 5391 ²)
596 5318 632 5374 A.
649 5317 670 5373 f.
689 5319 733 5374 86.
983 5318 1039 5374 bus
1065 5317 1183 5390 punctis
1209 5317 1247 5374 ad
1274 5317 1505 5392 expungendum
1524 5339 1555 5374 τι.
1580 5317 1728 5376 Neutrum

220 5409 244 5484 3)
264 5413 365 5464 ἁλιείαν
387 5431 412 5463 τι
431 5408 465 5465 A
485 5408 516 5464 in
535 5407 598 5465 006
612 5413 713 5462 ἀλλιίιν
727 5430 758 5476 τι,
772 5425 839 5464 oum
859 5407 929 5464 duo·
984 5413 1084 5466 exstat
1103 5425 1193 5482 supra
1212 5407 1291 5481 apud
1309 5407 1472 5464 Platonem.
