3978 6070
708 523 779 597 Οαα
797 521 992 598 Parcarum
1009 521 1140 618 εἰμααέ
1661 531 1697 594 81

150 692 427 782 ἐσχηματισμένας
445 701 507 757 τῶν
525 696 774 786 ἀσχηματίστων
792 697 914 789 ἀνάγκη
933 697 1083 791 γίνεσθαι,
1098 709 1156 774 τῆς
1174 695 1246 788 ψυχ·
1263 723 1276 774 ς
1292 697 1344 762 καί
1360 696 1402 763 τά
1422 695 1541 788 ἀτρεμῆ
1569 699 1635 786 [καί
1658 700 1700 765 τά

151 807 247 889 ἁπλᾶ]
265 802 289 889 ¹)
313 802 466 893 φάσματα
490 812 552 867 τῶν
577 801 653 868 θεῶν
674 803 758 869 κατά
774 804 835 877 τήν
851 809 966 882 ἑαυτῆς
983 806 1072 896 φὺσιν
1096 797 1331 895 ὑποδεχομένης
1354 815 1516 894 μεριστῶς,
1540 807 1594 870 καί
1618 804 1700 894 μετά

150 913 322 1001 φαντασίας
347 923 457 1002 σχῆμα
482 913 536 977 καί
552 911 673 1002 μορφήν
690 913 883 1003 συναγούσης
900 924 965 988 τοῖς
983 913 1145 1003 θεάμασιν·
1170 923 1256 979 πάσα
1276 912 1335 1004 γάρ
1362 907 1481 1004 μέθεξις
1500 915 1560 988 τήν
1584 937 1620 979 τε
1644 925 1699 978 τοῦ

150 1020 361 1110 μετεχομένου
385 1021 439 1086 καί
463 1021 522 1093 τήν
539 1031 594 1086 τοῦ
612 1022 799 1112 μετέχοντος
818 1013 900 1087 ἰδέαν
919 1013 1073 1101 διασώζει,
1093 1023 1171 1114 μέση
1191 1033 1255 1099 πῶς
1276 1016 1352 1087 οὑσα
1371 1022 1491 1088 τοὺτων
1516 1023 1700 1113 ἀμφοτέρων

110 1158 122 1194 ι
149 1129 203 1193 καὶ
226 1130 298 1194 οὔτε
320 1129 380 1200 τήν
404 1140 460 1196 τοῦ
485 1130 697 1220 μετεχομένου
722 1131 826 1220 μόνον,
851 1134 885 1196 οὑ
909 1130 969 1223 γάρ

149 1403 172 1467 f.
191 1403 344 1480 74v.‚in
362 1404 479 1469 lacuna
503 1405 523 1468 5
548 1426 638 1469 vers:
666 1404 790 1470 ...οὔτε
813 1401 874 1474 τήν
899 1413 954 1467 τοῦ
978 1427 1049 1472 ν...
1075 1403 1263 1492 μέτεχον...
1287 1412 1349 1467 τῶν
1374 1403 1601 1492 μετεχομένων,
1627 1403 1698 1473 έ...

149 1509 372 1599 προτεινόμενα
389 1509 581 1600 φάσμα...τὺ
599 1509 766 1600 ἄχραντον,
779 1512 816 1575 τὺ
834 1512 970 1602 ἀχρόνως
987 1512 1095 1601 παρὸν,
1112 1513 1149 1575 τὺ
1167 1507 1298 1591 ζωτικὸν
1316 1521 1388 1594 πᾶν,
1401 1514 1471 1576 εἴτι
1487 1513 1525 1577 τὸ
1542 1523 1697 1590 τοιοῦτον,

148 1629 212 1682 τῶν
238 1610 272 1683 δέ
296 1619 495 1708 μετεχόντων
521 1620 558 1684 τό
583 1611 765 1703 διαστατόν,
789 1623 827 1686 τό
851 1621 1106 1710 μεμορφωμένον,
1131 1621 1168 1685 τὸ
1200 1621 1491 1712 ἐσχηματισμένον,
1515 1631 1620 1686 ταῦτα
1645 1621 1699 1684 καί

148 1735 211 1790 τῶν
237 1724 313 1790 θεῶν
337 1729 486 1792 εἰπόντων
511 1727 584 1819 πρὸς
601 1727 672 1803 τοὺς
690 1727 862 1820 θεουργοὺς·
882 1729 1058 1817 ἀσωμάτων
1071 1730 1095 1817 ²)
1113 1728 1172 1820 γάρ
1190 1730 1298 1809 όντων,
1322 1731 1424 1818 φασὶν,
1441 1735 1541 1819 ήμῶν,
1565 1728 1701 1818 σώματα

96 1854 121 1890 1⁰
149 1847 214 1912 τοῖς
232 1833 400 1912 αὑτόπτοις
418 1835 587 1925 φάσμασιν,
605 1842 689 1927 ὑμῶν
707 1840 830 1920 εἵνεκεν,
847 1829 1018 1903 ἐνδέδεται·
1035 1830 1086 1903 διά
1103 1837 1162 1929 γάρ
1186 1833 1257 1915 τοὺς
1276 1839 1480 1928 μετέχοντας,
1498 1829 1697 1926 σωματοειδῆ

149 1938 342 2034 φαντάζεται
359 1943 401 2008 τά
419 1943 587 2035 ἀσώματα,
603 1947 634 2010 ἐν
651 1955 697 2030 τῷ
714 1945 810 2036 αἰθέρι
826 1946 997 2035 φαινόμενα
1015 1937 1202 2022 διαστατῶς.
1220 1952 1255 2010 Εἰ
1268 1940 1320 2011 οὑν
1337 1958 1402 2024 τοῖς
1417 1947 1572 2038 θεουργοῒς
1588 1957 1700 2012 τοῦτον

150 2058 354 2118 αὑτοπτεῒται
377 2053 432 2117 τον
456 2053 571 2144 τρόπον
595 2053 637 2118 τά
669 2054 754 2131 θεῖα,
780 2049 965 2142 θαυμαζέτω
991 2046 1099 2143 μηδείς
1123 2061 1149 2120 εἰ
1173 2055 1225 2120 καί
1249 2059 1264 2118 ὁ
1296 2065 1359 2119 τῶν
1388 2054 1553 2144 θεαμάτων
1577 2055 1700 2120 τοὺτων

150 2161 295 2253 ἄγγελος,
319 2168 358 2238 ὡς
383 2159 485 2252 ψυχήν
509 2163 589 2238 εἰκὸς
613 2159 651 2238 ήν
682 2162 808 2253 μερικήν
832 2167 989 2252 φαντασίᾳ
1019 2164 1201 2254 χρωμένην,
1225 2164 1279 2228 καί
1304 2166 1333 2229 εἰ
1353 2190 1385 2229 τι
1409 2162 1555 2254 σώματος
1580 2165 1697 2228 ἔννοιαν

150 2273 294 2360 ἔχουσαν,
319 2272 401 2335 οὑτω
425 2281 488 2336 τῶν
513 2271 689 2362 ἀσωμάτων
706 2271 876 2360 ἐφήπτετο,
894 2273 946 2336 καὶ
962 2271 1043 2361 ἐώρα
1060 2277 1090 2337 ἐν
1108 2281 1154 2356 τῷ
1172 2271 1293 2362 αἰθερίῳ
1311 2272 1436 2363 σώματι
1452 2271 1508 2348 τάς
1532 2283 1595 2338 τῶν
1620 2277 1701 2338 ἀσω-

96 2403 122 2440 ιε
150 2377 259 2466 μάτων
283 2371 426 2469 ὑπάρξεις
451 2388 647 2466 σωματικῶς,
672 2379 724 2442 καὶ
749 2379 820 2444 ἀντί
844 2379 898 2467 μὲν
922 2389 980 2456 τῆς
1001 2373 1082 2458 ζωῆς
1100 2378 1181 2456 θείας
1206 2380 1258 2444 καί
1282 2381 1388 2458 ἀθλου,
1408 2390 1545 2470 χιτῶνας
1570 2379 1697 2455 λευκοὺς

148 2487 202 2552 καὶ
217 2489 420 2576 λευχείμονας
437 2485 493 2563 τάς
510 2489 633 2577 Μοίρας·
651 2487 722 2551 ἀντὶ
739 2477 773 2552 δέ
787 2499 845 2564 τῆς
863 2486 1012 2577 σταθερᾶς
1030 2487 1083 2551 καὶ
1100 2488 1230 2576 μονίμου
1252 2473 1486 2570 καταστάσεως,
1505 2486 1696 2576 καθημένας·

150 2593 221 2659 ἀντί
245 2585 278 2660 δὲ
301 2604 359 2670 τῆς
384 2585 585 2686 διωρισμένης
611 2595 672 2659 ἀπὸ
696 2605 758 2659 τῶν
784 2595 888 2662 ἀλλων
913 2595 989 2661 θεῶν
1015 2587 1182 2677 ἰδιότητος,
1208 2594 1352 2685 μεριστάς
1377 2596 1431 2660 καί
1458 2594 1590 2671 τοπικάς
1614 2619 1697 2685 περι-

148 2701 280 2793 γραφάς·
306 2701 492 2792 συνθήματα
516 2703 577 2795 γάρ
601 2703 642 2769 τά
667 2709 788 2795 ἐμφανῆ
813 2713 877 2767 τῶν
901 2707 1025 2792 ἀφανῶν
1043 2703 1127 2768 ἔστιν
1146 2695 1315 2791 δυνάμεων·
1338 2713 1401 2770 τῶν
1426 2703 1631 2795 άμορφώτων,
1655 2701 1697 2768 τά

149 2816 180 2876 έν
205 2822 336 2901 μορφαῖς
360 2810 502 2902 ὁρώμενα
526 2805 721 2886 διασταταῖς·
745 2821 847 2875 ταῦτα
872 2810 926 2901 μέν
951 2805 1013 2888 οὑν,
1038 2812 1112 2900 ὅπερ
1137 2811 1224 2898 ἔφην,
1249 2801 1301 2874 διά
1324 2820 1388 2876 τῶν
1415 2817 1575 2902 ἰερατικῶν
1600 2813 1697 2901 ἔργων

95 2940 122 2976 ²0
150 2919 294 3010 γνώριμα
319 2931 383 2996 τοῖς
401 2919 444 3010 μή
462 2920 663 2986 παντάπασιν
680 2921 803 2984 ἐκείνων
821 2919 976 2996 ἀνηκόοις·
994 2920 1059 2985 ἐπεὶ
1075 2919 1129 2983 καί
1145 2921 1182 2984 τό
1203 2930 1305 3009 φωνῆς
1322 2919 1445 2984 ἀκοὺειν
1469 2921 1623 3008 ἐμμελοῦς
1647 2919 1701 2983 καί

149 3030 252 3117 ὕμνων
276 3029 313 3119 γέ
336 3053 429 3092 τινων

150 3300 172 3363 f.
192 3299 245 3378 75,
261 3298 296 3363 in
313 3299 333 3362 4
352 3321 434 3364 vers.
451 3298 619 3364 laceratis:
640 3298 828 3386 ...φανείαν,
846 3299 918 3364 οὑτε
935 3321 998 3388 φων
1010 3351 1016 3366 .
1028 3351 1052 3367 ..
1080 3296 1256 3388 [bmnium.
1274 3298 1345 3362 οὔτε
1364 3300 1503 3386 πληγαῖς
1520 3318 1594 3364 κο..
1607 3320 1697 3378 .των,

151 3407 223 3468 ἀλλ’
248 3404 422 3494 ἀσωμάτως
446 3404 655 3496 ἐνεργοῦν...
679 3407 710 3470 ἐν
735 3408 861 3482 ἐκείνοις
885 3406 1020 3482 ἀπαθοῦς
1044 3409 1207 3498 ἐνεργείας,
1230 3409 1261 3472 έν
1278 3416 1323 3490 τῷ
1338 3460 1345 3474 .
1361 3459 1368 3474 .
1384 3429 1509 3495 ,χοντα
1529 3403 1613 3470 κατά
1637 3404 1697 3478 τήν

150 3515 274 3579 ἐκείνων
300 3515 459 3600 βούλησιν,
483 3511 695 3600 παθηήτι]κήν
720 3513 894 3604 ὑφιστάσης
925 3519 1056 3588 κίνησιν·
1083 3515 1150 3580 ἐπεὶ
1173 3515 1226 3579 καὶ
1249 3524 1307 3590 τῆς
1332 3511 1435 3602 ψυχῆς
1460 3504 1646 3603 αἰδουμένης
1674 3512 1694 3585 ἢ

94 3639 121 3674 2⁵
150 3616 354 3713 φοὺουμένης,
378 3624 522 3714 ὡχφότης
545 3623 564 3696 θ
590 3623 709 3713 ἔρευθος
734 3627 764 3689 ἐν
788 3634 833 3707 τῷ
858 3622 983 3712 σώματι
1005 3617 1179 3715 συμθαίνει,
1205 3621 1248 3712 μή
1274 3623 1364 3698 όντος
1388 3625 1419 3686 ἐν
1442 3623 1541 3708 ἐκείνῃ
1569 3619 1697 3709 θατέρου

149 3731 288 3816 τούτων,
313 3737 384 3797 ἀλλ’
411 3734 472 3797 ἀπὸ
495 3744 553 3809 τῆς
578 3734 677 3818 ἐκείνη
703 3731 850 3809 κινήσεως
874 3742 932 3809 τῆς
957 3733 1167 3825 ἀχρωμάτου,
1192 3732 1260 3822 περὶ
1284 3733 1321 3797 τὸ
1346 3741 1437 3820 σῶμα
1468 3741 1526 3806 τῆς
1550 3727 1636 3794 κατά
1659 3729 1696 3793 τθ

147 3851 261 3932 χρῶμα
285 3833 447 3918 διαθέσεως
471 3841 693 3932 ὑφισταμένης,
719 3841 764 3932 μθ
790 3836 841 3906 οὑν
866 3843 974 3908 οἰέσθω
992 3846 1038 3919 τίς
1055 3835 1186 3908 δυνατόν
1207 3836 1293 3920 εἶναι,
1311 3852 1374 3906 τῶν
1394 3846 1513 3927 Μοιρῶν
1537 3843 1696 3926 ὑμνουσῶν

149 3959 268 4041 νοερῶς,
293 3955 334 4027 εἰς
359 3950 501 4023 αἴσθησιν
525 3952 686 4016 ἐκπίπτειν
710 3949 767 4026 τάς
791 3949 910 4029 νοήσεις
934 3956 1036 4018 αὑτῶν
1060 3950 1145 4043 παρά
1168 3963 1234 4029 τοῖς
1258 3952 1338 4040 ἀμφὶ
1353 3949 1408 4015 τόν
1427 3942 1515 4039 Ἦρα·
1541 3947 1594 4012 καὶ
1617 3942 1697 4036 ἦχον

151 4057 372 4125 ἀποτελεῖσθαι
388 4057 448 4132 τήν
466 4058 537 4123 ἄνευ
553 4057 634 4149 ήχου
652 4060 784 4141 κίνησιν,
801 4059 855 4123 καί
871 4049 922 4124 διά
937 4063 1065 4149 πληγῆς
1082 4051 1316 4138 ἐνεικονίζεσθαι
1336 4055 1396 4130 τήν
1414 4056 1579 4128 ἄπληκτον
1604 4046 1698 4131 ζωήν·

95 4193 122 4229 ao
149 4169 203 4233 καί
228 4168 288 4234 ἀπὸ
313 4178 371 4244 τῆς
396 4166 480 4234 κατά
497 4179 565 4233 νοῦν
583 4166 810 4245 συναισθήσεως
826 4171 972 4258 ἐκφοιτᾶν
990 4173 1031 4244 εἰς
1046 4166 1107 4239 ’τήν
1125 4160 1158 4231 δι’
1180 4169 1276 4243 ἀκοῆς
1299 4161 1474 4253 ἀντιληψιν·
1493 4159 1555 4228 οἷον
1576 4159 1636 4252 γάρ
1660 4160 1697 4225 τὸ

148 4277 300 4368 γνωστὸν,
323 4277 455 4350 τοιαὺτη
482 4277 536 4342 καί
559 4282 579 4352 ῆ
600 4289 722 4368 γνῶσις·
740 4283 766 4342 εἰ
784 4278 838 4368 μέν
855 4278 979 4356 νοητόν,
997 4277 1111 4353 νόησις·
1129 4281 1155 4342 εἰ
1172 4267 1205 4342 δέ
1226 4275 1391 4356 ἀκουστὸν,
1416 4273 1550 4347 ἄκουσις·
1576 4281 1631 4335 τοῦ
1657 4259 1694 4341 δή

149 4397 262 4457 νοητοῦ
287 4385 454 4477 γεγονότος
479 4378 517 4451 δι’
543 4386 703 4476 ἐμφάσεως
728 4389 893 4468 ἀκουστοῦ,
910 4387 997 4460 καίή
1016 4386 1120 4462 νόησις
1137 4385 1262 4461 άκουσις
1279 4386 1416 4475 γέγονεν,
1441 4381 1495 4445 καί
1518 4379 1631 4452 ἤκουεν
1656 4371 1697 4442 ὧν

150 4494 227 4559 ἐνόει
249 4497 409 4585 πρότερον·
435 4493 520 4559 ἀλλά
535 4505 630 4559 τοῦτο
647 4494 702 4584 μέν
720 4496 859 4585 φανερόν,
878 4496 951 4585 ὅπερ
968 4498 1104 4584 εἴπομεν,
1121 4495 1176 4560 καί
1192 4495 1253 4559 ἀπὸ
1271 4503 1329 4568 τῆς
1352 4490 1423 4581 παρ’
1441 4496 1517 4579 ῆμῖν
1543 4494 1697 4579 ἱερατικῆς

150 4602 203 4666 καί
218 4601 402 4692 προσθετέον
420 4609 459 4679 ὡς
477 4604 572 4669 ἄλλον
591 4604 645 4692 μέν
662 4604 777 4695 τρόπον
802 4603 932 4696 ἄγγελοι
950 4603 1024 4670 θεῶν
1042 4605 1171 4678 ἐπήκοοι
1188 4605 1361 4695 γίγνονται,
1376 4591 1520 4691 δαίμονες
1538 4589 1571 4663 δὲ
1588 4597 1693 4661 ἀλλον·

95 4728 123 4764 τε
151 4707 248 4799 ψυχαί
264 4702 297 4776 δέ
313 4711 491 4803 ἀνθρώπων,
510 4713 661 4796 άλλωνί),
679 4711 778 4802 οἱμὲν
797 4723 905 4802 νοερῶς
921 4723 983 4778 τῶν
1001 4723 1123 4803 νοερῶν,
1140 4717 1169 4776 οἰ
1192 4704 1226 4777 δέ
1242 4715 1385 4804 λογικῶς,
1403 4713 1431 4773 οἰ
1455 4697 1489 4771 δέ
1512 4705 1566 4770 καί
1590 4701 1700 4775 αἰσθη-

152 4830 255 4898 τικῶς·
281 4821 408 4886 ἕκαστοι
432 4813 465 4887 δὲ
487 4821 571 4887 κατά
595 4821 638 4888 τά
662 4821 761 4912 μέτρα
784 4832 842 4897 τῆς
866 4827 985 4888 ἑαυτῶν
1010 4811 1270 4896 ἐπιτηδειότητος
1293 4809 1521 4907 ὑποδεχόμενοι
1544 4812 1604 4886 τήν
1635 4819 1698 4874 τῶν

151 4927 227 4994 θεῶν
251 4939 363 5020 γνῶσιν
387 4930 442 4996 καί
465 4930 618 5024 ἐνέργειαν
644 4937 685 5009 εἰς
708 4931 837 5008 έαυτοὺς
861 4942 1037 5023 προιοῦσαν,
1062 4930 1115 4994 καὶ

187 5185 209 5261 ¹)
228 5185 350 5242 Inclusa
369 5189 535 5257 sequuntur
554 5181 693 5242 sontinuo
712 5182 743 5240 in
762 5181 896 5255 margine
985 5182 1008 5254 ²)
1028 5178 1189 5252 Sequentia
1208 5176 1362 5236 asteriscis
1380 5174 1592 5249 insigniuntur.

150 5278 182 5332 εἰ
199 5275 352 5348 glossema
370 5274 519 5332 videntur.
985 5274 1008 5347 ³)
1029 5270 1139 5341 Quidni
1159 5268 1253 5325 ᾰιλινί

291 5401 388 5460 Anu.
407 5415 435 5475 ν,
454 5403 479 5458 6.
