3940 6072
268 533 322 588 mo
850 513 1239 612 WMmeJ

268 692 374 752 bitatie
398 696 500 749 notam
524 691 665 748 incurret.
684 691 830 759 Quocirca
855 691 965 764 duplex
982 691 1013 746 in
1068 691 1164 748 ditum
1183 695 1231 746 eet
1250 706 1306 746 sua
1324 687 1492 745 conditione
1514 687 1629 762 corpori
1647 687 1734 743 affine
1752 693 1810 754 est,

269 783 350 839 civili
369 788 451 839 stetu
471 785 519 838 est
544 781 688 853 cuiusque
710 799 784 854 opus
810 779 959 853 privatum
978 799 1013 836 ao
1067 781 1260 855 cupidineque
1278 797 1379 835 rerum
1391 796 1598 852 corporearum
1612 777 1756 850 tangitur,
1774 785 1812 832 ut

269 892 432 944 commune,
453 891 507 928 ceu
526 873 704 946 inpartibus
718 879 764 930 est
777 873 868 929 etiarn
887 871 1012 928 animae.
1066 870 1142 927 ratio
1160 870 1318 927 bonorum.
1337 885 1413 941 quae
1439 867 1477 924 ad
1502 873 1633 924 mentem
1650 867 1810 940 pertinent,

306 965 377 1022 Car.
391 963 465 1020 VIII
475 963 504 1032 ¹).
520 963 566 1020 De
582 965 775 1020 similitudine
787 963 906 1018 virtutis
918 979 1014 1018 moro·
1066 959 1156 1016 habat
1167 959 1355 1016 desiderium.
1367 959 1443 1015 Pars
1460 963 1561 1014 eutem
1579 975 1656 1030 qnae
1674 975 1742 1014 cum
1759 975 1813 1030 pa-

270 1057 307 1112 lis
319 1071 355 1111 ec
373 1055 475 1110 civilis.
488 1085 523 1093 —
537 1053 636 1119 Quum
649 1059 749 1107 autem
763 1058 794 1108 et
806 1051 836 1106 in
849 1050 969 1106 civitate
982 1056 1013 1106 et
1066 1055 1119 1120 ret,
1139 1057 1204 1106 tum
1223 1048 1312 1103 etiam
1330 1047 1465 1119 imperet,
1479 1053 1527 1102 est
1539 1046 1592 1116 ira,
1607 1053 1636 1103 et
1654 1063 1691 1102 ee
1709 1055 1811 1117 qnate-

268 1143 299 1199 in
318 1142 416 1200 anima
434 1142 482 1212 sit,
502 1141 582 1213 qnod
599 1148 710 1214 pareat,
722 1139 860 1212 quodque
878 1139 1012 1211 imperet,
1065 1159 1122 1198 nus
1141 1141 1256 1196 ratione
1275 1151 1364 1211 caret,
1376 1139 1455 1196 inest
1469 1139 1560 1194 etiam
1578 1137 1683 1204 brutis,
1704 1144 1738 1194 ut
1757 1155 1810 1192 cu·

269 1233 348 1292 unde
367 1231 441 1288 vitia
459 1237 490 1288 et
507 1231 637 1287 virtutes
660 1239 757 1288 ortum
783 1231 901 1302 habent,
922 1229 1013 1285 enim·
1065 1230 1175 1304 piditas
1184 1229 1294 1286 fraenis
1305 1226 1586 1300 rationisindigens.
1597 1227 1754 1283 Caeterum
1763 1225 1809 1281 ira
1842 1231 1847 1240 '

269 1323 485 1380 advertendum
503 1339 590 1393 porro
611 1327 665 1384 est,
678 1339 767 1392 qnam
785 1320 916 1375 habeant
933 1319 1013 1374 inter
1065 1319 1174 1376 rationi
1192 1318 1276 1375 favet
1301 1334 1425 1391 semper,
1445 1335 1514 1372 cnm
1539 1314 1616 1372 inter
1641 1334 1674 1372 sa
1693 1323 1809 1389 pugnet

270 1432 302 1470 se
322 1412 483 1470 affinitates
502 1412 630 1468 virtutes
649 1418 681 1467 et
698 1411 773 1468 vitia
792 1413 907 1467 animae
926 1414 957 1466 et
975 1410 1013 1466 ci·
1064 1411 1141 1467 ratio
1152 1409 1367 1484 cupiditasque,
1377 1410 1534 1480 cognatior
1547 1425 1613 1464 cum
1624 1406 1665 1464 sit
1673 1407 1725 1479 illi,
1736 1407 1811 1480 quin

270 1502 383 1572 vitatis,
394 1508 429 1558 ut
438 1519 504 1557 cum
514 1501 570 1555 hoc
580 1507 766 1574 perspectum
776 1499 861 1556 nobis
874 1497 938 1570 erit,
949 1515 1013 1570 pro·
1065 1507 1095 1558 et
1114 1499 1269 1572 cupiditati
1288 1505 1415 1571 praeest,
1440 1515 1516 1570 quae
1542 1497 1632 1569 longe
1650 1515 1669 1552 e
1693 1495 1811 1552 ratione

269 1609 413 1666 ponamus
430 1591 558 1647 virtutes
580 1608 615 1646 ec
633 1590 708 1646 vitia
726 1589 850 1656 animae,
872 1595 1013 1661 tanquam
1066 1591 1199 1662 discedit,
1224 1589 1339 1663 corpori
1363 1588 1491 1645 maxime
1510 1586 1606 1644 affixa.
1625 1587 1708 1642 Haec
1731 1585 1812 1642 enim

269 1701 384 1739 morum
397 1681 579 1754 exemplaria
591 1681 732 1739 civilium.
751 1681 836 1736 Intra
855 1697 926 1738 enos
945 1697 1014 1734 cen·
1066 1681 1180 1754 corpori
1198 1697 1314 1753 semper
1330 1680 1442 1750 haeret,
1461 1695 1614 1750 nunquam
1632 1677 1696 1733 eius
1715 1675 1811 1732 vitam

270 1774 361 1830 cellos
372 1789 443 1844 ergo
453 1771 638 1829 continentes
649 1789 681 1827 se
692 1777 793 1845 partes
804 1770 919 1827 enimse
928 1770 1012 1841 bene,
1067 1773 1222 1841 deserens;
1245 1770 1291 1826 ira
1316 1776 1418 1826 autem
1443 1787 1532 1842 saepe
1558 1767 1653 1826 vitam
1675 1766 1810 1841 despicit,

270 1863 318 1919 vel
332 1878 419 1918 secus
432 1859 528 1932 ipsam
541 1859 688 1930 efficiunt,
701 1860 732 1915 in
746 1859 896 1932 publicum
912 1865 1013 1914 autem
1066 1862 1147 1920 aliud
1157 1861 1299 1919 affectans
1308 1860 1419 1918 bonnm
1428 1859 1533 1934 maius,
1542 1877 1631 1932 qnam
1642 1858 1683 1916 sit
1693 1875 1811 1931 corpus.

268 1951 355 2025 quasi
367 1953 556 2028 prodeuntes,
571 1957 684 2008 statum
697 1950 816 2007 civilem
827 1951 877 2006 vel
896 1955 1012 2015 ornent,
1102 1951 1172 2008 (ier.
1183 1951 1253 2024 X³).
1264 1953 1308 2008 De
1317 1952 1522 2008 distributione
1532 1952 1685 2006 cir-icium.
1696 1981 1730 1991 -
1740 1948 1813 2004 'Pria

269 2043 319 2100 vel
337 2043 505 2115 deturpent.
518 2041 604 2098 Unde
618 2046 648 2098 et
661 2041 796 2098 Socrates
814 2041 851 2098 ab
869 2040 917 2098 his
937 2056 1013 2112 quae
1065 2041 1157 2114 igitur
1176 2061 1242 2100 cnm
1261 2041 1329 2109 sint,
1350 2058 1444 2098 unum
1462 2039 1541 2113 quod
1560 2041 1657 2098 solum
1674 2039 1812 2114 imperat,

270 2133 397 2192 interius
409 2133 441 2188 in
453 2131 552 2189 anime
564 2132 666 2212 latent,
680 2131 718 2188 ad
731 2149 766 2189 ea
778 2149 855 2203 quae
868 2131 898 2187 in
911 2130 1013 2187 civita-
1066 2141 1101 2190 ut
1119 2151 1217 2190 mens:
1238 2133 1365 2188 alterum
1378 2131 1458 2205 quod
1470 2131 1567 2188 solum
1584 2137 1677 2204 paret,
1697 2138 1732 2186 ut
1749 2148 1813 2186 cor·

193 2239 197 2250 ⁴
269 2225 350 2282 tibus
369 2229 537 2294 cernuntur,
557 2229 700 2296 tanquam
719 2223 757 2278 ad
775 2221 891 2278 notiora
917 2219 1014 2294 dispu·
1066 2242 1136 2298 pns:
1156 2223 1277 2280 tertium
1296 2223 1374 2296 quod
1392 2222 1478 2280 iuxta
1497 2222 1629 2279 ordinem
1648 2227 1812 2278 statatum

270 2314 414 2372 tationem
427 2314 590 2371 transtulit.
603 2314 680 2370 Nam
692 2313 771 2370 inter
783 2332 838 2371 nos
852 2313 944 2370 enimi
956 2330 1014 2369 mo·
1067 2320 1268 2370 extremorum
1289 2313 1417 2386 imperet
1442 2318 1473 2369 et
1498 2319 1591 2386 paret,
1610 2319 1646 2369 ut
1670 2312 1730 2368 ira:
1750 2310 1811 2367 dno

270 2411 320 2461 tus
330 2422 390 2460 non
400 2404 551 2474 integrum
562 2404 703 2461 estnobis
716 2411 797 2461 recte
808 2410 912 2461 notare
926 2403 1014 2459 aliter
1067 2409 1138 2460 sunt
1155 2401 1339 2476 imperantis,
1359 2402 1487 2459 alterum
1506 2401 1608 2475 primo,
1622 2402 1750 2458 alterum
1769 2418 1814 2457 se·

270 2513 360 2568 qnam
371 2513 425 2568 per
437 2495 600 2552 exteriores
619 2495 760 2552 actiones.
781 2495 827 2550 Ad
843 2496 923 2552 hanc
936 2494 1014 2550 enim
1067 2493 1217 2552 candorio.
1229 2495 1297 2550 Duo
1310 2493 1383 2550 item
1394 2495 1539 2566 parentia
1551 2492 1638 2561 Quod
1651 2493 1749 2550 solum
1761 2492 1815 2548 im·

270 2585 391 2642 modum
404 2585 466 2640 noti
478 2585 564 2641 nobis
576 2585 663 2657 plene
676 2588 840 2657 emergunt.
858 2584 1015 2656 Magistra·
1068 2590 1152 2658 perat
1164 2589 1195 2640 et
1207 2583 1356 2656 primario,
1367 2589 1485 2655 oportet
1497 2583 1664 2656 praeditum
1675 2599 1742 2639 esse
1754 2581 1814 2638 vir·

271 2682 321 2732 tus
340 2673 419 2731 enim
437 2673 526 2730 militi
543 2675 655 2746 aliquid
672 2675 866 2748 praecipiens,
886 2674 1014 2731 ratione·
1069 2683 1144 2745 tute,
1163 2693 1240 2747 qnae
1259 2675 1301 2730 sit
1318 2672 1462 2748 perfectio
1484 2672 1574 2730 huius
1593 2670 1733 2743 muneris,
1753 2690 1813 2745 quo

270 2765 330 2821 lem
348 2769 463 2837 partem
486 2764 680 2836 imperantem
703 2763 846 2820 irascibili
871 2763 1013 2821 imitatur.
1069 2767 1157 2824 debet
1169 2765 1323 2838 imperare.
1337 2762 1471 2820 Secundo
1484 2769 1586 2820 antem
1602 2763 1753 2837 imperans
1772 2763 1813 2818 lo-

270 2851 347 2908 Belli
365 2869 437 2909 vero
457 2851 517 2908 dux
535 2852 621 2909 diviti
639 2853 753 2926 aliquid
771 2853 939 2926 iniungens,
958 2853 1015 2909 ire·
1068 2871 1111 2915 oo.
1133 2852 1286 2910 subditum
1304 2870 1376 2909 vero
1395 2851 1497 2925 primo,
1511 2853 1637 2909 duorum
1655 2869 1810 2909 munerum

272 2939 385 2998 scibilis
404 2940 434 2997 in
449 2941 709 3014 concupiscibilem
722 2941 844 2998 dominii
856 2941 1015 3014 imaginem
1069 2944 1144 3000 dues
1164 2943 1252 3000 debet
1269 2942 1380 2999 habere
1398 2941 1596 3015 perfectiones
1622 2948 1652 2998 et
1672 2941 1808 3012 virtutae,

271 3047 342 3101 pree
362 3030 478 3086 ecfert
497 3031 580 3088 Haec
596 3031 698 3104 itaque
717 3031 848 3088 servitus
871 3038 902 3088 et
924 3032 1016 3105 impe·
1068 3039 1104 3089 nt
1117 3032 1195 3090 euim
1209 3033 1395 3090 diversarum
1408 3031 1644 3090 substantiarum
1659 3032 1814 3105 perfectio

271 3117 358 3192 rium,
369 3136 444 3191 quae
463 3128 534 3176 sunt
552 3120 709 3191 exteriora,
723 3127 828 3195 typum
846 3127 957 3193 gerunt
975 3120 1016 3176 in·
1068 3141 1122 3180 nes
1141 3122 1319 3195 distantiis
1338 3128 1369 3180 et
1387 3123 1513 3180 duorum
1531 3135 1694 3179 munerum
1714 3123 1815 3191 Quum

272 3211 423 3282 teriorum,
434 3215 465 3266 at
482 3210 659 3266 secundaria
673 3211 746 3267 haec
765 3210 866 3268 civilia
884 3209 980 3266 officia
998 3228 1017 3266 a
1069 3231 1141 3285 ergo
1155 3213 1233 3286 qnod
1247 3211 1343 3270 solum
1355 3211 1478 3285 imperio
1491 3211 1593 3286 pollet,
1607 3227 1697 3270 unam
1708 3217 1816 3285 poscet

271 3300 375 3374 primis
385 3299 446 3356 illis
458 3299 593 3356 fontibus
605 3301 721 3357 animae
733 3305 919 3373 promanant.
932 3300 1016 3356 Adeo
1068 3303 1219 3376 virtutem,
1232 3303 1375 3376 ratioque,
1389 3308 1424 3359 nt
1441 3302 1676 3360 demonstratum
1688 3308 1743 3374 est,
1762 3301 1817 3359 im·

273 3396 337 3446 tota
356 3388 488 3446 civitatis
506 3389 602 3446 forma
620 3392 708 3464 plene
726 3391 764 3448 ab
786 3391 884 3447 animo
902 3391 1022 3464 profici,
1069 3413 1173 3470 perere
1192 3395 1307 3467 debeat,
1325 3394 1490 3470 imperandi
1503 3395 1645 3453 virtntm
1664 3393 1721 3451 sibi
1740 3393 1817 3450 asci-

274 3480 377 3551 scitur,
395 3479 573 3552 imperantie
585 3485 616 3535 et
627 3481 763 3554 parentia
774 3481 889 3537 hebens
902 3480 939 3537 ab
955 3481 1017 3538 illis
1070 3485 1134 3556 scit,
1145 3484 1348 3558 prudentiam:
1367 3483 1497 3555 quesibi
1512 3483 1572 3557 ipsi
1591 3491 1621 3541 et
1639 3481 1706 3540 eliis
1724 3483 1816 3540 bono·

274 3569 507 3628 similitudinem.
531 3570 608 3636 Quin
631 3570 731 3644 potius
755 3588 833 3628 unus
853 3577 901 3629 est
926 3572 1017 3628 animi
1070 3593 1137 3631 rum
1155 3579 1186 3630 et
1204 3573 1349 3629 malorum
1361 3573 1436 3630 fines
1449 3573 1639 3646 praescribet.
1658 3572 1815 3646 Cupiditas

275 3653 396 3717 habitus
410 3659 473 3715 sive
486 3659 613 3716 interius
625 3677 679 3732 per
692 3677 732 3732 se,
746 3659 811 3717 sive
830 3661 961 3718 exterius
980 3662 1018 3718 ad
1071 3669 1172 3720 eutem
1183 3663 1280 3718 solnm
1291 3661 1431 3734 subiecta,
1442 3661 1585 3721 virtutem
1594 3662 1717 3736 parendi
1727 3663 1817 3719 haba·

275 3751 394 3809 civilem
412 3768 510 3820 usum,
529 3757 632 3823 pareat
651 3757 704 3808 aut
723 3751 899 3808 dominetur.
1070 3752 1121 3822 bit,
1136 3751 1376 3824 temperantiam:
1392 3768 1452 3822 que
1469 3751 1578 3808 rationi
1597 3750 1814 3823 obtemperans,

311 3841 382 3898 Ger.
402 3839 448 3894 IX
458 3841 490 3914 ²).
509 3841 554 3898 Dc
574 3843 669 3900 isidam
683 3844 825 3912 pertibus
842 3845 968 3900 arumna
982 3875 1017 3886 -
1071 3859 1142 3898 suos
1161 3840 1313 3914 appetitus
1331 3839 1542 3911 moderabitur,
1555 3846 1586 3897 et
1602 3839 1673 3913 quid
1692 3839 1750 3897 sibi
1769 3859 1817 3914 ap

273 3930 330 3988 His
356 3928 522 4002 explicatis,
544 3929 605 3984 iam
623 3930 738 3987 aditum
759 3930 924 3990 virtutibus
942 3933 1017 4005 ipsis
1070 3931 1232 4005 petendum
1251 3949 1269 3986 a
1286 3930 1401 3988 ratione
1421 3930 1517 3987 discet
1534 3931 1735 3988 assuetudine.
1755 3933 1817 3988 Ira

274 4025 403 4094 quatuor
416 4017 640 4092 patefaciemus,
655 4037 853 4094 conemurque
865 4039 918 4094 pro
936 4022 1018 4078 virili
1072 4021 1184 4078 scibilis
1198 4027 1299 4077 antem
1311 4039 1388 4094 pers,
1399 4021 1484 4079 cuine
1493 4027 1617 4078 naturae
1628 4027 1658 4078 st
1667 4021 1815 4096 imperare

273 4108 330 4180 his,
340 4107 392 4181 qui
409 4106 479 4164 illes
492 4107 690 4180 cognoscendi
702 4108 850 4165 desiderio
869 4114 1015 4180 tenentur,
1071 4115 1102 4166 et
1119 4126 1223 4182 perere
1242 4108 1399 4166 convenire
1413 4109 1603 4179 ostendimus,
1617 4109 1656 4164 ad
1671 4108 1816 4182 imperan-

275 4200 487 4256 demonstrere.
499 4197 574 4254 'Pras
587 4216 659 4270 ergo
672 4215 741 4255 cnm
751 4199 812 4256 sint
823 4200 940 4257 animae
953 4218 1017 4275 par·
1072 4200 1142 4255 dnm
1154 4197 1338 4266 fortitudine,
1356 4215 1416 4270 qna
1434 4199 1581 4255 coercebit
1598 4198 1759 4270 libidinem,
1769 4217 1815 4256 ee·

273 4295 320 4346 tes
340 4289 419 4363 (hino
434 4289 512 4347 enim
525 4289 611 4346 nobis
623 4289 791 4346 faciendum
804 4290 941 4366 initium),
960 4299 1018 4349 sta·
1071 4310 1130 4365 que
1141 4291 1178 4347 eb
1196 4289 1390 4347 incommodis
1404 4290 1469 4348 eius
1481 4290 1598 4348 illesam
1614 4291 1762 4364 servabit,
1776 4292 1814 4348 ad

273 4385 345 4452 tum,
357 4381 549 4454 ordinemque
559 4399 618 4437 non
629 4381 884 4456 eundemhabent,
895 4383 1019 4441 seduna
1072 4381 1270 4441 obediendum
1299 4397 1370 4438 vero
1397 4381 1594 4454 temperantia
1619 4389 1736 4456 utetur,
1761 4400 1817 4458 per
1857 4383 1864 4393 '

273 4469 368 4528 menti
393 4477 440 4528 eet
465 4470 630 4539 coniuncte,
656 4472 752 4528 altera
776 4477 877 4528 eutem
902 4474 1018 4546 corpori
1071 4491 1160 4549 quem
1178 4471 1308 4530 cohibita
1325 4471 1405 4528 intra
1421 4472 1497 4530 fines
1516 4489 1549 4528 se
1572 4471 1699 4532 rationis
1724 4473 1817 4531 conti·

274 4558 488 4632 conglutinata,
513 4576 589 4632 quae
614 4575 686 4616 vero
709 4559 740 4616 in
765 4559 862 4616 medio
888 4561 947 4620 site
972 4569 1019 4618 est
1073 4564 1165 4622 nebit.

274 4649 431 4722 utriusque
449 4656 479 4706 et
492 4650 623 4723 corporis
636 4655 668 4707 et
679 4649 788 4707 mentis
801 4651 949 4725 particeps
962 4657 1017 4708 est.
1108 4656 1178 4714 One.
1192 4655 1278 4730 ΧΠ).
1297 4657 1341 4713 De
1358 4655 1518 4712 harmonia
1534 4655 1671 4726 partiam
1689 4656 1817 4713 anianae.
1897 4688 1902 4697 ·

273 4739 330 4798 Est
341 4741 443 4815 itaque
455 4741 532 4798 ratio
544 4741 642 4798 solum
650 4741 809 4814 imperans,
823 4747 854 4799 et
862 4742 956 4800 menti
964 4761 1018 4816 pro
1072 4775 1107 4786 -
1124 4743 1223 4810 Quum
1241 4748 1343 4800 eutem
1361 4743 1442 4814 ratio,
1457 4743 1573 4802 duabus
1586 4743 1710 4817 reliquis
1728 4744 1819 4818 impe·

275 4848 331 4889 sna
345 4838 455 4888 notura
466 4837 594 4904 cognata
606 4839 661 4900 est,
677 4832 757 4889 unde
769 4839 801 4889 et
813 4849 851 4890 ex
863 4849 897 4890 se
909 4833 1018 4891 mentis
1072 4851 1142 4890 rans
1155 4831 1299 4907 partibus,
1319 4833 1359 4891 ed
1376 4849 1462 4891 suum
1476 4839 1623 4906 temperet
1640 4851 1693 4890 eas
1710 4841 1818 4892 nutum

275 4921 413 4995 agnoscit
431 4921 617 4994 dignitatem.
634 4922 720 4989 Quod
738 4939 810 4981 vero
829 4924 927 4982 solum
949 4924 1018 4981 sub·
1070 4924 1195 4997 parendi
1206 4923 1395 4999 praestitutis
1407 4925 1527 4999 finibus,
1536 4923 1736 5000 principatum
1745 4923 1818 4982 obti-

312 5193 333 5263 ¹)
352 5193 493 5250 Follis.
516 5199 542 5245 lii
562 5195 589 5245 ai
608 5197 670 5246 ieris
690 5195 713 5246 ie
740 5195 888 5266 ἀμφοτέροις
915 5201 957 5249 καὶ
977 5200 1019 5267 dp·
1109 5195 1132 5268 3)
1151 5195 1194 5252 Ib.
1215 5200 1294 5269 Τριῶν
1313 5196 1353 5251 adv
1372 5200 1446 5251 ὄντων
1466 5200 1566 5255 τούτων.

275 5286 565 5355 mwwbmm·
1107 5287 1669 5362 omnesneemcmu

311 5373 334 5449 ²)
353 5373 416 5430 Fol.
437 5375 495 5430 119.
518 5377 686 5448 Διωρισμένων
706 5379 730 5428 ii
751 5377 849 5430 τούτων.
