3944 6074
816 544 907 626 Pors
934 545 958 624 1
965 545 1003 626 V.
1632 560 1690 624 νιν

138 763 179 775 -
195 727 217 795 l.
234 727 276 794 53
292 725 365 816 πρὸς
382 723 424 790 nic
448 736 582 791 τοιαῦτα
606 727 786 816 ἐρωτῶντα)
809 725 884 816 πρὸς
940 749 1002 793 om.
1020 727 1101 793 -1,
1122 730 1158 793 11
1185 734 1244 801 τῆς
1269 723 1430 814 'septim
1454 717 1513 803 τῆς
1537 729 1689 819 Τιμύχας.

135 837 190 900 τὸν
215 847 318 900 ταῦτα
342 826 553 923 διερωτῶντα.
982 835 1027 900 Μ.
1051 835 1107 901 101.
1135 835 1208 900 140.
1227 872 1269 880 -
1285 833 1308 900 1.
1330 837 1371 900 20
1396 838 1430 897 οὐ
1454 833 1491 898 τὸ
1516 835 1617 927 γένος)
1643 837 1685 926 μὴ

181 945 224 1009 M.
249 944 303 1010 fol.
332 947 393 1010 139
418 969 448 1010 v.
473 983 514 992 -
538 947 561 1012 l.
586 949 628 1011 54
653 945 714 1009 ἀπὸ
738 955 793 1008 τοῦ
818 944 883 1028 νοῦ)
937 939 1055 1032 τάγέν.
1075 944 1154 1008 -1,
1172 946 1213 1008 21
1239 941 1293 1005 καὶ
1317 943 1424 1027 αὑταὶ)
1447 945 1502 1008 καὶ
1526 950 1558 1008 αἱ
1583 948 1686 1011 αὐταί.

135 1049 196 1112 ἀπὸ
221 1059 277 1113 τοῦ
302 1061 425 1122 νοητοῦ.
451 1089 494 1100 -
518 1052 614 1116 τόπον
639 1057 762 1136 ἐκεῖνα)
786 1051 883 1117 τόπον
940 1086 980 1096 -
1004 1050 1026 1114 l.
1051 1052 1093 1115 25
1119 1040 1354 1137 ἀποδεχόμεθα)
1379 1042 1621 1140 ἀποδεχώμεθα.

135 1152 242 1246 ψυχῶν
275 1162 388 1225 ἐκεῖνα.
414 1196 454 1207 -
479 1159 540 1227 Ed.
564 1185 597 1247 p.
626 1162 748 1241 410,1.
774 1165 793 1226 2
818 1171 883 1235 τοῖς
983 1158 1687 1248 11.f01.110v.-1.28citizens)set

134 1269 259 1355 ἀρετῆς)
283 1276 340 1342 τῆς
358 1269 482 1357 ἀρετῆς.
499 1305 542 1317 -
558 1271 675 1352 κοινῆς)
693 1279 816 1344 κοινοῖς.
840 1307 884 1318 -
937 1268 1066 1342 ἐκείνης.
1084 1306 1127 1316 -
1151 1269 1172 1334 l.
1190 1272 1230 1334 31
1249 1267 1302 1332 καὶ
1322 1270 1457 1351 ἐκείνων)
1475 1269 1529 1332 καὶ
1545 1268 1591 1334 ἐπ’
1609 1273 1688 1336 ὲκεί-

6 1389 10 1402 ”
133 1375 157 1440 l.
182 1378 202 1441 3
227 1365 319 1456 εἶδεν)
343 1365 593 1451 οἶδεν-εἶδος
617 1381 633 1438 ὁ
657 1371 709 1461 ἦν)
734 1367 812 1451 εἶδος
836 1371 883 1449 ἦν.
937 1397 1006 1443 νων,
1034 1413 1074 1421 -
1098 1374 1119 1440 l.
1145 1379 1187 1442 33
1212 1373 1308 1452 αὐτάς
1332 1379 1403 1460 τῆς)
1429 1379 1527 1453 αὐτῆς
1552 1387 1619 1453 τῆς.
1648 1415 1688 1426 -

136 1520 176 1528 -
202 1481 223 1547 1.
249 1485 268 1547 6
293 1490 349 1557 τῆς
376 1484 501 1571 ἀρετῆς)
525 1483 563 1547 τὸ
594 1493 652 1557 τῆς
677 1487 723 1572 ἀρ.
750 1522 791 1532 -
816 1485 838 1550 1.
864 1488 882 1550 8
936 1482 958 1548 1.
977 1486 1019 1548 34
1036 1480 1074 1546 τὸ
1091 1482 1270 1572 φιλότιμον)
1286 1482 1345 1554 τὴν
1363 1484 1634 1573 φιλότιμον-1.
1645 1489 1686 1554 35

135 1598 199 1652 τῶν
216 1587 336 1672 ἀλλων)
353 1597 415 1652 τῶν
434 1589 569 1680 ἀλόγων.
586 1629 630 1639 -
647 1593 669 1658 1.
686 1595 706 1658 9
727 1593 883 1674 κοινωνία)
938 1589 1149 1680 ἀκολουθοῖεν)
1174 1591 1384 1659 ἀκολουθοῖεν.

884 1915 941 1981 ΙΙΙ.

181 2131 253 2222 Περὶ
270 2139 332 2195 τῶν
350 2121 512 2220 Θεοδώρου
529 2140 584 2195 τοῦ
602 2129 759 2194 Ἀσιναίου
772 2129 886 2220 λόγων,
901 2140 964 2194 τῶν
978 2130 1239 2196 καταοκευθντων
1253 2129 1312 2204 τὴν
1327 2130 1426 2205 αὐτὴν
1445 2129 1558 2223 ἀρετὴν
1577 2122 1686 2223 ἀνδρὸς

136 2234 213 2304 εἶναι
237 2240 291 2304 καὶ
313 2240 468 2329 γυναικὸς,
493 2239 547 2304 καὶ
570 2233 611 2302 ὧν
636 2245 652 2302 ἀ
678 2240 848 2330 Σωκράτης
874 2235 957 2306 εἶπεν
982 2234 1132 2318 ἐξέτασις.

184 2350 235 2414 Dc
262 2347 422 2413 Theodori
443 2345 582 2414 Asinaei
604 2348 738 2436 eloquiis
753 2351 790 2414 in
807 2351 922 2436 quibus
938 2349 1079 2416 eamdem
1096 2371 1160 2414 esse
1175 2349 1315 2414 nominis
1332 2359 1360 2414 et
1375 2348 1520 2414 mulieris
1537 2350 1688 2428 nrtutsnc

138 2456 260 2538 usserit,
286 2477 323 2518 ac
345 2455 509 2520 uerborum
533 2454 677 2521 Socratis
700 2455 894 2542 disquisitio.

182 2671 310 2739 Socrati
326 2668 390 2735 duo
406 2669 561 2758 emtique
576 2683 668 2737 erant
683 2673 721 2738 de
738 2674 897 2738 communi
912 2672 1076 2740 hominum
1092 2683 1120 2739 et
1135 2675 1309 2740 mulierum
1321 2673 1456 2738 uirtute:
1473 2696 1586 2758 unum,
1604 2674 1689 2761 quod

139 2781 274 2846 mulieri
295 2782 403 2846 minus
426 2787 506 2867 apta
521 2790 590 2847 crat
606 2781 767 2847 hominurn
784 2781 970 2869 disciplina,
987 2793 1022 2847 ut
1037 2785 1073 2849 in
1088 2805 1123 2848 re
1139 2785 1262 2848 musica
1278 2793 1307 2846 et
1320 2783 1528 2870 pyrnnustica,
1553 2782 1688 2848 alterurn

136 2912 176 2954 ea
199 2891 357 2956 communi
379 2891 529 2977 opinione
553 2893 720 2958 contrario
743 2891 929 2958 derivatum.
954 2891 1056 2960 Stoici
1077 2913 1160 2978 uero,
1178 2889 1317 2955 concdsns
1340 2889 1413 2954 ticet
1439 2890 1592 2955 virtutem
1615 2911 1688 2954 con-

138 2999 260 3083 cedant,
284 2999 385 3064 ctiam
408 3021 472 3064 esse
495 3001 632 3065 hominis
656 3009 684 3064 ct
707 2999 853 3064 mulieris
876 3001 1007 3084 speciem
1032 3009 1157 3084 scopant.
1182 2999 1398 3086 Peripatetici
1419 3009 1524 3062 autem
1547 2996 1687 3062 eamdem

138 3107 233 3172 aiunt
250 3097 313 3173 esso
328 3108 470 3193 speciem,
485 3130 550 3172 non
566 3109 708 3174 camdem
721 3131 793 3174 oero
805 3109 961 3173 uirtutem.
977 3108 1064 3185 Quid
1068 3110 1141 3195 jam
1157 3129 1294 3193 mapnus
1310 3106 1490 3172 Theodorus
1503 3103 1691 3172 Asinaeus?

104 3302 106 3306 .
183 3215 209 3280 Ι.
233 3214 304 3280 Aut
326 3213 455 3280 nuliam
479 3215 696 3303 autaliquem
713 3238 907 3282 communem
922 3216 1055 3281 mulieri
1076 3214 1278 3281 concedemus
1302 3217 1461 3280 uirtutem.
1487 3212 1527 3278 Si
1548 3214 1686 3297 nuttam,

139 3320 299 3386 ciuitatem
316 3331 462 3387 truncans
478 3323 661 3388 babebimus
676 3325 712 3388 in
721 3324 915 3412 parentibus
931 3333 959 3389 et
967 3323 1064 3408 filiis.
1080 3321 1120 3389 Si
1135 3323 1281 3409 aliquam
1303 3330 1436 3406 tantum,
1459 3341 1555 3408 αοριιο
1570 3319 1687 3387 mutila

138 3428 252 3494 ciuitas
275 3429 347 3512 crit,
371 3430 407 3494 iu
431 3453 495 3516 quo
518 3431 603 3496 nihii
615 3431 823 3519 perfeetum
846 3454 918 3518 erpo
941 3437 1008 3496 tota
1032 3432 1139 3496 virtus
1164 3431 1338 3496 communis
1361 3431 1432 3495 erit.

182 3539 225 3603 11.
254 3535 384 3602 Constat
406 3538 516 3603 eadem
540 3539 648 3605 studia
672 3541 745 3605 hinc
769 3549 797 3605 et
819 3539 895 3606 inde
918 3561 983 3606 esse
1006 3541 1197 3624 communia,
1214 3548 1279 3604 tuns
1302 3561 1341 3604 cu
1363 3536 1592 3622 Amazonibus,
1617 3545 1685 3602 tuns

139 3667 176 3710 oe
199 3646 367 3712 Lusitanis
390 3647 587 3714 mutieribus.

182 3755 242 3820 111.
269 3752 401 3820 Constet
424 3777 463 3820 cc·
485 3754 578 3819 rebus
601 3757 703 3821 sceris
726 3765 754 3822 ct
777 3759 955 3845 tiseolopicis
979 3757 1125 3824 mulieres
1141 3778 1205 3822 essc
1228 3748 1293 3822 diis
1316 3759 1488 3842 cooptatos,
1514 3776 1536 3818 a
1559 3751 1687 3817 numine

137 3861 272 3948 affictas,
296 3885 334 3926 ac
355 3885 427 3938 nere
444 3864 675 3951 prophetissas.
787 3935 789 3940 ,

182 3969 240 4034 IV.
262 3967 454 4036 Mulieribus
470 3971 578 4036 cadens
594 3996 673 4060 quos
689 3973 873 4042 hominibus
889 3999 1012 4063 orpana
1027 3976 1146 4042 dantur
1161 3975 1204 4040 ad
1219 3971 1402 4056 uidendum,
1418 3971 1463 4036 ad
1478 3968 1684 4052 audiendum,

138 4072 182 4139 ad
205 4075 442 4163 ambulandum,
468 4081 512 4145 ad
535 4082 749 4168 copitandurn,
774 4085 819 4149 cd
834 4085 1019 4171 amandum,
1035 4095 1063 4150 et
1082 4106 1176 4173 quarn
1192 4084 1308 4171 optimc
1330 4082 1367 4146 in
1390 4078 1528 4166 sinpulis
1551 4076 1684 4144 actibus.

141 4177 267 4254 Quidni
289 4185 400 4252 ecdem
422 4189 484 4253 crit
506 4189 638 4259 uirtus?
1541 4238 1543 4242 -

185 4293 224 4358 V.
247 4293 444 4361 Documento
466 4298 509 4363 sit
531 4297 615 4384 quod
638 4297 792 4388 Aepyptii
808 4301 846 4366 de
862 4302 987 4369 Hstcna
1002 4304 1156 4391 referunt,
1174 4311 1248 4368 testo
1263 4299 1400 4388 quodam
1410 4297 1570 4386 propheto
1589 4296 1686 4362 citato

138 4392 309 4485 αὐτολεξεὶ,
334 4413 362 4467 ct
378 4405 463 4491 quod
481 4404 599 4472 Graeci
614 4407 725 4474 nubent
740 4409 779 4474 de
801 4411 949 4478 Diotimo
972 4411 1061 4499 apud
1083 4412 1255 4477 Platonem
1271 4408 1431 4498 fatidica,
1449 4417 1478 4473 et
1501 4405 1632 4472 barbari
1648 4403 1687 4468 dc

141 4508 311 4576 Tiseooceno
335 4521 363 4576 et
385 4513 424 4578 de
446 4513 598 4580 Berenice
622 4519 747 4604 inopiae
769 4520 938 4606 magistra.

184 4619 268 4686 Tune
290 4621 354 4686 duo
377 4620 522 4689 Socratis
545 4622 647 4690 dubia
664 4623 770 4711 facite
792 4627 966 4698 solvuntur.

726 4881 1098 4892 ...affl—..-

181 5056 225 5126 M.
249 5060 306 5128 fol.
333 5063 395 5128 140
419 5085 449 5130 v,
474 5061 532 5129 Ed,
556 5087 589 5148 p.
613 5066 689 5129 420.
938 5058 1126 5145 μνώοονται.
1155 5093 1193 5106 -·
1217 5058 1239 5124 1.
1264 5059 1306 5124 48
1330 5048 1448 5132 ἕξουσιν
1473 5042 1615 5142 ἀνδράσι)
1643 5041 1687 5130 ἕξ.

180 5169 224 5234 M.
242 5170 298 5236 fol.
318 5171 391 5236 141.
408 5207 450 5218 -
467 5171 490 5238 l.
504 5174 546 5237 43
560 5161 716 5254 ἀπέδειξε)
734 5159 883 5248 ἐπέδειξε.
937 5180 1002 5245 τοῖς
1028 5160 1114 5258 ἀνδρ.

134 5314 176 5326 w
202 5277 224 5343 l.
249 5278 292 5342 44
317 5277 427 5366 ἀρεταὶ
450 5280 618 5368 γυναικῶν)
639 5278 693 5343 καὶ
717 5288 884 5369 γυναικῶν.
982 5277 1026 5343 Μ.
1052 5277 1108 5343 fol.
1135 5277 1195 5341 141
1221 5296 1250 5342 v.
1267 5275 1326 5342 Ed.
1349 5297 1380 5360 p.
1404 5274 1480 5339 421.
1497 5309 1539 5321 -
1563 5271 1586 5337 l.
1611 5271 1629 5336 7
1655 5271 1685 5332 ὲν

135 5423 177 5434 -
202 5387 224 5454 l.
249 5388 292 5452 46
316 5396 418 5451 ταῦτα
442 5387 678 5478 γυμνάσονται)
701 5398 804 5453 ταῦτα
828 5412 883 5478 γυ·
938 5388 1037 5468 αὐτῷ)
1063 5387 1093 5449 ἑν
1118 5386 1230 5464 ἐαυτῷ.
1254 5419 1298 5430 -
1321 5383 1343 5449 l.
1362 5385 1381 5448 8
1403 5370 1593 5468 διαφέρεται)
1619 5367 1687 5440 δια-
