4022 6072
765 595 905 687 Moyses
922 597 964 668 de
985 592 1136 668 Graecia
1668 603 1721 659 12⁷

178 767 289 823 facient
302 773 392 840 atque
405 766 570 824 servabunt
580 786 605 821 ε.
619 766 682 822 Ηοε
695 782 767 838 ergo
779 765 921 823 vaticinio
976 764 1062 836 quasi
1081 763 1214 822 studiosa
1235 765 1271 822 de
1290 763 1399 822 divinis
1412 763 1507 836 gestis
1527 763 1663 821 coniecta
1681 765 1722 822 vi·

177 859 264 930 qussi
277 877 295 915 a
307 866 391 933 patre
402 858 529 917 coelitus
542 859 665 931 prolato,
677 875 751 928 cum,
764 856 840 914 sicut
851 857 920 928 dixi,
976 855 1109 912 deantur.
1128 857 1193 912 Hoc
1212 856 1305 929 igitur
1318 874 1393 930 opus
1406 855 1513 914 Graeci
1525 856 1723 913 Homerocen-

179 948 272 1021 regiis
290 949 431 1006 thalamis
454 949 542 1021 virgo
565 965 697 1020 congrua
718 950 921 1020 quaereretur,
975 953 1076 1004 tonem
1094 949 1142 1006 vel
1161 949 1407 1019 Homerokentru,
1427 946 1506 1004 sicut
1524 947 1594 1020 dixi,
1613 965 1721 1005 vocare

158 1111 163 1122 Ι
178 1043 297 1112 reperta
307 1039 517 1110 estAtbenois,
527 1043 559 1094 et
568 1037 606 1094 ad
618 1037 734 1109 regiam
743 1035 847 1093 urbem
857 1051 922 1106 per·
976 1045 1204 1096 consueverunt.

179 1127 275 1202 duots,
294 1135 326 1186 et
345 1130 382 1186 ab
400 1129 500 1186 Attieo
521 1128 588 1203 ejus
607 1128 745 1201 episcopo
763 1125 921 1199 baptizata,
1011 1131 1051 1187 Et
1070 1130 1140 1203 quia
1152 1137 1254 1188 noster
1266 1131 1356 1200 Maro,
1368 1148 1421 1204 per
1440 1147 1574 1204 quaeque
1594 1147 1721 1204 sequens

179 1239 248 1278 cum
260 1221 439 1296 baptismate
453 1220 543 1278 simul
556 1224 710 1292 assumpto
727 1218 845 1274 nomine
864 1236 922 1290 quo
967 1216 1147 1290 Homerum,
1166 1218 1338 1277 universam
1351 1219 1418 1292 ejus
1431 1219 1588 1276 materiam
1606 1219 1637 1276 in
1655 1237 1720 1293 poo-

178 1311 214 1366 de
228 1317 345 1368 caetero
358 1315 516 1368 vocaretur
529 1313 691 1380 redactio,
705 1307 784 1380 quod
796 1308 934 1381 respiat
975 1306 1105 1364 matibu's
1126 1307 1190 1365 suis
1213 1315 1336 1365 secutus
1356 1315 1416 1378 est,
1436 1309 1537 1366 nascio
1556 1307 1624 1380 qnia
1643 1308 1721 1381 (ejus

177 1401 273 1458 citura
291 1402 340 1459 val
357 1400 453 1458 bonae
465 1399 630 1458 voluntatis
643 1415 802 1472 possumus
815 1397 921 1454 dicere.
976 1397 1053 1453 euim
1072 1415 1180 1454 nomen
1198 1415 1257 1454 non
1276 1397 1393 1471 repperi
1403 1399 1426 1471 1)
1441 1397 1615 1470 diligentius
1635 1415 1722 1470 qnae·

212 1493 287 1549 Post
304 1493 386 1562 haec,
405 1496 538 1564 tempore
558 1487 695 1561 quodam,
714 1489 751 1544 de
769 1486 859 1545 Jonia
877 1505 920 1544 re·
974 1488 1056 1560 rens)
1075 1487 1133 1544 iter
1152 1487 1230 1544 idem
1249 1506 1301 1561 per
1325 1505 1394 1546 eum
1420 1505 1543 1560 gressus
1569 1489 1721 1561 estquod
1822 1492 1824 1496 ’

177 1581 273 1654 gione,
293 1580 381 1652 cnjus
393 1579 509 1636 scilicet
522 1585 612 1651 caput
623 1583 671 1636 εει
683 1577 830 1651 Ephesus,
846 1577 924 1634 dala·
974 1577 1129 1634 Eudoohia
1147 1595 1252 1649 gressa
1270 1583 1371 1635 fuerat
1389 1597 1442 1652 per
1460 1579 1633 1651 Homerum,
1653 1597 1720 1635 con·

175 1680 241 1730 tum
253 1677 301 1729 est
313 1670 479 1728 Theodosio
492 1667 663 1742 imperatori
677 1669 788 1724 malum
801 1685 921 1741 pomum
974 1665 1078 1723 ficiens
1097 1684 1171 1739 opus
1192 1685 1229 1724 ex
1249 1667 1376 1726 diversis
1398 1668 1464 1741 ejus
1482 1668 1556 1726 locis
1579 1669 1617 1724 ab
1636 1668 1721 1726 initio

175 1763 274 1820 mirae
286 1761 514 1834 magnitudinis,
534 1759 623 1834 quale
641 1776 729 1816 namo
749 1776 781 1816 se
809 1758 921 1816 vidisse
975 1759 1134 1830 Geneseos,
1147 1777 1243 1832 usque
1256 1759 1294 1816 ed
1313 1764 1431 1832 tempus
1450 1763 1619 1832 arralipaeoa
1638 1759 1720 1818 Obri-

175 1851 358 1909 meminerat.
372 1851 437 1908 Hoc
456 1849 645 1907 Theodosius
663 1855 819 1921 acceptum
834 1847 922 1920 quasi
974 1849 1023 1922 ati,
1036 1850 1127 1906 idest
1140 1851 1330 1908 ascensionis.
1344 1852 1408 1908 Hoc
1420 1852 1514 1924 igitur
1527 1869 1603 1926 opus
1616 1857 1721 1909 auctor

175 1941 353 1998 miraculum
371 1939 454 1998 misit
472 1939 567 1996 uxori.
586 1939 644 1996 Illa
662 1956 733 1995 vero
747 1945 920 2010 susceptum
975 1940 1070 2013 ipsius
1088 1941 1208 1998 vocarit
1221 1941 1515 2016 Virgiliolrantonem,
1532 1941 1611 1998 sicut
1622 1942 1721 2000 Eudo·

176 2029 259 2085 misit
271 2029 397 2086 Paulino
410 2028 542 2086 senatori
562 2027 785 2101 speciosissimo
804 2027 877 2096 viro,
890 2026 923 2083 li·
975 2030 1042 2086 chia
1053 2029 1207 2102 praedicta
1219 2031 1297 2102 quod
1310 2031 1376 2104 ipsa
1388 2031 1557 2087 coniecerat
1574 2031 1717 2087 Homero·

176 2119 385 2192 beralibusque
410 2119 518 2176 studiis
542 2119 654 2192 pariter
680 2117 919 2176 instructissimo.
973 2121 1141 2176 kantonem.
1160 2121 1200 2176 Et
1217 2121 1275 2178 hoc
1301 2128 1348 2178 εει
1373 2121 1453 2193 quod
1471 2120 1574 2179 multis
1593 2120 1718 2192 Latinis,

175 2209 231 2265 llle
250 2225 322 2267 vero
341 2225 396 2266 ceu
414 2207 534 2265 nescius
552 2208 631 2265 unde
650 2208 793 2279 venisset,
814 2225 920 2264 rursus
973 2209 1033 2267 imo
1046 2211 1496 2284 iareounctisignotnmbeatns
1507 2210 1719 2284 Hieronymus,

177 2297 264 2370 qnasi
282 2315 342 2354 non
364 2304 434 2354 ante
452 2295 551 2354 visum
569 2297 746 2353 miraculum
765 2297 847 2353 misit
870 2296 921 2352 im·
974 2301 1052 2357 siout
1070 2299 1212 2374 praedixi,
1233 2300 1269 2357 de
1291 2300 1406 2356 cunctis
1425 2299 1547 2370 veteris,
1564 2317 1719 2371 novaeque

177 2387 308 2463 peratori
325 2395 392 2461 poet
409 2387 483 2444 duos
497 2387 568 2445 dies·
582 2389 749 2460 Imperator
766 2405 838 2444 vero
852 2405 920 2443 1111111
974 2391 1145 2465 Scripturas
1158 2392 1244 2448 libris
1258 2398 1436 2465 argumenta
1450 2407 1637 2464 componens,
1651 2390 1719 2447 sori·

178 2475 353 2548 agnovisset
365 2478 431 2546 hoc,
443 2476 607 2544 abscondit,
618 2483 649 2533 ει
659 2476 761 2534 abiens
775 2475 851 2532 dixit
862 2478 921 2532 Au·
973 2481 1017 2538 bit
1030 2481 1068 2538 ad
1080 2481 1177 2539 virum
1190 2498 1341 2538 summum
1350 2480 1518 2550 Paulinum,
1529 2479 1566 2537 do
1580 2485 1719 2537 senatore

177 2571 287 2639 guttae
313 2567 397 2623 <Per
419 2567 548 2624 sulutem
569 2584 681 2637 meam,
703 2566 815 2622 melum
841 2566 920 2638 quod
973 2573 1188 2647 presbyterum,
1201 2571 1232 2628 in
1250 2572 1379 2646 epistola
1391 2569 1718 2628 'cuiinitiurnraPatsr

177 2656 247 2713 misi
265 2657 328 2727 tibi,
347 2657 400 2714 ubi
418 2657 511 2714 esti»
531 2657 572 2714 Et
590 2657 660 2713 illa:
687 2657 772 2713 «Per
791 2657 920 2714 salutem
972 2663 1148 2722 Ambrosius
1161 2668 1214 2720 tua
1229 2663 1302 2719 mihi
1314 2664 1492 2721 munuscula
1511 2663 1656 2735 deferens,
1672 2661 1721 2718 de·

176 2762 280 2815 meam,
291 2745 471 2802 manducavi
479 2745 584 2802 illud».
596 2746 679 2802 'lunc
689 2746 734 2802 ira
745 2752 854 2816 motus,
862 2764 920 2802 ma·
974 2753 1046 2809 tulit
1065 2758 1096 2810 ει
1114 2752 1310 2811 suavissimas
1329 2751 1483 2810 litteras».

177 2831 239 2887 lum
248 2833 336 2904 jubet
355 2832 462 2904 afferri,
483 2841 514 2891 ει
532 2835 690 2892 Paulinum
704 2836 822 2893 exulem
838 2834 920 2891 mitti

176 2919 207 2976 in
232 2920 462 2996 Cappadociam,
483 2921 583 2995 ibique
608 2924 745 2996 protinus
771 2923 920 2980 decollari.
1229 2930 1408 2990 ornemur
1425 2931 1467 2988 11.

176 3012 253 3068 'Pum
271 3019 340 3086 post
359 3011 500 3071 abdicans
513 3013 705 3087 Hudochiam,
718 3014 800 3072 misit
817 3013 920 3070 Hiero·

177 3100 323 3174 ⁸0¹5m³m
335 3102 366 3171 ¹l·
1008 3112 1048 3167 Et
1066 3110 1185 3182 quiade
1204 3111 1355 3183 praesenti
1373 3110 1512 3184 capitulo,
1527 3129 1583 3170 ceu
1600 3117 1719 3184 puncto,

211 3189 276 3257 QUO
289 3207 357 3247 1111111
369 3190 920 3266 1111161111ἆο1611111111(1111111011111111
975 3200 1049 3258 satis
1069 3199 1181 3256 dictum
1194 3205 1249 3273 εει,
1265 3201 1300 3257 ds
1314 3200 1409 3256 altero
1422 3201 1502 3273 quod
1516 3202 1638 3273 paulum
1650 3207 1720 3274 post

177 3297 244 3336 cum
257 3281 361 3338 multis
373 3280 515 3338 orationis
529 3299 620 3338 cauea
633 3280 763 3364 donariis
773 3282 845 3339 illuc
858 3300 922 3356 por·
973 3289 1109 3362 ejusdem
1128 3287 1272 3361 epistolae
1284 3288 1469 3362 principium,
1488 3287 1600 3362 pariter
1618 3304 1721 3344 neces·

175 3375 304 3442 rexerat,
313 3377 344 3428 et
354 3371 492 3428 oratoriis
503 3378 672 3429 sanctorum
682 3373 816 3429 locorum
824 3373 921 3430 mults
974 3378 1086 3436 sarium
1099 3396 1166 3435 reor
1179 3377 1295 3451 exponi,
1311 3377 1425 3436 seilicet
1437 3379 1473 3436 da
1487 3377 1613 3450 eoquod
1627 3376 1717 3432 dixit:

175 3461 360 3533 contulerat),
377 3462 507 3519 inventis
520 3461 630 3519 ibidem
643 3462 789 3536 episcopis
802 3463 920 3521 duobus
971 3487 988 3520 a
1003 3467 1104 3524 Habet
1129 3467 1229 3523 nescio
1249 3467 1321 3538 quid
1345 3467 1466 3524 latentis
1486 3467 1625 3539 energiae
1648 3465 1719 3522 viva

176 3551 288 3610 sanctis
307 3558 339 3609 ει
351 3553 418 3610 aliis
436 3553 554 3626 magnis
568 3553 649 3624 viris,
660 3553 791 3610 Patricio
804 3554 921 3611 scilicet
972 3577 1032 3615 vox
1042 3579 1067 3614 r.
1085 3561 1188 3631 Hrporr
1206 3574 1314 3629 graece
1327 3557 1437 3614 dicitur
1454 3575 1535 3630 opus,
1551 3557 1718 3614 derivatum
1740 3578 1748 3596 ν

176 3648 266 3715 atque
279 3642 434 3716 Simplicio,
448 3644 556 3700 Corma
568 3650 657 3715 atque
671 3644 798 3716 Optimo,
811 3645 847 3701 de
860 3644 922 3716 qui·
973 3649 1009 3704 de
1021 3647 1112 3705 verbo
1124 3651 1289 3720 aparatio
1299 3645 1466 3721 (ἐργάζισιαι)
1479 3648 1558 3720 quod
1571 3647 1651 3721 apud
1663 3665 1717 3705 nos

174 3733 233 3792 bus
246 3738 276 3790 ει
289 3734 528 3807 supradiximus,
539 3752 607 3790 cum
620 3742 722 3792 essent
734 3733 793 3807 ipsi
803 3753 920 3808 quoque
972 3737 1095 3795 dicitur:
1113 3739 1248 3809 operari,
1262 3737 1298 3793 da
1311 3755 1370 3808 quo
1383 3738 1565 3809 ergasterium
1578 3736 1716 3811 trahitur,

174 3822 386 3896 sapientissimi
400 3829 430 3880 ει
442 3822 473 3882 iu
482 3823 594 3880 nostris
605 3828 636 3880 ει
645 3822 678 3880 in
690 3823 816 3896 paganis
830 3824 923 3897 scrip·
972 3828 1052 3901 quod
1071 3827 1257 3900 ergastulum
1275 3825 1369 3883 latine
1395 3832 1569 3898 corruptum
1591 3826 1717 3884 dicitur:

174 3912 264 3984 turis,
284 3911 363 3970 sedit
381 3931 449 3970 oum
467 3912 528 3970 illis
545 3912 672 3986 pariter,
693 3921 723 3970 et
741 3931 919 3986 percurrens
972 3935 1010 3974 ex
1028 3934 1096 3989 arpo
1114 3933 1185 3972 vero
1198 3915 1323 3987 nomine,
1338 3915 1490 3974 derivatur
1502 3916 1628 3973 verbum
1643 3935 1718 3974 com·

174 4003 249 4060 duas
267 4004 390 4060 Homeri
402 4021 516 4077 poeses,
530 4005 561 4061 id
574 4011 628 4076 εει,
642 4005 767 4062 Iliadem
780 4012 811 4062 et
823 4006 920 4079 Odys·
972 4007 1102 4078 positum
1115 4024 1183 4063 cum
1195 4023 1231 4063 era
1249 4023 1359 4077 graeca
1376 4006 1601 4079 praepositione,
1620 4006 1652 4063 id
1670 4012 1718 4064 εει

174 4091 257 4163 siem,
270 4092 387 4149 notarit
399 4092 565 4165 diligenter,
579 4099 614 4148 ut
631 4092 699 4165 dixi,
714 4111 919 4166 quaecumque
972 4098 1114 4168 anerper'n,
1134 4095 1213 4166 qnod
1232 4100 1286 4166 est,
1300 4093 1330 4151 in
1343 4111 1438 4167 opere,
1450 4096 1500 4151 vel
1512 4095 1653 4152 exercitio
1672 4096 1717 4152 rei

173 4185 241 4241 visa
259 4189 330 4240 eunt
347 4183 378 4239 in
397 4183 543 4240 ambabus
557 4184 594 4240 ad
608 4182 709 4242 divina
727 4191 815 4255 gesta
833 4184 920 4258 perti-
973 4184 1136 4259 cujuslibet
1155 4201 1230 4241 esse.
1249 4183 1327 4240 Hinc
1346 4201 1464 4257 campen
1484 4184 1652 4242 derivatum
1670 4203 1718 4242 no·

173 4291 252 4345 nera,
271 4275 322 4330 vel
339 4275 475 4351 innovo,
488 4275 538 4332 vel
555 4275 587 4332 in
605 4275 700 4332 veteri
720 4279 919 4347 testamento;
972 4290 1049 4344 men,
1067 4273 1100 4330 id
1119 4278 1174 4344 est,
1195 4272 1356 4345 studiosus,
1376 4273 1492 4329 scilicet
1510 4273 1561 4346 qui
1579 4279 1719 4331 versatur

174 4369 205 4420 et
223 4380 347 4437 carpens
367 4363 403 4420 de
422 4362 550 4421 dirersis
564 4363 638 4421 locis
657 4381 737 4420 nunc
756 4379 858 4436 unum,
870 4365 919 4421 vel
971 4363 1002 4420 in
1022 4381 1098 4438 erpo,
1117 4363 1148 4418 id
1161 4369 1215 4432 εει,
1228 4362 1260 4418 iu
1274 4379 1363 4435 opere
1376 4363 1426 4418 vel
1438 4361 1470 4418 in
1483 4368 1561 4418 actu.
1580 4362 1657 4420 Hinc
1675 4363 1718 4418 ie-

174 4453 257 4522 duos,
271 4452 321 4510 vel
332 4452 435 4525 plures
448 4452 538 4509 etiarn
556 4469 670 4524 versus,
684 4470 762 4510 nnnc
775 4451 866 4509 etiam
879 4452 921 4508 di·
972 4453 1117 4512 minirum
1135 4471 1243 4526 nomen
1261 4456 1379 4524 energia
1393 4451 1556 4522 derivatur,
1570 4452 1601 4508 id
1613 4459 1661 4509 ast
1673 4471 1719 4509 ao·

172 4542 314 4613 midinm,
335 4543 487 4616 congessit
504 4543 535 4599 in
552 4561 662 4614 unum,
688 4542 916 4616 continuamque
973 4549 1037 4600 tum
1055 4545 1106 4602 rel
1118 4543 1204 4600 actio.
1218 4546 1441 4616 Haergamerroe
1453 4559 1570 4614 quoque
1588 4543 1640 4614 qui
1657 4560 1715 4599 ma·

173 4633 326 4690 contexuit
337 4631 506 4689 historiam:
518 4651 693 4705 percurrens
703 4652 722 4688 a
731 4633 834 4689 mundi
844 4633 922 4707 prin·
971 4636 1052 4707 ligno
1063 4634 1170 4708 spiritu
1181 4632 1321 4705 agitatur,
1332 4648 1369 4689 ex
1381 4633 1438 4688 hoo
1449 4633 1541 4691 verbo
1554 4631 1715 4690 derivatur.

173 4721 250 4796 cipio
268 4723 506 4780 Pentateuohum
525 4721 649 4796 Moysis
663 4724 761 4780 dhesu
773 4741 857 4794 nave,
875 4723 921 4796 ju·
971 4725 1058 4793 Quod
1077 4741 1149 4796 ergo
1169 4722 1256 4779 dicit:
1275 4720 1423 4778 «latentis
1442 4721 1619 4794 energiae»,
1639 4721 1715 4778 nihil

173 4812 273 4868 dicum
286 4819 376 4886 atque
389 4809 481 4884 Ruth,
495 4832 530 4869 ac
543 4813 682 4885 deinceps
701 4831 753 4896 per
772 4817 919 4883 caeteros;
971 4813 1053 4870 alind
1072 4818 1119 4871 est
1137 4831 1226 4885 quam
1248 4811 1371 4869 latentis
1396 4811 1521 4870 actionis
1546 4812 1595 4867 vel
1618 4819 1704 4870 actus

171 4919 226 4974 per
244 4901 448 4973 evangelistas
474 4920 592 4975 quoque
618 4909 748 4976 quatuor
766 4920 862 4977 usque
882 4904 920 4960 ad
971 4903 1051 4976 quod
1067 4902 1260 4975 sequentibus
1280 4920 1397 4976 quoque
1410 4902 1510 4962 verbis
1529 4901 1715 4975 exprimitur,

171 4991 407 5063 assumptionem
426 4992 551 5065 Christi3
566 4992 668 5065 sicque
682 4992 848 5065 disponens,
859 5012 919 5051 non
970 4994 1000 5050 iu
1019 4991 1298 5050 commemoratione
1317 5011 1407 5066 quam
1426 4991 1462 5050 de
1481 4992 1621 5066 Eachyne
1640 4993 1715 5050 iacit

172 5079 250 5137 siant
268 5080 312 5138 ab
325 5079 438 5138 editore
456 5081 575 5154 proprio
598 5080 741 5155 disposita
765 5087 843 5151 sunt,
865 5083 919 5139 sed
971 5089 1061 5154 atque
1079 5081 1290 5139 Demosthene.
1328 5133 1331 5140 Δ

210 5313 232 5384 ¹)
251 5309 294 5370 cf.
313 5310 477 5386 Scriptores
495 5313 623 5387 Byzant.
640 5313 679 5371 ad
698 5330 722 5370 a.
742 5313 804 5370 440.
950 5303 964 5312 ’
1007 5313 1033 5388 1)
1052 5312 1111 5370 Vix
1135 5312 1258 5372 dubium
1281 5313 1352 5388 quin
1378 5312 1522 5390 respiciat
1546 5312 1716 5372 Falconiam

970 5404 1109 5462 Probum.
