4006 6074
290 480 327 537 30
785 474 841 547 De
858 495 975 566 campo
991 473 1113 564 ίίονίιίο
1131 477 1341 551 animarum.

289 644 391 720 τείνει,
415 643 453 708 τό
478 635 511 708 δὲ
534 649 574 719 είς
599 642 640 708 τά
663 645 722 709 ὑπό
746 655 815 735 γῆς·
840 650 865 710 εί
890 637 923 711 δὲ
947 643 987 711 τά
1004 645 1158 736 χάσματα
1176 651 1209 713 ού
1229 651 1329 739 χῶραί
1352 647 1432 724 τινές
1458 653 1543 733 εἰσιν,
1570 647 1653 713 ἀλλά
1678 640 1836 738 δαιμόνιαι

288 745 400 829 τάξεις,
425 757 464 827 ὡς
488 743 676 840 ἑδεικνυμεν,
702 744 943 819 διαστέλλουσαι
967 754 1024 830 τάς
1049 767 1111 820 τῶν
1136 753 1241 846 Ιμυχῶν
1265 751 1369 835 λήξεις
1395 760 1536 847 ούρανίας
1561 781 1598 822 τε
1622 759 1675 822 καὶ
1699 758 1834 847 χθονίας,

289 860 389 949 Ἐὠρα
414 859 469 949 μὲν
482 864 616 937 ’ἐκεῖνος
641 865 667 926 εί
684 861 785 951 τύχοι,
803 862 855 926 καὶ
871 861 928 939 τάς
946 863 1130 953 ἀσωμάτους
1148 857 1296 955 διανομάς
1314 877 1375 930 τῶν
1400 862 1517 954 ψυχῶν·
1541 865 1622 955 ἑώρα
1647 857 1680 929 δὲ
1703 867 1757 929 καὶ
1780 865 1836 942 τάς

290 967 472 1056 σωματικάς
498 967 705 1058 μεταστάσεις
731 969 764 1044 ἀς
788 973 947 1034 ἐποιοῦντο
973 961 1024 1034 διά
1048 980 1110 1034 τῶν
1135 972 1308 1061 ὀχημάτων
1332 973 1395 1037 ἀνω
1418 973 1531 1038 τεκαὶ
1555 973 1643 1037 κάτω
1663 975 1836 1062 φερομένων

250 1107 262 1148 ι
288 1067 510 1166 εἰσδεχομένων
529 1077 625 1154 αύτάς
643 1076 801 1155 ἀπιούσας·
818 1078 836 1150 ή
856 1087 918 1142 τῶν
935 1082 975 1153 εἰς
993 1080 1119 1167 ούρανον
1138 1081 1317 1171 ἀναγόντων
1336 1073 1502 1169 δαιμόνων,
1519 1079 1537 1154 ἢ
1557 1091 1619 1146 τῶν
1637 1086 1677 1156 εἰς
1694 1080 1735 1145 τά

289 1405 312 1471 f.
330 1405 350 1469 8
368 1427 397 1469 v.
416 1403 528 1470 eadem
545 1403 678 1470 lacuna:
696 1393 786 1479 διδὼς
812 1403 865 1468 καί
882 1407 916 1468 ἐκ
931 1453 938 1466 .
953 1454 981 1468 ..
1008 1399 1084 1468 εἶναι
1101 1403 1157 1480 τάς
1172 1458 1176 1466 .
1190 1454 1196 1467 .
1212 1454 1218 1467 .
1237 1394 1424 1480 Ποσειδῶνος
1442 1405 1648 1494 ἐπειγόμενος·
1671 1403 1728 1481 τάς
1746 1403 1801 1493 μὲν
1813 1405 1836 1492 ¹)

288 1505 340 1575 οόν
364 1513 399 1574 ἐκ
421 1519 479 1584 τῆς
503 1519 562 1600 γῆς
586 1505 622 1586 ἧς
647 1510 788 1586 ἀνιούσας
813 1511 925 1587 κόνεως
948 1510 1172 1601 πεπληρῶσθαι
1196 1513 1248 1576 καί
1271 1515 1407 1602 αὐχμοῦ·
1432 1513 1488 1589 τάς
1513 1505 1546 1577 δὲ
1569 1505 1601 1590 ἐξ
1626 1516 1753 1602 ούρανοῦ
1777 1537 1836 1577 κοι-

290 1618 414 1694 τιούσας
436 1611 513 1682 εἶναι
537 1615 685 1705 καθαράς·
709 1617 829 1682 τούτων
855 1623 886 1682 αἱ
910 1619 964 1708 μὲν
981 1618 1040 1710 γάρ
1058 1624 1092 1683 ού
1109 1623 1270 1694 παντελῶς
1288 1616 1367 1694 ἦσαν
1383 1622 1460 1696 ὕλης
1485 1620 1583 1698 ἐκτός,
1603 1625 1634 1685 αἱ
1658 1611 1691 1684 δὲ
1715 1620 1835 1696 ταύτης

288 1725 491 1817 ἑκαθάρευον·
515 1724 574 1795 τήν
600 1717 633 1790 δὲ
656 1725 734 1798 ύλην
759 1725 923 1815 αὐχμηρὰν
949 1733 988 1802 ὡς
1012 1727 1142 1817 ἀγωνον,
1168 1729 1220 1792 καὶ
1249 1738 1312 1792 τῶν
1336 1730 1450 1818 λογίων
1481 1729 1638 1820 λεγόντων
1664 1728 1834 1816 ἀκούομεν·

233 1854 259 1892 ιο
288 1829 330 1898 ὧν
355 1828 406 1898 οὖν
431 1834 485 1898 καί
507 1833 549 1898 τά
574 1835 726 1924 ὀχήματα
750 1829 788 1907 ἦν
813 1837 905 1898 ένυλα
930 1836 982 1900 καί
1000 1833 1153 1918 σκοτεινά,
1172 1835 1224 1898 καὶ
1241 1837 1287 1899 ἔτι
1311 1845 1368 1910 τῆς
1391 1836 1570 1925 παχυτέρας
1595 1839 1698 1910 ούσίας
1722 1839 1837 1898 ἀναπε-

286 1943 466 2033 πλησμένα·
490 1942 608 2019 ταύτας
634 1945 754 2031 αὐχμοῦ
779 1943 833 2005 καὶ
856 1943 968 2018 κόνεως
991 1937 1075 2008 εἷπεν
1093 1943 1220 2029 μεστάς·
1238 1937 1279 2006 ὧν
1298 1935 1330 2006 δὲ
1347 1945 1522 2034 κουρότεροι
1546 1943 1587 2008 τά
1611 1935 1835 2032 περιύλήματα

287 2050 341 2116 καί
365 2051 572 2141 ρωτεινότερα
597 2041 648 2115 διά
671 2049 730 2122 τήν
755 2053 785 2114 ἐν
810 2043 927 2138 οὖρανῷ
945 2040 1119 2138 διατριόήν,
1138 2049 1257 2126 ταύτας
1274 2049 1502 2138 καθαρωτέρας.
1528 2056 1592 2113 Πᾶν
1617 2049 1677 2139 γάρ
1701 2047 1836 2137 καθαρόν

286 2159 324 2222 τό
350 2150 447 2246 μηδὲν
473 2158 638 2247 ἀλλότριον
656 2149 878 2246 εἰσδεξάμενον·
896 2156 1062 2246 ἀλλότριον
1081 2148 1113 2221 δὲ
1129 2167 1174 2240 τῷ
1191 2161 1299 2240 λεπτῷ
1315 2159 1353 2222 τό
1369 2158 1466 2248 παχύ,
1491 2159 1544 2223 καί
1567 2168 1612 2240 τῷ
1636 2159 1774 2247 ἑμπυρίῳ
1796 2159 1835 2221 τό

287 2257 410 2357 γεῶδες,
435 2267 488 2330 καί
512 2276 557 2349 τῷ
582 2270 716 2355 λαμπρῷ
739 2267 777 2330 τό
801 2265 969 2329 σκοτεινόν.
997 2270 1030 2329 Εἰ
1054 2255 1086 2330 δὲ
1111 2267 1163 2328 καί
1187 2277 1250 2330 τῶν
1274 2269 1309 2330 ἐκ
1332 2277 1390 2356 γῆς
1408 2270 1555 2330 ἀνιουσῶν
1580 2269 1628 2331 ἔτι
1650 2275 1715 2340 τοῖς
1739 2284 1780 2337 -ζζ-
1796 2281 1836 2332 -::-

236 2398 260 2438 ιο
288 2391 327 2448 ÷2
342 2392 382 2447 ἐξ
400 2373 531 2459 -21--22—2)
556 2373 727 2462 πνεύμασιν
752 2367 978 2463 ὲνεραντάζετό
1004 2398 1050 2449 τις
1067 2378 1175 2438 ἐνοῦσα
1190 2383 1252 2438 τῶν
1270 2377 1333 2439 ἐκεῖ
1356 2379 1551 2438 κολαστικῶν
1573 2374 1677 2438 τόπων
1704 2364 1834 2453 ἰδιότης,

287 2479 349 2545 οἷον
367 2493 422 2546 τοῦ
436 2481 718 2574 Πυριφλεγέθοντος
736 2481 754 2553 ή
771 2492 824 2546 τοῦ
840 2479 1008 2572 Στυγίουθ)
1023 2482 1185 2571 ῥεύματος·
1200 2492 1268 2558 ταῖς
1282 2473 1315 2546 δὲ
1328 2476 1360 2560 ἐξ
1374 2485 1500 2571 οὐρανοῦ
1512 2493 1630 2572 προσῆν
1654 2480 1834 2571 ἑρέλκεσθαί

286 2613 319 2653 τι
343 2599 405 2679 ρῶς
429 2590 544 2656 ἐκεῖθεν
568 2593 780 2682 ἐγγενόμενον,
807 2586 868 2654 οἷον
894 2581 931 2660 δή
957 2590 1109 2664 πολλάκις
1134 2590 1290 2680 ἑλλάμπει
1313 2593 1366 2656 καί
1395 2591 1492 2667 λίθοις
1524 2593 1687 2680 ἀπορροίας
1711 2592 1833 2678 ἔχουσιν

286 2699 377 2767 ήλίου
402 2699 455 2762 καὶ
477 2701 611 2776 σελήνης
636 2699 689 2763 καὶ
712 2698 844 2788 ἀστρων,
869 2689 955 2764 οὐδέν

285 3021 308 3088 f.
335 3025 353 3087 9
378 3021 495 3088 lacuna
520 3023 538 3087 7
564 3043 666 3087 vem:
684 3017 984 3093 κατασκήνασθαι..
1000 3043 1065 3108 ,μα
1082 3021 1135 3085 καί
1152 3009 1202 3084 διά
1221 3019 1341 3085 τούτων
1366 3014 1451 3108 οἶμαι
1476 3013 1571 3094 δῆλον
1595 3031 1658 3085 τῶν
1684 3018 1833 3111 ῥημάτων

229 3145 257 3183 20
285 3127 340 3192 τόν
366 3119 559 3210 δικαστικόν,
584 3129 685 3218 ὥσπερ
710 3131 740 3192 ἐν
764 3137 810 3210 τῷ
833 3129 958 3218 Γοργίᾳ,
975 3127 1071 3192 τύπον
1090 3131 1253 3193 ἀποκαλεῖ·
1269 3133 1295 3193 εἰ
1311 3126 1371 3219 γάρ
1395 3134 1435 3205 είς
1457 3131 1510 3194 τόν
1526 3129 1627 3193 κοινόν
1652 3132 1834 3217 ἀμικνοῶται

223 3320 226 3329 Δ
285 3246 348 3301 τῶν
371 3236 546 3326 χασμάτων
570 3246 680 3325 χῶρον,
705 3231 793 3312 οότος
817 3226 851 3300 δὲ
875 3231 913 3299 αὖ
937 3241 952 3299 ό
978 3228 1134 3327 δαιμόνιος
1152 3238 1247 3315 τόπος
1265 3241 1348 3303 ἐστιν
1368 3243 1399 3304 ἑν
1424 3232 1448 3320 ᾧ
1473 3234 1628 3310 καθῆσθαι
1651 3237 1833 3324 προείρηται

285 3343 356 3420 τούς
381 3336 549 3420 δικαστάς,
574 3349 604 3410 ἑν
629 3351 653 3428 ῷ
675 3345 728 3408 καί
752 3349 767 3408 6
791 3335 884 3409 τοῦδε
908 3354 962 3410 τοῦ
987 3347 1083 3436 λόγου
1108 3346 1213 3436 πατήρ
1239 3348 1439 3412 ἑκεαέλευστο
1463 3343 1547 3435 παρά
1578 3355 1640 3408 τῶν
1667 3335 1832 3419 δικαστῶν,

285 3450 413 3518 θεᾶσθαι
435 3453 542 3518 πάντα
565 3451 607 3516 τά
630 3455 662 3517 ἐν
686 3461 731 3534 τῷ
755 3453 843 3536 τόπῳ
861 3452 914 3516 καί
931 3452 1061 3519 ἀκούειν’
1079 3445 1175 3528 δῆλον
1192 3459 1231 3530 ὡς
1253 3456 1344 3528 αὐτός
1368 3456 1456 3518 ἔσται
1480 3443 1636 3541 δαιμόνιος
1661 3451 1755 3525 τόπος
1779 3449 1833 3512 καί

284 3559 398 3649 λειμὼν
424 3562 563 3626 καὶτῶν
588 3552 744 3626 δικαστῶν
768 3569 878 3651 χῶρος,
904 3560 936 3625 όν
954 3553 1177 3649 ἀπεδείκνυμεν
1195 3559 1365 3650 ἔμπροσθεν
1388 3566 1532 3650 ἐναργῶς,
1559 3561 1651 3623 αὐτόν
1677 3552 1754 3622 εἶναι
1777 3558 1831 3619 τόν

228 3684 257 3727 9⁶
284 3667 390 3760 αἰθέρα
412 3670 466 3734 τόν
492 3672 620 3760 ούρανοῦ
644 3669 697 3734 καὶ
720 3679 778 3744 τῆς
801 3678 860 3758 γῆς
886 3670 961 3745 όλης
986 3671 1079 3758 μέσον
1093 3668 1118 3752 ⁴)
1137 3669 1190 3732 καὶ
1211 3670 1280 3758 οὐχὶ
1303 3678 1365 3732 τῶν
1383 3671 1533 3756 ἑγκοίλων
1559 3667 1658 3755 μόνων
1682 3674 1739 3738 τῆς
1763 3673 1831 3752 γῆς·

284 3777 351 3840 ἔστι
376 3775 430 3863 μὲν
454 3771 506 3841 οὖν
531 3781 546 3840 6
570 3773 685 3865 λειμὼν
710 3770 809 3857 οὗτος,
827 3776 948 3849 ταύτην
965 3777 1046 3865 ἔχων
1062 3775 1122 3849 τήν
1147 3777 1332 3866 ἐπωνυμίαν,
1359 3781 1398 3852 ῶς
1423 3773 1502 3864 ἀρχή
1529 3784 1586 3848 τῆς
1610 3782 1672 3836 τῶν
1698 3775 1830 3861 ρευστῶν

284 3882 419 3972 φύσεως,
442 3883 496 3949 καὶ
519 3893 582 3949 τῶν
607 3887 637 3948 ἐν
670 3890 751 3974 ὑγρῷ
780 3884 976 3973 τρεφομένων
999 3882 1129 3974 περιοχήΙ
1156 3883 1303 3969 πάντων,
1326 3884 1428 3974 λόγων
1458 3906 1493 3946 τε
1516 3887 1754 3971 γενεσιουργῶν,
1778 3877 1833 3941 καί

283 3983 365 4068 ζωῆς
389 3995 498 4068 ὑλικῆς
523 3991 667 4069 ἀστάτως
692 3992 874 4079 κινουμένης
897 3991 1011 4068 τόπος·
1035 4003 1173 4056 τοιοῦτοι
1195 3990 1255 4083 γάρ
1280 3997 1308 4055 οἱ
1338 3995 1486 4078 λειμῶνες
1517 3980 1646 4078 ὑδρηλοί
1676 4010 1755 4060 τινες
1779 3986 1833 4048 καὶ

284 4096 398 4163 ἀνθέων
423 4099 477 4164 καί
500 4098 604 4164 ἄλλων
623 4099 773 4165 τοιούτων
790 4100 949 4191 γέμοντες.
973 4106 1090 4164 Τοῦτον
1108 4089 1324 4190 Ἐμπεδοκλής
1344 4089 1414 4163 ἰδὼν
1432 4099 1485 4162 τόν
1503 4101 1652 4184 λειμῶνα,
1676 4094 1831 4158 παντοίων

227 4217 255 4255 ³⁰
284 4207 378 4272 αὐτόν
403 4203 479 4273 εἶναι
502 4217 607 4271 κακῶν
632 4207 737 4298 πλήρη
764 4203 931 4274 καὶεῖπεν·
955 4207 1009 4273 καί
1033 4207 1137 4293 είπὼν,
1162 4200 1329 4298 ἀνόιμωξεν
1346 4207 1370 4293 ⁵)

596 4368 670 4434 ἔνθα
694 4369 785 4445 κότος
810 4393 845 4435 τε
868 4371 958 4460 φόνος
981 4394 1018 4434 τε
1042 4371 1096 4434 καί
1120 4372 1224 4434 ἀλλων
1249 4367 1339 4434 ἔθνεα
1362 4377 1465 4456 κηρῶν
1481 4386 1521 4439 -;;-

596 4477 675 4552 ἄτης
699 4479 730 4540 έν
753 4480 881 4568 λειμῶνι
905 4477 988 4544 κατά
1012 4479 1123 4553 σκότος
1149 4479 1341 4542 ἱλάσκονται.

284 4636 437 4728 μισοραής
460 4636 520 4732 γάρ
545 4631 633 4714 οὗτος
657 4643 672 4703 6
696 4648 807 4728 χῶρος,
831 4644 870 4716 ὡς
895 4638 1008 4704 καὶτὸ

320 4941 342 5016 ¹)
356 4940 454 4998 Maius
464 4940 494 4997 in
510 4943 579 5014 Καρ.
590 4941 635 4998 ed.
649 4957 669 5012 1,
682 4959 710 5014 p.
723 4941 784 5012 363,
796 4960 823 4997 ιι.
835 4942 864 5004 1:
876 4957 909 5014 11,
922 4959 950 5014 p.
963 4943 1026 5011 228,
1081 4942 1187 5014 pletur,
1207 4939 1279 5013 quin
1298 4945 1399 4996 tamen
1418 4937 1483 4993 hiet
1504 4933 1661 4993 sententia.

282 5049 310 5089 n.
330 5032 355 5104 1,
373 5032 425 5088 ubi
443 5032 501 5104 leg.
521 5039 565 5094 τὰς
585 5037 628 5104 μὲν
654 5031 694 5086 οὖν
720 5033 747 5085 ίκ
772 5037 815 5094 τῆς
840 5037 886 5106 γῆς
915 5035 1026 5093 ἀνιούσας
1117 5029 1142 5102 ³)
1162 5029 1232 5086 cod.
1252 5034 1267 5088 ή
1288 5035 1331 5083 τού
1352 5051 1388 5082 σε.

282 5137 377 5194 usque
396 5121 435 5177 ad
454 5125 559 5191 τούτων,
580 5127 646 5179 bum
664 5128 700 5179 ut
718 5122 797 5179 infra
816 5120 848 5175 ὧν
869 5121 907 5176 τόν
931 5139 1027 5194 usque
1118 5121 1142 5194 4)
1166 5120 1301 5177 Primum
1320 5125 1371 5192 μέν,
1393 5139 1465 5176 corr.
1486 5136 1577 5193 supra
1594 5117 1704 5174 lineam
1723 5117 1805 5188 μέσον.

281 5209 320 5264 ad
339 5212 517 5282 καθαρωτέρας·
1120 5211 1142 5284 ⁵)
1166 5211 1375 5284 Empedoclem
1400 5211 1498 5268 Maius
1525 5208 1680 5283 rescripsit
1704 5207 1734 5264 in
1759 5210 1834 5279 Rep.

318 5297 342 5372 ί)
355 5298 448 5356 Linea
459 5299 577 5373 integra
590 5299 719 5384 stellulis
737 5300 963 5373 quatuordecim
975 5299 1029 5356 im·
1084 5300 1129 5356 ed.
1149 5315 1160 5355 1
1179 5307 1210 5356 eb
1229 5317 1260 5372 11,
1282 5302 1301 5356 l.
1322 5299 1340 5356 1.
