4022 6072
260 531 314 590 ιιι
846 517 994 592 Sanctus
1011 515 1227 610 depretiem

294 694 336 751 Et
348 691 485 750 Salvator
497 689 529 748 iu
541 689 695 748 Matthaso
707 688 746 746 ad
759 687 918 762 disoipulos
931 702 1003 744 suos
1059 686 1096 744 da
1109 687 1206 744 sanoti
1218 686 1346 761 Spiritus
1363 687 1482 748 deitato.
1495 689 1544 748 ad
1562 689 1730 750 Corinthios
1741 709 1802 750 rua·

260 784 350 842 dixit:
372 804 389 837 e
407 783 474 840 Nou
492 781 569 838 euim
595 797 650 839 vos
669 779 742 838 estis
771 777 821 852 qni
839 774 1003 852 loquimini,
1058 777 1154 850 gister
1166 777 1301 849 gentium
1311 778 1626 853 loquitur:‹Nesoitis
1635 783 1706 856 quia
1714 800 1803 840 mem·

259 875 314 934 sed
323 873 451 948 Spiritus
464 876 584 930 sanetus
593 872 646 944 qui
654 871 794 944 loquatur
805 868 836 926 in
846 867 932 926 vobis
940 867 1004 942 ¹)».
1058 867 1112 924 bra
1123 873 1225 925 restra
1238 869 1381 942 templum
1393 876 1464 928 sunt
1476 871 1604 945 Spiritus
1617 873 1734 932 sauoti?
1742 873 1766 944 ἰ
1776 892 1801 930 ι.

293 964 334 1020 Ει
349 969 508 1037 propterea
526 961 643 1033 quando
661 959 704 1035 pii
722 965 817 1033 vates,
834 957 1004 1015 exundante
1058 958 1098 1013 Ει
1115 957 1296 1016 subseoutus
1314 959 1443 1033 adjeoit:
1463 979 1481 1014 ‹
1498 961 1670 1020 Glorifiaate
1688 970 1719 1022 st
1737 982 1802 1038 por·

258 1053 290 1111 iu
302 1071 335 1110 se
347 1051 460 1127 Spiritu
471 1056 574 1109 sanoto
591 1050 623 1107 in
635 1050 697 1106 alto
715 1048 824 1106 mentis
840 1046 1005 1105 efferuntur
1059 1053 1122 1103 tate
1140 1048 1237 1104 Deum
1255 1045 1286 1104 in
1312 1066 1435 1122 oorpore
1452 1057 1562 1108 vestro.
1581 1071 1598 1104 ιι
1623 1053 1680 1109 ille
1699 1053 1802 1126 utique

259 1158 391 1211 exosssu,
410 1141 454 1197 ita
473 1140 617 1198 dicentes:
638 1139 748 1195 «Haeo
768 1137 839 1194 dicit
858 1136 1004 1194 Dominus
1058 1152 1137 1194 unus
1162 1142 1252 1210 atqua
1275 1137 1355 1195 idem
1379 1140 1463 1198 Deus
1481 1140 1594 1213 portari
1618 1141 1803 1214 significatur

259 1231 342 1289 Deus
360 1250 378 1285 ›
402 1230 452 1287 vel
476 1250 494 1285 e
511 1230 593 1286 Deus
616 1229 753 1298 Deorum,
776 1227 859 1284 Deus
883 1226 1006 1283 loeutus
1058 1229 1091 1286 in
1104 1245 1234 1303 corpore,
1255 1228 1304 1286 oui
1319 1228 1350 1286 iu
1369 1228 1555 1288 diversarum
1568 1231 1803 1290 sanotiiioationa

260 1327 308 1379 ast
326 1341 343 1376 ι
369 1322 523 1378 ethorum
548 1318 664 1389 similia,
690 1317 728 1374 ad
753 1317 851 1374 sanoti
877 1314 1005 1389 Spiritus
1059 1318 1804 1392 virtutumtemplnmpraeparaturinoorda.Num·

259 1413 451 1486 majestatem
468 1409 638 1468 noverimus
658 1425 726 1465 esss
744 1406 942 1464 referendum.
1059 1405 1132 1480 quid
1156 1407 1300 1479 tempium
1318 1406 1400 1464 istud
1426 1407 1503 1466 alius
1523 1408 1633 1467 hebere
1652 1409 1803 1483 putandus

296 1501 568 1574 Perfectusitsque
586 1500 749 1557 Deusssse
763 1497 927 1556 dinoscitur
940 1495 1005 1554 sins
1061 1502 1109 1552 est
1134 1501 1165 1552 et
1183 1493 1261 1551 alius
1286 1496 1460 1569 possidere?
1484 1504 1519 1556 ut
1544 1499 1621 1556 alius
1647 1499 1688 1556 sit
1712 1500 1804 1569 Deus,

260 1609 319 1666 quo
331 1589 432 1648 Patris
445 1589 494 1648 rel
508 1587 577 1644 Filii
589 1588 673 1645 nulla
682 1587 851 1645 divinarum
860 1586 1006 1644 virtutum
1061 1585 1138 1642 alins
1164 1584 1292 1658 Spiritus
1318 1586 1462 1644 sanstus?
1487 1587 1553 1645 Non
1578 1588 1622 1646 ita
1647 1595 1711 1649 ast:
1737 1606 1805 1646 oum

260 1679 403 1755 parisotio
423 1677 599 1736 oalebrstur.
1060 1677 1138 1734 enim
1157 1675 1304 1749 superiori
1323 1676 1452 1750 capitulo
1471 1678 1594 1736 dixerit:
1615 1700 1632 1735 e
1650 1681 1712 1737 Vos
1730 1680 1805 1737 estis

299 1769 356 1827 Sed
375 1768 500 1825 forsitan
519 1767 617 1828 dioas:
637 1767 668 1823 Si
687 1765 856 1841 specialiter
870 1765 927 1824 soli
945 1763 1008 1841 Spi·
1061 1763 1206 1836 templum
1222 1765 1279 1822 Dei
1292 1781 1323 1821 ιι.
1342 1766 1382 1824 ut
1401 1765 1431 1824 iu
1450 1769 1602 1841 sequenti:
1621 1789 1638 1824 ιι
1650 1769 1713 1826 Vos
1731 1767 1805 1825 estis

262 1857 334 1918 ritui
352 1865 454 1918 sanato
473 1859 690 1932 Prophetarum
708 1856 865 1932 inspiratio
883 1856 1007 1930 deputa·
1061 1853 1206 1925 templum
1234 1853 1364 1926 Spiritus
1391 1857 1541 1929 saneti»,
1569 1875 1622 1932 per
1648 1863 1805 1932 utramque

262 1954 319 2020 ιιιι,
334 1967 405 2022 orgo
418 1950 455 2007 ab
468 1947 516 2006 his
529 1946 631 2005 offioiis
644 1965 771 2022 persona
782 1946 853 2003 Filii
865 1952 896 2004 st
907 1946 1007 2004 Patris
1062 1942 1241 2000 sententiam
1259 1944 1349 2002 unius
1368 1961 1434 2002 essa
1453 1963 1580 2018 persona
1591 1946 1647 2004 Dei
1666 1953 1696 2004 at
1709 1946 1807 2004 saneti

262 2038 416 2114 arripitur.
1062 2033 1190 2108 Spiritus
1208 2035 1398 2107 approbatur.
1418 2057 1435 2091 a
1454 2037 1633 2110 Glorifioate,
1650 2037 1755 2111 inquit,
1775 2044 1809 2094 et

296 2130 361 2187 Non
374 2128 418 2186 ita
429 2133 484 2186 est
503 2130 580 2185 Nam
591 2127 650 2186 ιιιεί
662 2124 837 2184 iutrinitats
850 2125 1008 2200 aliquoties
1062 2129 1179 2196 portata
1198 2126 1295 2182 Deum
1313 2125 1345 2182 in
1357 2143 1478 2201 oorpora
1491 2129 1652 2203 resuw)
1670 2137 1706 2186 ut
1723 2129 1808 2186 iudu-

261 2217 415 2276 iuvenitur
439 2217 599 2274 diversitas
625 2231 755 2288 operum,
781 2214 882 2274 uuitss
906 2219 1007 2272 tamen
1062 2211 1193 2270 bitanter
1215 2213 1366 2272 hominem
1390 2216 1474 2274 Deus
1498 2223 1635 2290 portasse
1660 2217 1808 2289 eradatur,

261 2305 443 2379 intelligitur
460 2307 659 2362 voluntatum.
1061 2302 1151 2360 homo
1169 2303 1266 2362 Deum
1284 2311 1402 2378 portare
1421 2305 1608 2380 praecipitur.

299 2393 409 2472 Aooips
426 2411 521 2453 unum
541 2391 638 2452 adhue
660 2392 784 2454 evidens
805 2391 1011 2454 testimonium
1348 2397 1481 2470 Explicit
1491 2397 1523 2472 ⁴).

868 2645 920 2715 De
942 2649 1047 2731 operis
1070 2650 1204 2718 unitate.

302 2863 326 2918 1.
339 2861 421 2918 Deus
433 2861 535 2934 iisque
546 2874 613 2918 osse
626 2859 753 2934 Spiritus
766 2864 897 2931 sanutus,
911 2875 1012 2932 quem·
1065 2862 1193 2937 Spiritus
1212 2868 1343 2936 sanutus,
1365 2864 1445 2922 siout
1468 2865 1656 2940 evangelista
1676 2867 1810 2926 Joanues

265 2952 424 3012 admodum
436 2951 590 3010 nominum
602 2950 878 3024 signifieatiouibus,
892 2949 1013 3022 itaope·
1066 2951 1122 3007 sub
1141 2949 1305 3008 Salvatoris
1330 2967 1402 3008 vooe
1427 2951 1617 3024 prounuoiat:
1644 2973 1661 3006 a
1679 2952 1718 3008 Et
1744 2970 1809 3024 ogo,

265 3063 333 3102 rum
351 3042 508 3100 affectibus
522 3042 751 3113 demonstratur,
765 3042 843 3099 siout
860 3036 1013 3114 apertissi·
1065 3040 1173 3113 inquit,
1193 3041 1305 3113 rogabo
1322 3041 1452 3112 Patrem,
1472 3047 1503 3098 ot
1521 3041 1613 3098 alium
1631 3041 1809 3116 paraclitum

265 3153 313 3194 ms
325 3131 608 3193 testimoniadirina
618 3131 820 3190 manifestant.
831 3131 907 3188 Vide
919 3147 1011 3189 unam
1066 3129 1151 3186 dabit
1167 3129 1262 3200 vobis,
1281 3129 1423 3204 Spiritum
1441 3130 1581 3189 veritatis
1593 3133 1651 3206 at).

265 3226 296 3284 iu
314 3223 489 3284 exornandis
506 3222 671 3281 virtutibus
689 3226 878 3296 potestatem
1101 3221 1136 3277 V.
1155 3221 1246 3277 Pater
1259 3220 1396 3278 etFilius
1407 3219 1472 3278 vita
1490 3229 1538 3278 est
1549 3241 1556 3278 ι
1567 3223 1625 3279 hoo
1644 3227 1674 3278 et
1687 3222 1810 3295 Spiritui

301 3317 341 3374 11.
360 3316 451 3373 Pater
469 3320 500 3372 et
517 3312 613 3372 Filius
633 3312 1012 3370 orsatorestrerum.1te
1066 3317 1177 3381 saneto,
1197 3329 1250 3384 pro
1264 3309 1381 3385 aequali
1398 3311 1566 3386 majestate,
1579 3329 1733 3369 oommuns
1753 3319 1808 3384 ast,

267 3411 298 3464 et
316 3405 445 3481 Spiritus
464 3407 595 3462 sanatus.
614 3405 737 3462 Saorum
751 3402 829 3460 euim
848 3420 901 3476 por
913 3401 1013 3461 David
1066 3400 1144 3460 siout
1153 3400 1283 3474 legimus
1294 3400 1326 3457 iu
1335 3403 1493 3475 propheta:
1506 3423 1523 3456 a
1533 3402 1573 3458 Et
1586 3401 1715 3476 Spiritus
1727 3402 1808 3460 ritas

265 3501 396 3554 testetur
409 3491 578 3552 oraoulum:
596 3515 610 3548 a
626 3491 725 3548 Verbo
739 3489 857 3549 Domini
876 3490 951 3564 ooeli
964 3491 1013 3547 fir·
1066 3500 1131 3553 eret
1143 3493 1174 3550 iu
1186 3492 1273 3552 nobis
1282 3514 1299 3548 »
1311 3493 1355 3566 ¹⁰).
1364 3493 1403 3550 Et
1415 3493 1445 3549 in
1459 3493 1585 3566 epistola
1598 3493 1636 3550 ad
1645 3493 1811 3552 Romanos:

266 3585 340 3644 mati
359 3591 438 3656 sunt,
458 3589 489 3640 et
507 3582 613 3658 spiritu
632 3582 693 3641 oris
712 3582 779 3656 ejus
800 3580 896 3640 omnis
915 3581 1013 3640 virtus
1066 3605 1084 3640 e
1096 3585 1171 3640 Nam
1189 3581 1349 3657 prudentia
1361 3581 1465 3652 earnis,
1479 3599 1559 3638 mors
1573 3589 1627 3638 est.
1646 3582 1810 3640 Prudentia

268 3673 491 3748 somnusue
502 3673 533 3730 in
544 3673 602 3731 alio
611 3673 728 3746 psalmo
738 3672 882 3745 legimus:
895 3692 912 3727 e
923 3672 1015 3730 Emit·
1067 3679 1168 3730 autum
1186 3671 1322 3747 Spiritus,
1341 3671 1405 3730 vita
1424 3676 1455 3728 et
1472 3689 1557 3747 pax»
1569 3671 1613 3746 ¹¹).
1632 3673 1674 3728 Ει
1691 3671 1758 3729 ideo
1781 3671 1812 3727 in

268 3771 299 3823 te
318 3765 460 3840 Spiritum
478 3769 572 3834 tuum¹
592 3763 826 3834 sternebantur,
847 3770 878 3821 et
889 3782 1016 3823 renova·
1067 3763 1221 3840 mysteriis
1231 3762 1374 3837 baptismi
1391 3761 1475 3820 Petri
1487 3769 1518 3820 et
1531 3761 1606 3820 Filio
1621 3762 1814 3837 insoporabili

267 3853 314 3913 bis
331 3853 439 3911 isaiam
457 3857 554 3910 terras
563 3852 587 3926 ⁸)
596 3871 630 3907 ι.
1069 3853 1212 3912 sooistats
1222 3851 1417 3910 eonnectitur.
1430 3853 1470 3908 Et
1482 3858 1639 3927 propterea
1650 3853 1681 3910 in
1694 3852 1813 3910 Christo

303 3943 360 4000 ΙΙΙ.
379 3943 475 4002 Filius
500 3959 553 4017 per
571 3943 691 4000 Patrem
710 3941 742 3999 in
763 3943 893 4017 pretinm
910 3944 1015 4001 hnma-
1068 3943 1166 4003 renati
1187 3943 1292 4001 merito
1314 3959 1383 4000 oum
1401 3943 1481 4002 vitae
1502 3949 1654 4002 auotorem
1677 3943 1811 4015 orsdnnt,

268 4051 325 4091 uae
348 4032 457 4091 salutis
476 4031 617 4090 offertur:
639 4031 775 4089 similiter
800 4050 853 4106 per
874 4033 1016 4106 Spiritum
1069 4037 1132 4095 sine
1160 4054 1219 4109 quo
1245 4035 1421 4093 omnimodis
1446 4034 1590 4092 celebrari
1612 4035 1692 4094 vitas
1719 4053 1815 4094 saere-

270 4129 415 4194 sauotum,
434 4123 514 4180 siout
531 4121 661 4195 legimus
680 4123 718 4178 ad
736 4122 906 4183 Hebraeos:
928 4121 1015 4190 «Qui
1069 4132 1170 4184 menta
1187 4144 1246 4184 uon
1265 4131 1399 4200 possunt.
1418 4125 1549 4183 APatro
1567 4125 1598 4182 iu
1616 4125 1761 4185 Filiorum
1774 4127 1816 4182 lo·

271 4213 466 4287 semetipsum
493 4212 603 4270 obtulit
628 4228 681 4284 per
708 4210 851 4284 Spiritum
879 4216 1017 4269 sunctum
1069 4234 1139 4273 oum
1150 4215 1328 4288 adoptamur
1346 4212 1554 4288 inbsptismo;
1573 4214 1712 4272 similiter
1725 4215 1815 4272 etiam

269 4303 494 4362 immaoulutum
511 4303 575 4359 Deo
588 4303 655 4377 ⁷)s.
677 4303 719 4358 Et
737 4301 796 4358 alio
813 4301 879 4359 looo
900 4301 1018 4359 eviden·
1070 4323 1088 4362 a
1100 4305 1212 4378 Spiritu
1221 4311 1331 4378 saneto,
1343 4305 1447 4376 dequo
1460 4303 1590 4377 legimus
1600 4304 1637 4360 ad
1649 4303 1814 4364 Romanos:

271 4393 388 4452 tissima
406 4410 468 4450 vox
484 4391 538 4448 filii
551 4409 606 4466 per
624 4390 815 4465 prophetam:
834 4410 852 4444 a
864 4390 950 4447 Misit
962 4408 1017 4462 me,
1070 4393 1160 4450 «Nou
1171 4393 1249 4452 euim
1259 4393 1418 4466 aoospistis
1428 4392 1566 4467 spiritum
1577 4391 1736 4452 servitutis
1747 4391 1817 4462 ;ssd

269 4482 375 4554 inquit,
395 4480 539 4540 Dominus
558 4487 590 4537 et
608 4479 736 4554 Spiritus
755 4480 822 4554 ejus
833 4480 858 4554 ⁸)
869 4499 903 4536 r.
1070 4484 1228 4558 uoospistis
1246 4483 1388 4559 Spiritum
1413 4482 1583 4558 adoptionis
1604 4481 1760 4540 liliorum»
1772 4483 1815 4556 ¹⁸).

306 4571 357 4628 lv.
377 4571 468 4628 Pater
493 4575 524 4627 et
542 4569 638 4628 Filius
663 4569 776 4629 veritas
804 4575 866 4630 est:
892 4570 948 4626 hoe
973 4575 1020 4627 ast
1069 4573 1134 4630 Iste
1157 4591 1229 4646 argo
1248 4573 1377 4646 Spiritus
1399 4579 1531 4640 sanetus,
1552 4570 1639 4644 ouius
1660 4589 1713 4644 par
1731 4572 1818 4644 adop·

310 4803 332 4877 ¹)
351 4803 400 4860 Ps.
420 4819 522 4875 mxxiv,
543 4805 569 4860 9.
1107 4807 1130 4880 ο)
1149 4807 1199 4863 Ps.
1217 4821 1280 4873 0111,
1300 4803 1345 4860 30.

308 4893 334 4967 ²)
353 4893 459 4950 Matth.
480 4910 508 4966 ιι,
526 4893 570 4950 20.
1107 4898 1132 4971 7)
1150 4897 1241 4954 Ηιιιι.
1261 4911 1301 4966 rx,
1323 4895 1365 4951 14.

309 4985 333 5058 3)
352 5001 364 5042 ι
383 4986 448 5043 Gor.
466 5001 506 5056 ιι,
527 4986 570 5043 19.
1107 4987 1131 5060 ⁸)
1149 4986 1189 5042 Is
1208 4998 1314 5055 romu,
1334 4983 1377 5040 16.

307 5077 331 5150 ⁴)
343 5061 397 5133 ‘Sio
415 5076 509 5133 oodex
527 5078 605 5135 mala
631 5078 662 5134 iu
687 5077 764 5135 serie
791 5076 940 5148 contiuua,
966 5093 1021 5133 noo
1108 5077 1132 5150 9)
1150 5077 1199 5133 Jo.
1217 5091 1266 5144 xv,
1285 5075 1330 5129 24.

271 5166 372 5240 plaoet
392 5164 501 5224 titulus
529 5169 613 5242 altar,
641 5185 697 5227 uso
723 5185 802 5227 nove
827 5183 1020 5224 numerorum
1099 5165 1133 5241 ¹⁰)
1152 5165 1259 5221 Erech.
1278 5179 1297 5235 ι,
1315 5164 1360 5220 20.

274 5254 413 5328 signatio.
1096 5256 1133 5328 ¹¹)
1152 5255 1236 5311 Rom.
1255 5269 1321 5323 vur,
1340 5253 1365 5309 6.

309 5343 333 5420 ⁵)
351 5343 400 5402 Ps.
420 5359 515 5414 xrxu,
535 5347 560 5402 6.
1098 5345 1133 5420 1²)
1153 5342 1228 5400 Ibid.
1249 5343 1291 5400 15.
