4006 6074
260 557 296 619 86
660 547 752 643 Quid
768 552 1001 627 millenarium
1019 557 1098 628 ante
1115 549 1414 627 instauratiemem.¹

263 732 303 804 ὡς
320 724 468 800 ἑκάσταις
484 715 627 790 δυνατόν·
644 725 726 789 ὥστε
742 725 796 788 καὶ
811 735 906 790 τοῦτο
922 725 1063 816 γίνεσθαι
1077 725 1201 802 πάντως
1218 725 1304 791 κατά
1319 725 1475 818 πρόνοιαν,
1492 725 1529 790 τύ
1550 717 1726 819 διηγεῖσθαι
1752 726 1809 790 ἀλ-

226 899 240 936 ,
263 836 378 912 λήλαις
402 833 580 924 ἀμφοτέρας
596 827 638 897 ὧν
656 832 877 924 ἐπειράθησαν,
900 838 927 898 εἰ
943 834 997 898 καί
1015 833 1057 923 μή
1080 833 1194 911 πάσαις
1210 829 1399 925 Ιεξάνάγκης
1423 834 1554 924 ὑπάρχει
1571 835 1608 899 τ“ο
1632 839 1668 899 ἐκ
1692 833 1811 899 τούτων

261 943 383 1034 ὄφελος·
411 932 555 1033 οὐδὲγάρ
573 934 760 1028 έντῶτῇδε
779 943 835 1026 βίῳ
857 951 957 1006 πᾶσαι
980 945 1144 1032 γίγνονται
1168 945 1311 1031 ἀμείνους
1331 949 1365 1008 ἐκ
1382 952 1445 1008 τῶν
1461 942 1611 1008 τοιούτων
1635 942 1750 1033 λόγων.
1774 947 1813 1006 At

264 1051 319 1142 μέν
336 1045 388 1116 οὖν
405 1049 468 1115 ἀπό
484 1060 547 1114 τῶν
564 1049 695 1139 χθονίων
712 1051 846 1124 ἥκουσαι
861 1050 977 1134 τύπων,
992 1042 1177 1142 διηγοῦνται
1189 1050 1231 1116 τά
1247 1043 1385 1140 δείματα
1401 1051 1443 1116 τά
1460 1055 1534 1128 ἐκεῖ,
1550 1051 1623 1126 τοὺς
1639 1048 1812 1140 ποταμούς,

223 1188 236 1227 ε
263 1159 335 1236 τούς
358 1163 535 1250 ἐφεστῶτας
561 1150 711 1247 δαίμονας
734 1161 908 1235 ποιναίους·
933 1159 987 1222 καί
1011 1159 1158 1223 ἀκούουσι
1181 1159 1301 1223 τούτων
1327 1166 1359 1224 αῖ
1382 1154 1414 1237 ἐξ
1438 1163 1579 1250 ούρανοῦ·
1604 1151 1730 1234 δέονται
1752 1155 1813 1248 γάρ

264 1266 385 1358 μαθεῖν,
409 1270 465 1332 οὐκ
488 1268 617 1357 ἔχουσαι
640 1277 752 1358 γνῶσιν
777 1267 916 1332 πάντων·
940 1270 974 1332 ού
998 1267 1057 1358 γάρ
1074 1263 1149 1340 ήνῆ
1172 1266 1431 1342 ἀποκατάστασις
1455 1271 1558 1332 αὐτῶν
1582 1273 1601 1336 ή
1626 1265 1810 1336 τελεωτάτη

264 1366 305 1442 δι’
329 1373 383 1448 ἔθη
411 1375 564 1459 βέλτιστα
586 1386 645 1451 τῆς
661 1378 692 1440 ἐν
709 1380 827 1465 ούρανῷ
844 1375 1011 1464 τυχούσαις
1027 1368 1157 1453 λήξεως·
1176 1380 1208 1439 αί
1224 1365 1258 1442 δὲ
1281 1369 1314 1454 ἐξ
1338 1378 1465 1464 ούρανοῦ
1489 1374 1546 1452 τάς
1571 1373 1735 1449 εὐπαθείας
1757 1372 1814 1449 τάς

264 1486 337 1566 έκεῖ,
360 1483 416 1548 καί
437 1481 494 1558 τάς
519 1481 588 1559 θέας
605 1481 661 1558 τάς
679 1483 861 1572 ἀμηχάνους
878 1493 924 1565 τῷ
941 1484 1061 1548 κάλλει·
1078 1482 1121 1547 τά
1138 1482 1198 1573 γάρ
1217 1482 1341 1572 ούράνια
1356 1484 1457 1573 ἑώρων
1475 1479 1705 1572 αύτοφανῶς,ά
1725 1485 1816 1569 ήμεῖς

265 1594 323 1680 οὐχ
346 1595 464 1680 ὁρῶμεν
488 1581 541 1655 διά
563 1591 624 1662 τήν
649 1591 834 1674 ἀπόστασιν,
866 1592 919 1655 καί
942 1589 985 1655 τά
1008 1601 1071 1655 τῶν
1096 1591 1243 1679 οὐρανίων
1268 1581 1423 1678 δαιμόνων
1447 1591 1609 1679 ὀχήματα,
1634 1587 1688 1652 καί
1710 1593 1816 1651 πάντα

212 1723 238 1762 ιο
264 1708 355 1788 φῶτα
371 1697 437 1764 θεῖα
459 1699 513 1763 καί
529 1694 610 1779 ζωῆς
627 1699 739 1787 μεστά,
756 1698 809 1764 καί
826 1691 1106 1786 διαπεποικιλμένα
1121 1689 1273 1787 περιόδοις
1292 1692 1390 1773 ίδίαις·
1408 1697 1462 1762 καί
1477 1697 1597 1761 τούτων
1615 1697 1664 1761 ἔτι
1688 1695 1815 1785 μνήμην

265 1801 359 1895 εἶχον·
384 1809 419 1871 ού
443 1804 502 1896 γάρ
527 1809 705 1870 ἀποσπάσαι
721 1817 776 1870 τοῦ
795 1810 922 1897 ούρανοῦ
939 1805 993 1870 καὶ
1007 1804 1067 1876 τήν
1086 1805 1214 1894 μνήμην
1230 1803 1317 1883 εὐθὺς
1334 1809 1470 1896 ἀφῆκαν.
1490 1803 1632 1895 Ἐκράτει
1656 1795 1690 1870 δὲ
1713 1804 1815 1868 αὐτῶν

265 1920 284 1988 ἡ
310 1919 351 1992 είς
374 1914 435 1987 τήν
459 1916 577 2008 γένεσιν
602 1913 681 2005 ὁρμή
707 1914 761 1978 καὶ
785 1904 837 1978 διά
860 1922 955 1978 τοῦτο
978 1911 1137 2003 προήεσαν

265 2130 290 2198 f.
309 2133 360 2211 16,
377 2131 413 2197 in
428 2132 541 2198 eadem
556 2131 692 2197 lacuna:
710 2128 794 2193 ἀλλά
810 2131 858 2206 τίς
874 2134 974 2218 ήχ...
989 2128 1114 2216 πορείαν
1131 2127 1254 2217 εἴρηται
1269 2135 1333 2190 τῶν
1351 2116 1529 2217 διηγήσεων
1546 2125 1600 2192 καὶ
1616 2128 1739 2216 εἴρηται
1754 2135 1818 2190 τῶν
1884 2136 1887 2140 ’

264 2235 395 2326 χθονίων
412 2234 519 2327 ψυχῶν
535 2237 589 2301 καί
604 2247 670 2314 τοῖς
681 2289 688 2305 .
699 2290 724 2305 ..
741 2236 827 2308 κοινή
847 2238 897 2302 ἐπὶ
912 2248 982 2312 ταῖς
998 2234 1147 2309 ἡκούσαις
1164 2227 1282 2299 ἐστί”εκ
1299 2238 1354 2298 τοῦ
1372 2238 1509 2324 ούρανοῦ,
1523 2235 1645 2300 καὶτὸν
1662 2234 1819 2299 Πλάτωνα

212 2369 239 2408 ιε
266 2337 319 2411 διά
328 2355 391 2409 τῶν
404 2344 576 2437 ἔμπροσθεν
591 2351 700 2422 ίκανῶς
712 2351 788 2435 ήμῖν
806 2335 1036 2410 ἀποδέδεικται·
1054 2342 1091 2407 τὸ
1109 2340 1165 2430 μέν
1182 2335 1234 2406 οὖν
1253 2341 1295 2430 μή
1315 2341 1440 2418 πάντως
1458 2343 1509 2408 έπί
1522 2333 1687 2408 δακτύλων
1704 2353 1819 2432 χρῆναι

266 2455 322 2520 τὀν
347 2454 475 2546 ἀριθμόν
500 2467 637 2533 σκοπεῖν,
663 2456 771 2545 μικρὸν
795 2455 922 2542 ὕστερον
947 2454 1008 2517 ἀπό
1031 2460 1094 2516 τῶν
1112 2449 1261 2541 ῥημάτων
1280 2441 1419 2538 δείξομεν
1436 2461 1499 2515 τῶν
1522 2451 1702 2526 Πλάτωνος.
1727 2455 1763 2514 Εἰ
1786 2441 1820 2516 δέ

268 2553 320 2628 δεῖ
341 2562 384 2652 μή
411 2573 522 2628 τοῦτον
548 2564 602 2628 τόν
626 2563 753 2652 τρόπον,
777 2559 861 2626 ἀλλά
884 2554 1030 2640 ζωτικῶς
1046 2559 1084 2622 τ“ο
1110 2547 1189 2631 εἶδος
1214 2567 1269 2620 τοῦ
1295 2555 1423 2646 ἀριθμοῦ
1452 2556 1584 2648 θεωρεῖν,
1607 2555 1746 2647 λεγέσθω
1769 2556 1822 2622 καί

268 2677 341 2759 παρ’
366 2676 455 2759 ήμῶν
476 2676 496 2745 ή
521 2669 625 2760 χιλιάς
640 2669 749 2745 οἰκεῖός
764 2694 811 2745 τις
828 2668 956 2758 ἀριθμός
972 2663 1049 2733 εἶναι
1064 2677 1133 2741 ταῖς
1149 2665 1210 2730 ἀπὸ
1227 2665 1373 2755 γενέσεως
1390 2665 1615 2756 στελλομέναις
1633 2670 1675 2742 είς
1699 2665 1819 2757 γένεσιν

268 2775 393 2867 ψυχαῖς,
416 2781 475 2870 πρὸ
499 2791 557 2856 τῆς
580 2779 714 2860 τελείας,
739 2783 779 2854 ὡς
796 2781 922 2866 εἴπομεν
939 2778 1099 2867 πρότερον,
1116 2774 1416 2851 ἀποκαταστάσεως·
1435 2763 1517 2840 διότι
1534 2764 1572 2844 δή
1590 2771 1713 2862 χθόνιός
1736 2776 1820 2837 ἐστιν

213 2907 242 2945 ²⁰
268 2891 284 2950 6
308 2889 408 2977 χίλια,
434 2881 558 2962 κυύικδς
582 2883 624 2951 ὢν
648 2890 683 2952 ἐκ
707 2878 846 2963 δεκάδος·
871 2893 890 2960 ή
918 2885 972 2974 μὲν
997 2879 1049 2950 ούν
1073 2875 1164 2959 δεκάς
1189 2875 1346 2970 σύμύολον
1364 2891 1517 2972 κοσμικῆς
1537 2883 1619 2946 ἔστω
1642 2874 1735 2963 ζωῆς,
1759 2882 1821 2946 ἀπὸ

268 3005 326 3070 τῆς
343 2985 514 3082 μοναδικῆς
531 2997 685 3086 ἐνεργείας
703 3001 743 3072 είς
760 2994 883 3065 ταύτην
900 2992 1102 3068 ἐκπεσούσης·
1121 2994 1136 3055 ὁ
1154 2981 1189 3054 δὲ
1206 2990 1266 3056 ἀπὸ
1283 3000 1342 3065 τῆς
1360 2983 1489 3067 δεκάδος
1506 2989 1712 3082 τετράγωνος,
1725 2988 1822 3054 πάλιν

268 3101 424 3178 πεσούσης
448 3106 500 3192 ἀφ’
525 3107 641 3180 ἑαυτῆς
665 3103 879 3177 αὐτοκινήτως
896 3107 937 3177 εἰς
953 3101 1081 3192 γένεσιν,
1099 3100 1151 3163 καὶ
1167 3090 1410 3176 έπιπεδωθείσης
1428 3091 1480 3164 διά
1503 3097 1564 3172 τήν
1585 3107 1717 3163 πτῶσιν·
1743 3103 1762 3170 ή
1790 3089 1823 3162 δὲ

269 3209 372 3300 χιλιάς
390 3211 450 3275 ἀπὸ
467 3211 615 3302 γενέσεως
631 3206 716 3288 αὖθις
732 3218 773 3289 εἰς
789 3213 908 3302 γένεσιν
925 3210 1032 3298 ἑτέραν
1050 3206 1211 3290 ἐλθούσης,
1228 3199 1280 3273 διά
1296 3209 1406 3296 τρίτης
1424 3201 1499 3286 αύξη
1507 3229 1529 3284 ς·
1547 3217 1605 3282 τῆς
1624 3207 1678 3297 μὲν
1695 3204 1823 3296 πρώτης

269 3323 311 3394 εἰς
335 3316 451 3406 κόσμον
476 3320 663 3409 ἀναγούσης,
687 3332 746 3397 τῆς
770 3311 804 3384 δὲ
828 3309 973 3407 δευτέρας
997 3322 1039 3392 εἰς
1062 3315 1193 3406 γένεσιν,
1218 3326 1276 3391 τῆς
1300 3307 1334 3382 δὲ
1357 3319 1467 3408 τρίτης
1500 3321 1542 3392 είς
1566 3315 1668 3388 ἀλλην
1692 3314 1823 3404 γένεσιν,

215 3458 243 3496 2⁵
273 3424 434 3508 βαθύνασα
456 3425 517 3518 γάρ
540 3427 578 3492 τὸ
602 3418 757 3492 ἐπίπεδον·
775 3429 830 3492 ούκ
847 3417 1031 3514 ἀνέδραμεν
1049 3429 1091 3500 εἰς
1107 3422 1234 3500 ἑαυτήν,
1249 3426 1321 3487 ἀλλ’
1339 3426 1518 3489 έπιτείνασα
1534 3422 1595 3496 τήν
1614 3420 1725 3512 ὁρμήν,
1748 3445 1825 3511 προ-

272 3531 401 3607 σέθηκεν
425 3536 542 3625 γενέσει
564 3535 684 3626 γένεσιν
708 3536 827 3628 ἑτέραν·
852 3537 931 3602 εἴτε
954 3529 1006 3600 οὖν
1029 3535 1146 3599 πλείων
1171 3537 1187 3597 ὁ
1211 3542 1269 3610 τῆς
1285 3523 1430 3622 περιόδου
1450 3531 1569 3621 χρόνος,
1595 3531 1659 3596 εἴτε
1683 3527 1823 3595 ἐλοίσσων

272 3641 369 3728 ἐστίν,
393 3643 461 3732 όρος
485 3644 583 3720 αύτῆς

273 3857 297 3921 f.
323 3859 365 3924 16
388 3881 430 3936 v.‚
454 3858 489 3923 in
513 3858 611 3924 simili
633 3859 768 3925 lacuna:
793 3858 851 3949 πρὸ
876 3850 909 3923 δὲ
924 3857 1049 3941 τούτῳ.
1064 3907 1093 3932 .,
1119 3847 1343 3945 δημιουργικῆς
1361 3856 1462 3932 αἰτίας
1479 3865 1535 3920 τοῦ
1548 3905 1555 3919 .
1570 3903 1597 3919 ..
1622 3847 1825 3946 ούρανοειδῶν

274 3963 401 4030 πάντων
425 3957 504 4043 ἐξαπ
518 4015 524 4029 .
540 4015 569 4029 ..
592 3963 804 4056 περατώοασα
828 3966 865 4031 τό
889 3963 1008 4040 πλῆθος
1031 3963 1070 4028 τό
1082 4013 1089 4026 .
1103 4013 1132 4027 ..

220 4156 247 4192 ιο
656 4177 680 4191 ..
696 4177 702 4191 .
718 4117 869 4219 μουνάδος
893 4131 929 4192 ἐκ
951 4123 1127 4216 κευθμῶνος
1151 4127 1282 4210 ἀκητοῦ,

276 4289 370 4380 φησίν
394 4293 410 4353 ὁ
435 4295 476 4366 εἰς
499 4289 555 4356 τὸν
579 4289 708 4381 ἀριθμόν
732 4293 854 4382 ύρφικδς
878 4293 971 4380 ὕμνος
989 4293 1022 4372 1),

760 4449 898 4475 οῖῗνῖ

656 4446 730 4517 Εύτ’
756 4479 792 4519 αν
817 4479 836 4540 ῃ
862 4478 919 4519 καν
944 4449 963 4540 ᾗ
989 4455 1077 4527 ἵκηαι
1100 4442 1229 4542 τετράδ’
1256 4448 1306 4516 ἐπί
1329 4444 1437 4535 ζαθέη.

274 4616 381 4680 Ἔστιν
399 4605 433 4680 δὲ
448 4613 562 4705 τετράς
578 4619 597 4688 ή
613 4604 791 4684 διονυσιακή
810 4612 931 4697 θεότης,
944 4604 1083 4704 τετράδα
1095 4613 1326 4704 τετρακέρατον
1343 4611 1485 4702 μυριάκις
1502 4621 1561 4687 τῆς
1577 4614 1704 4700 ὁρφικῆς
1722 4608 1828 4674 θεολο-

279 4725 350 4814 γίας
367 4723 422 4788 τόν
439 4720 508 4787 θεὸν
525 4723 691 4812 ύμνούσης·
711 4728 758 4798 “ή
778 4713 805 4786 δ’
823 4724 911 4788 ἔτεκε
929 4724 1052 4814 μητέρα
1072 4721 1200 4788 πάντων
1224 4714 1384 4810 πανδεχέα
1398 4715 1609 4812 πρέσύειραν,
1634 4725 1685 4805 (ὡς
1701 4719 1828 4785 πάντων

224 4871 251 4909 ³⁵
279 4830 462 4922 χωρητικήν
485 4839 548 4895 τῶν
573 4834 604 4896 έν
628 4840 674 4915 τῷ
698 4831 820 4918 κόσμῳ,
845 4833 898 4895 καί
920 4831 1146 4921 περιεκτικήν),
1171 4831 1240 4920 ὅρον
1264 4829 1335 4920 περί
1357 4839 1433 4894 πᾶσι
1457 4824 1595 4894 τιθεῖσαν
1619 4831 1664 4900 ÷1-'
1683 4827 1829 4920 ἄτροπον,

280 4939 449 5028 ἀκαμάτην
467 4929 576 5026 (ἀίδιος
593 4938 652 5030 γάρ
669 4939 723 5003 καί
739 4939 853 5016 ἀλυτος
877 4947 896 5013 ή
915 4940 1089 5028 συνέχουσα
1112 4939 1167 5003 τόν
1185 4938 1302 5026 κόσμον
1320 4937 1432 5026 φύσις),
1453 4927 1597 5001 “δεκάδα
1614 4936 1752 4999 κλείουσί
1776 4957 1828 5022 μιν

280 5047 379 5138 ἁγνήν
394 5099 421 5128 ,,
432 5051 473 5122 ὡς
486 5045 522 5110 ἀν
540 5056 681 5136 γενητῶς
698 5046 736 5110 τὸ
751 5057 813 5111 πᾶν
829 5041 1000 5138 ὁρίζουσαν.
1019 5045 1118 5123 Μονάς
1136 5045 1191 5134 μέν
1208 5039 1260 5110 ούν
1277 5052 1296 5119 ή
1316 5035 1401 5127 δίῖος,
1418 5043 1531 5135 τετράς
1548 5035 1617 5115 δέθ
1637 5034 1828 5123 διονυσιακὴ,

281 5144 372 5232 δεκάς
397 5144 431 5218 δὲ
446 5159 466 5228 ή
484 5163 548 5222 τῶν
564 5162 723 5244 κοσμικῶν
739 5146 828 5220 εἰδῶν
845 5149 972 5244 ύπαρξις
989 5156 1075 5220 καὶὸ
1093 5154 1216 5243 σύμπας
1232 5153 1357 5244 κόσμος·
1378 5142 1430 5218 διά
1453 5153 1508 5241 μὲν
1525 5151 1585 5224 τήν
1604 5141 1679 5216 δίῖον
1705 5140 1829 5240 μονάδα

321 5386 342 5462 ¹)
352 5387 399 5446 Ex
407 5387 460 5444 illo
470 5385 617 5460 disoerpto
627 5385 745 5460 Orpheo
757 5385 807 5442 hio
816 5392 847 5444 οι
855 5404 933 5459 mox,
942 5387 1025 5443 nulla
1038 5403 1160 5460 prorsus
1172 5385 1306 5444 membra
1319 5391 1481 5460 supersunt
1492 5384 1525 5442 in
1538 5383 1627 5442 editis
1640 5381 1829 5440 carminibus.
