4006 6074
253 493 290 549 32
752 486 809 560 De
826 484 918 560 mille
935 510 1105 562 annorum
1125 489 1307 563 curriculo.

252 659 351 737 ήκειν,
376 656 535 747 φαίνεσθαι
559 657 618 730 τήν
643 660 747 724 αἰτίαν
771 657 983 750 προστίθησιν·
1001 650 1040 724 δι’
1058 655 1094 750 ἧς
1111 659 1241 750 ἅσμενοι
1257 662 1312 726 τόν
1332 665 1470 752 λειμῶνα
1494 654 1801 749 καταλαμύάνουσιν.

256 769 294 829 Οἰ
310 763 369 856 γάρ
389 765 512 837 πολλήν
536 768 661 855 πορείαν
685 769 889 857 πεποιημένοι
905 780 960 833 τοῦ
977 768 1124 858 καμάτου
1143 769 1202 841 τήν
1221 769 1405 835 ἀνάπαυλαν
1423 770 1550 861 ἄσμενοι
1567 763 1724 864 δέχονται·
1748 773 1803 838 καί

254 869 348 938 αὐται
365 868 416 938 οὐν
428 875 451 963 ἰψ
467 875 572 940 πολλά
587 875 793 966 πορευθεῖσαι,
812 888 926 941 ταῦτον
944 877 1211 967 έπασχον·’πολλά
1226 870 1260 944 δὲ
1276 878 1484 968 ἐπορεύθησαν
1502 886 1533 944 αἰ
1551 880 1605 970 μὲν
1623 880 1693 945 κατ’
1712 886 1803 972 οὐρα-

254 985 316 1066 νόν,
338 988 622 1075 συμπεριπολοῦσαι
639 997 704 1062 τοῖς
721 989 870 1076 οὐρανίοις
888 985 977 1061 θεοῖς·
994 993 1026 1051 αἰ
1043 978 1123 1053 δὲέν
1140 999 1204 1063 τοῖς
1221 989 1280 1052 ὐπό
1296 997 1354 1077 γῆς
1371 988 1488 1072 τόποις,
1506 990 1649 1063 ποικιλας
1673 992 1802 1078 ἔχουσαι

212 1117 227 1161 5
255 1083 444 1181 μεταόάσεις
469 1091 521 1156 ἀπ’
542 1093 689 1166 ἀλλήλων
714 1099 755 1169 εἰς
779 1094 903 1177 ἄλλους,
928 1099 968 1171 ὡς
986 1095 1123 1167 ἑκάστην
1140 1091 1215 1186 ἦγεν
1233 1100 1248 1158 ὁ
1266 1106 1323 1171 τῆς
1340 1099 1447 1172 τίσεως
1472 1097 1573 1184 νόμος·
1598 1099 1648 1162 ότι
1671 1097 1726 1187 μέν
1751 1091 1803 1160 οὐν

255 1204 287 1262 αἰ
310 1195 408 1288 ψυχαί
431 1202 484 1264 καί
506 1200 664 1290 ὀχήμασιν
688 1203 847 1292 χρώμεναι
870 1203 1058 1291 κινουμένοις
1082 1200 1167 1268 κατά
1189 1203 1297 1288 τόπον,
1319 1204 1373 1268 καί
1396 1204 1490 1268 αὐταί

254 1418 278 1483 f.
299 1419 337 1484 11
363 1419 477 1484 eadem
492 1419 626 1484 lacuna:
652 1467 658 1480 .
674 1468 680 1482 .
695 1468 701 1481 .
716 1441 762 1482 νοι
786 1409 824 1488 δή
850 1417 960 1508 χρόνον
978 1428 1035 1494 τῆς
1052 1421 1174 1510 πορείας
1189 1469 1195 1482 .
1210 1469 1217 1483 .
1230 1468 1237 1483 .
1251 1419 1441 1508 κεχείρηκεν·
1457 1419 1487 1482 ἐν
1506 1408 1539 1482 δέ
1555 1429 1620 1492 τοῖς
1643 1417 1802 1508 ἑπομένοις

256 1526 318 1614 έρεῖ
339 1525 494 1613 χιλιεψτῆ]
521 1525 581 1588 ἀπό
601 1535 659 1615 γῆς
676 1519 752 1589 εἶναι
768 1526 904 1614 πορείαν.
918 1524 1009 1589 Ἔστι
1027 1515 1059 1590 δὲ
1075 1525 1201 1603 καὶτῆς
1218 1528 1359 1616 οὐρανίας
1381 1524 1501 1590 τούτων
1520 1533 1583 1588 τῶν
1600 1521 1705 1614 ψυχῶν
1729 1547 1803 1589 τοσ-

256 1641 354 1707 οῦτος·
378 1630 472 1697 πόθεν
489 1643 583 1697 τοῦτο
600 1631 709 1722 γράφω
726 1633 979 1724 τεκμαιρόμενος,
997 1633 1046 1697 ότι
1063 1634 1162 1699 καὶέν
1180 1627 1307 1724 Φαίδρῳ
1326 1631 1407 1721 μετά
1422 1630 1481 1706 τήν
1497 1634 1595 1722 κρίσιν
1608 1642 1671 1696 τῶν
1697 1631 1802 1696 ἀλλων

201 1763 228 1800 ιο
255 1735 362 1828 ψυχῶν
385 1738 470 1828 παρά
487 1741 544 1816 τάς
561 1742 755 1830 φιλοσόφους,
774 1742 902 1834 ἀγαγὼν
920 1742 977 1819 τάς
995 1744 1050 1833 μέν
1067 1749 1107 1820 εἰς
1125 1743 1264 1833 οὐρανόν,
1279 1741 1336 1819 τάς
1354 1733 1387 1807 δέ
1403 1747 1444 1818 εἰς
1460 1740 1501 1806 τά
1518 1741 1577 1806 ὑπό
1597 1751 1655 1833 γῆς
1679 1733 1804 1806 δικαιω·

255 1847 359 1937 τήρια,
374 1846 542 1937 ἐπήγαγεν·
555 1858 600 1930 τῷ
619 1839 652 1912 δέ
668 1852 819 1938 χιλιοστῷ
833 1852 1008 1942 ἀμφότεραι
1022 1856 1222 1942 ἀφικνοῦνται
1235 1851 1441 1940 ἑπικλήρωσιν
1458 1850 1513 1914 καί
1529 1852 1643 1938 αἵρεσιν
1657 1840 1801 1939 δευτέρου

257 1956 334 2038 βίον·
357 1954 458 2044 λέγων
484 1955 659 2045 ἀμφοτέρας
683 1957 737 2020 καὶ
760 1957 817 2034 τάς
841 1964 881 2034 εἰς
905 1961 1031 2050 οὐρανόν
1049 1959 1067 2031 ή
1086 1961 1145 2024 ὐπό
1169 1970 1228 2051 γῆς
1248 1961 1420 2049 γεγονυίας·
1445 1957 1607 2052 κάνταῦθα
1633 1949 1666 2024 δέ
1689 1957 1746 2034 τάς
1770 1952 1802 2036 ἐξ

256 2065 382 2153 οὐρανοῦ
406 2058 507 2152 ψυχάς
531 2061 593 2128 ἔθει
617 2063 689 2128 ἀνευ
714 2067 895 2154 φιλοσοφίας
920 2059 1102 2149 βεόιωκυίας
1119 2065 1213 2157 ὀρθῶς
1232 2061 1309 2131 εἶναι
1325 2065 1382 2140 τάς
1404 2059 1524 2143 λήξεως
1549 2068 1612 2130 ἐκεῖ
1634 2065 1801 2155 τυχούσας,

257 2165 326 2236 εἶτα
343 2175 383 2247 εἰς
401 2171 455 2235 τόν
473 2174 611 2262 λειμῶνα
625 2172 806 2261 ἀφιγμένας·
819 2174 900 2238 ὥστε
916 2179 935 2247 ή
953 2173 1096 2263 χιλιετής
1110 2185 1167 2249 τῆς
1183 2175 1308 2263 πορείας
1325 2171 1411 2244 κοινή
1429 2172 1543 2249 πάσαις
1559 2175 1643 2237 ἐστιν
1661 2171 1802 2254 ταύταις,

204 2305 229 2344 ιε
257 2280 311 2344 καὶ
324 2276 457 2363 ἔοικεν’)
470 2284 489 2353 ή
505 2279 608 2369 χιλιάς
621 2281 729 2370 χρόνος
742 2275 819 2345 εἰναι
830 2304 878 2356 τις
893 2273 1075 2371 περιοδικὸς,
1089 2283 1149 2346 ἀπό
1163 2282 1312 2374 γενέσεως
1329 2280 1380 2345 έπί
1396 2280 1514 2372 γένεσιν
1531 2281 1615 2371 ἄγων
1629 2280 1685 2358 τάς
1701 2276 1802 2369 ψυχάς

256 2392 314 2476 οὐχ
338 2392 460 2465 ἁπλῶς,
486 2387 568 2452 ἀλλά
591 2390 649 2478 πρό
674 2399 731 2464 τῆς
763 2388 874 2463 τελέας
898 2389 1204 2465 ἀποκαταστάσεως·
1228 2394 1255 2454 εἰ
1277 2388 1337 2479 γάρ
1362 2389 1433 2454 ἀνευ
1462 2391 1641 2480 φιλοσοφίας
1664 2391 1804 2478 οὐρανίαι

256 2495 431 2586 γεγόνασιν,
455 2498 539 2560 οὐπω
564 2495 619 2583 μέν
644 2493 827 2583 ἀνήχθησαν
845 2501 885 2570 εἰς
902 2496 962 2570 τήν
979 2496 1098 2570 νοητήν
1116 2496 1214 2587 φύσιν·
1231 2507 1301 2572 ταῖς
1318 2489 1352 2562 δέ
1368 2499 1544 2588 ἑγκοσμίοις
1561 2499 1714 2570 κινήσεσιν
1737 2507 1801 2562 τῶν

256 2605 402 2691 οὐρανίων
426 2603 691 2694 συμπεριεπόλουν
717 2597 768 2667 διά
792 2602 850 2674 τήν
868 2596 899 2681 ἐξ
917 2603 1001 2681 ἔθους
1019 2599 1106 2683 τάξιν
1124 2608 1232 2680 αὐταῖς
1247 2602 1432 2680 έντεθεῒσαν,
1457 2606 1623 2695 χαίρουσαι
1647 2616 1687 2691 τῇ
1713 2599 1802 2684 τάξει

256 2718 317 2772 τῶν
341 2703 491 2800 περιόδων
515 2712 647 2775 ἐκείνων·
670 2709 723 2774 καί
739 2701 826 2774 οὐδέν
844 2709 1023 2801 θαυμαστόν
1040 2709 1151 2801 ψυχάς,
1168 2713 1321 2801 ὀχήματα
1337 2707 1443 2800 ψυχῶν
1461 2712 1595 2802 συγγένη
1621 2723 1686 2788 τοῖς
1711 2715 1802 2804 οὐρα-

200 2839 228 2877 ιο
256 2809 339 2902 νίοις,
363 2827 458 2881 τοῦτο
483 2808 566 2907 δρᾶν·
591 2817 668 2881 ὅπου
692 2816 832 2881 καὶτῶν
857 2822 887 2883 έν
910 2829 952 2907 γῇ
979 2811 1241 2909 κατερριζομένων
1258 2819 1343 2883 ἐστὶν
1359 2823 1430 2909 ὀροῖν
1447 2817 1489 2883 τά
1514 2819 1569 2906 μέν
1593 2820 1672 2902 ήλίιρ
1697 2843 1803 2911 συγκι-

255 2925 400 3015 νούμενα,
424 2923 466 2990 τά
493 2915 526 2988 δέ
549 2925 657 3010 σελένη
684 2925 942 3016 συντρῖεχόμενα]

255 3142 279 3207 f.
299 3145 337 3207 11
353 3165 383 3208 v.
398 3141 510 3207 eadem
526 3139 661 3207 lacuna:
678 3138 720 3204 τά
737 3138 792 3230 μὲν
809 3142 849 3215 εἰς
862 3140 1003 3212 ἥλιον...
1020 3144 1060 3216 ῶς
1073 3143 1089 3204 ὀ
1102 3146 1232 3229 Τιμαῖος
1249 3131 1398 3218 ἐδίδαξεν,
1415 3144 1509 3204 ἐστιν·
1520 3139 1563 3206 τά
1576 3140 1630 3228 μὲν
1644 3139 1802 3225 ήίλιαψκά,

255 3247 418 3338 ὀχήματα,
444 3245 484 3310 τά
508 3238 541 3312 δέ
564 3251 726 3319 σεληναία·
751 3248 805 3311 καί
827 3252 853 3312 εἰ
869 3258 963 3312 τοῦτο
981 3247 1105 3330 ἀληθές,
1130 3238 1216 3312 οὐδὲν
1241 3245 1422 3336 θαυμαστόν
1444 3245 1485 3311 τά
1510 3247 1565 3334 μὲν
1588 3249 1678 3330 ἡλίῳ,
1702 3246 1744 3310 τά
1769 3238 1803 3312 δέ

256 3357 370 3444 σελήνῃ
389 3358 639 3446 συμπεριπολεῖν.
655 3361 689 3422 Ιίἰ
705 3355 747 3443 μή
767 3355 893 3421 ἄτακτα
911 3357 1033 3448 φέροιτο
1046 3348 1145 3429 τῆσδε
1162 3349 1291 3434 ἀταξίας
1308 3347 1359 3420 διά
1376 3354 1435 3426 τήν
1454 3359 1484 3420 ἐν
1500 3353 1583 3420 ἔθεσι
1599 3354 1802 3445 τεταγμένοις

200 3483 228 3520 2⁵
255 3458 338 3544 ζωήν
361 3467 575 3554 ἀνῃρημένης,
599 3464 707 3530 ἕπεται
730 3475 771 3551 τῇ
797 3465 882 3531 κατά
907 3465 994 3556 φύσιν
1019 3465 1100 3531 αὐτά
1123 3461 1206 3545 ζωήν
1230 3467 1347 3554 έχοντα
1370 3464 1424 3527 καί
1447 3463 1524 3528 ὄντα
1551 3462 1676 3552 οὐράνια
1700 3462 1802 3552 φύσεις

216 3591 218 3596 ·
256 3571 523 3663 ουμπεριάγεσθαι
545 3584 611 3648 τοῖς
635 3574 795 3664 ήγεμόσιν·
813 3575 866 3639 καί
883 3575 1075 3664 ἀποκάμνειν
1091 3565 1153 3645 ήδη
1173 3573 1251 3638 ποτέ
1268 3564 1319 3638 διά
1335 3572 1394 3645 τήν
1410 3576 1441 3636 ἐν
1466 3574 1569 3648 αὐτοῖς
1592 3568 1686 3652 ζωήν,
1711 3569 1804 3635 ἀσθε-

256 3679 400 3770 νεστέραν
424 3675 518 3744 οὖσαν
535 3691 593 3756 τῆς
611 3691 673 3745 τῶν
689 3683 769 3747 ὀλων
787 3678 879 3764 ζωῆς,
897 3682 1046 3774 ἀκμήτοις
1063 3681 1256 3772 ἐνεργούσης·
1273 3681 1325 3744 καί
1343 3672 1450 3770 μηδείς
1467 3679 1575 3746 οἰέσθω
1598 3671 1649 3744 διά
1672 3679 1802 3754 τούτους

255 3793 346 3875 ήμῶν
369 3787 441 3863 τούς
464 3789 576 3880 λόγους
601 3787 620 3861 ή
646 3787 687 3854 τά
711 3791 863 3880 ὀχήματα
885 3802 1000 3881 χρῆναι
1025 3792 1125 3880 μένειν
1150 3789 1209 3853 ὐπό
1226 3789 1373 3871 σελήνην,
1389 3799 1496 3852 πασῶν
1521 3797 1583 3853 τῶν
1608 3812 1650 3862 εις
1674 3811 1801 3877 ουρανον

259 3893 486 3966 ἀνελθουσῶνή
503 3897 717 3962 συνανιόντων·
734 3898 788 3961 καί
802 3907 865 3963 τῶν
883 3895 1057 3986 ὀχημάτων
1075 3896 1196 3985 σχέσεις
1212 3895 1373 3985 ὑπομένειν
1389 3894 1486 3976 τινάς,
1500 3894 1638 3985 καθάπερ
1655 3895 1709 3959 τόν
1727 3896 1802 3984 ἀέρα

200 4016 228 4054 ³⁰
257 4003 443 4090 κινουμένων
460 4009 550 4091 ήμῶν
567 3995 619 4069 διά
643 4016 698 4070 τοῦ
723 4005 819 4095 ἀέρος·
843 3995 889 4070 δεί
913 4004 967 4092 μέν
992 4003 1052 4096 γάρ
1077 4006 1209 4069 ἕκαστον
1234 4008 1275 4079 εἰς
1291 4003 1351 4077 τήν
1368 4003 1511 4075 ὀλότητα
1534 4002 1658 4078 πάντως
1684 4005 1803 4067 ἀποκα·

257 4109 424 4178 θίστασθαι
446 4111 506 4184 τήν
531 4115 655 4178 οἰκείαν·
678 4113 793 4190 ὀλότης
816 4105 851 4178 δέ
872 4121 936 4177 τῶν
961 4112 1140 4203 σπαρέντων
1165 4112 1248 4177 ἐστὶν
1266 4111 1439 4202 ὀχημάτων
1464 4119 1566 4175 ταῦτα
1589 4108 1631 4174 τά
1656 4107 1801 4199 σώματα,

256 4221 288 4285 έν
311 4217 354 4296 οἷς
378 4220 496 4311 ἐσπάρη
521 4221 606 4286 κατά
629 4219 731 4311 φύσιν·
754 4221 821 4287 έπεί
842 4222 896 4286 καί
918 4222 956 4286 τό
979 4231 1038 4312 πῦρ
1063 4225 1194 4312 ὁρῶμεν,
1218 4219 1278 4293 τήν
1302 4219 1418 4283 οἰκείαν
1442 4216 1585 4288 ὀλότητα
1608 4209 1800 4282 καταλαόεῖν

257 4320 398 4406 σπεῦδον,
423 4329 477 4393 καί
499 4328 559 4401 τήν
577 4332 678 4413 βῶλον
695 4329 748 4396 καί
763 4329 801 4394 τό
817 4339 938 4418 πνεῦμα
955 4329 1009 4393 καὶ
1023 4328 1148 4404 πάντως
1166 4328 1293 4393 ἀτοπον·
1317 4335 1381 4401 τοῖς
1406 4323 1460 4412 μὲν
1484 4321 1630 4414 φθαρτοῖς
1654 4321 1802 4414 ὑπάρχειν

255 4434 316 4508 τὴν
333 4430 431 4525 ὄρεξιν
448 4436 570 4510 ταύτην
587 4443 626 4513 ὠς
644 4435 795 4526 σώμασιν,
811 4447 876 4512 τοῖς
894 4428 927 4502 δέ
944 4435 1111 4527 ἀφθάρτοις
1128 4435 1171 4524 μή
1190 4435 1347 4524 ὑπάρχειν·
1363 4447 1402 4502 -::-
1418 4449 1458 4505 -::-
1472 4448 1512 4504 -ἰί-
1528 4433 1547 4504 θ
1565 4432 1714 4523 ὑπάρχειν
1735 4431 1800 4521 μὲν,

202 4557 230 4600 ³⁵
258 4533 427 4632 μηδήποτε
451 4535 484 4609 δέ
508 4549 549 4620 εἰς
573 4545 662 4621 τέλος
688 4543 892 4635 ἀφικνεῖσθαι,
915 4547 997 4634 εἰπερ
1022 4535 1168 4633 οὐδεμίαν
1193 4536 1291 4634 ὄρεξιν
1316 4541 1447 4631 φυσικήν
1472 4543 1529 4630 μαί

257 4758 281 4826 f.
309 4761 347 4826 12
372 4762 486 4827 eadem
508 4760 643 4828 lacuna:
669 4784 790 4824 ...τινι
814 4769 876 4824 τῶν
901 4761 981 4822 ὀλων
1012 4757 1079 4822 ἐστὶ
1103 4781 1246 4822 κατα...
1272 4753 1371 4827 αὐτήν
1396 4753 1479 4819 κατά
1508 4759 1596 4843 φῦσιν
1629 4747 1724 4826 δηλοῖ
1749 4746 1800 4818 διά

259 4867 435 4954 Νυμήψνιον]
461 4857 512 4930 διά
536 4865 595 4938 τήν
619 4876 682 4930 τῶν
707 4867 881 4958 ὀχημάτων
899 4858 1051 4932 δίοδον...
1068 4876 1132 4940 πῶς
1150 4867 1187 4929 τό
1205 4874 1295 4954 σῶμα
1310 4865 1347 4928 τό
1361 4863 1440 4928 θεῖον
1457 4861 1475 4934 ή
1494 4855 1649 4951 λαμύάνει
1665 4859 1803 4950 προσθή-

258 4996 317 5044 κην
335 4971 495 5056 ἀνιόντων,
519 4971 539 5045 ἢ
565 4975 723 5064 ἀφαίρεσιν
748 4974 894 5062 ὑπομένει
913 4972 1097 5037 κατιόντων·
1113 4971 1197 5036 ἀλλά
1215 4962 1374 5074 διαρρέτως
1394 4961 1433 5035 δι’
1452 4972 1546 5034 αὐτοῦ
1570 4979 1666 5059 χωρεῖ
1686 4979 1803 5054 ταῦτα,

294 5221 316 5294 ¹)
334 5220 502 5295 Rescripsit
519 5221 617 5279 Maius
641 5221 671 5278 in
694 5225 767 5294 Rep.
791 5221 835 5278 ed.
856 5237 875 5293 1,
894 5239 922 5295 p.
940 5221 1002 5292 363,
1058 5227 1138 5296 νόμας.
1157 5225 1257 5281 Habet
1277 5227 1393 5283 ἀλλήλων
1413 5227 1445 5286 εἰς
1459 5221 1583 5280 ἀλλήλους
1596 5223 1671 5298 (cod.
1691 5223 1803 5296 ἄλλους).

258 5327 287 5366 n.
308 5311 336 5382 13
355 5327 378 5367 11
391 5330 419 5385 ρ.
432 5311 494 5382 228,
507 5327 535 5366 n.
550 5313 578 5366 l:
598 5311 673 5365 αὐταὶ
687 5311 726 5366 ιύν
744 5329 840 5384 usque
859 5313 899 5369 ad
917 5315 1002 5373 τίσεως
1093 5316 1117 5386 ²)
1135 5314 1233 5370 Maius
1245 5313 1316 5370 ibid.
1329 5315 1404 5368 ῖοιιιιν
1416 5329 1512 5384 usquo
1524 5312 1563 5368 ad
1575 5315 1759 5375 καταστάσιος.
