3940 6072
970 915 1243 993 PERSIOA.

370 1347 409 1414 In
433 1346 543 1412 multis
566 1348 599 1412 et
615 1345 727 1430 priscis
743 1346 833 1412 codd.
849 1367 923 1410 mss.
936 1342 960 1428 ¹)
977 1344 1203 1412 circumfertur
1218 1343 1379 1411 enarratio
1402 1344 1580 1430 generatim
1600 1344 1773 1430 inscripta:
1797 1343 1856 1416 1ιὴ-

325 1477 416 1546 γησις
439 1451 509 1543 περὶ
532 1463 590 1528 τῆς
606 1457 637 1518 ἐν
654 1443 779 1542 Περσίδι
794 1450 964 1540 γενομένης
981 1443 1110 1516 συνόδου
1127 1461 1190 1517 τῶν
1206 1453 1401 1516 ἀνατολικῶν
1426 1449 1614 1535 ἐπισκόπων,
1629 1454 1661 1516 ἐν
1687 1445 1708 1537 ᾖ
1733 1451 1786 1514 ant
1804 1451 1857 1538 περὶ

325 1573 388 1628 τῶν
413 1567 444 1628 όν
467 1573 508 1649 τῇ
534 1565 614 1647 αὐτῇ
639 1560 728 1651 χώρᾳ
751 1559 927 1653 γεγονότων
951 1561 1123 1650 repererint
1147 1555 1380 1630 caeteteros
1405 1564 1536 1648 Χριστοῦ
1559 1558 1719 1648 γέννησιν.
1742 1559 1855 1626 Brevin

328 1672 498 1758 aliquande
521 1668 658 1760 Περσικὰ
681 1671 798 1737 dicitur
821 1659 977 1758 διήγησις,
1002 1693 1083 1756 quae
1113 1669 1145 1734 iu
1177 1669 1280 1735 tribus
1303 1669 1393 1735 codd.
1416 1667 1505 1734 Julie
1529 1668 1683 1736 Africano
1707 1689 1854 1754 perperam

331 1781 495 1859 tribuitur,
518 1779 552 1844 in
575 1778 646 1845 aliis
670 1779 879 1868 Damascene,
896 1779 929 1843 in
944 1778 1106 1862 plerisque
1121 1778 1246 1844 cnidum
1264 1777 1443 1857 Anastasio,
1459 1776 1535 1862 quin
1558 1777 1657 1844 immo
1675 1775 1856 1842 Antiocheno

329 1886 544 1966 Patriarchae‚
569 1888 609 1953 ad
631 1886 721 1971 cujus
740 1903 896 1965 mensam,
920 1885 947 1950 si
970 1885 1117 1952 Palatino
1140 1885 1239 1952 codici
1263 1886 1340 1952 fides
1355 1885 1408 1966 sit,
1425 1885 1534 1951 diebm
1557 1885 1649 1951 festis
1671 1885 1753 1952 haec
1768 1881 1856 1948 fabula

328 1993 454 2060 recitari
471 1993 595 2059 solebat
607 1989 645 2074 ¹),
661 1997 773 2076 utpote
789 1999 997 2060 avocamento
1011 1995 1109 2060 animi
1123 1994 1246 2060 idonea.
1262 1993 1300 2058 Iu
1316 2015 1354 2059 ea
1369 1992 1505 2059 fortasse
1520 1993 1615 2078 plura
1634 1992 1813 2060 derivantur
1826 2012 1855 2054 ex

328 2101 463 2168 vetustis
475 2101 678 2188 apocryphis,
692 2123 773 2186 quae
787 2123 852 2167 nen
868 2103 962 2188 pauci
976 2103 1011 2167 in
1027 2102 1225 2188 temporibus
1241 2103 1360 2168 nostris
1375 2101 1561 2186 diligentius
1573 2121 1671 2186 quam
1683 2105 1777 2166 antm
1786 2119 1856 2164 scru-

326 2214 449 2291 tantur,
472 2210 527 2276 sed
549 2209 641 2276 nobis
664 2211 743 2276 haec
766 2210 817 2276 vel
841 2209 957 2276 leviter
979 2214 1128 2276 excutere
1151 2231 1215 2274 nen
1238 2212 1340 2275 vacat.
1364 2207 1486 2288 Passim
1513 2209 1701 2274 inseruntur
1723 2206 1855 2292 quaedam

328 2317 457 2386 oracula
469 2324 502 2384 et
518 2319 699 2385 testimonia
711 2317 784 2404 plue
796 2317 900 2385 minus
912 2319 1046 2399 sincera,
1058 2339 1140 2404 quae
1152 2317 1230 2384 satis
1242 2317 1304 2384 erit
1319 2316 1372 2384 hie
1387 2317 1454 2382 sine
1470 2316 1702 2384 commentario
1715 2314 1854 2400 colligere.

974 2531 1119 2622 Χρησμδς
1143 2530 1230 2617 19).

372 2761 416 2825 ÷
439 2743 514 2838 Ὀψὲ
536 2747 615 2814 ποτέ
638 2771 697 2832 τις,
722 2747 826 2838 φησὶν,
850 2745 902 2812 ἐπὶ
925 2745 984 2820 τὴν
1007 2737 1186 2836 πολυσχιδῆ
1218 2746 1340 2819 ταότην
1371 2744 1478 2812 ἐλάσει
1500 2755 1571 2836 γῆν,
1596 2744 1651 2810 καὶ
1679 2735 1755 2835 δίχα
1777 2741 1853 2832 equit·

327 2870 372 2933 ζ-
396 2880 495 2946 μσιτος
508 2855 535 2942 ⁴)
559 2855 728 2947 γενήσεται
743 2849 830 2946 σάρξ·
849 2895 890 2906 -
908 2855 1103 2946 Ἀκαμάτσις
1120 2847 1153 2921 δὲ
1170 2853 1321 2930 θεότητος
1337 2855 1444 2931 ὅπλοις
1459 2855 1495 2940 ⁵),
1513 2853 1649 2918 ἀνιάτων
1665 2852 1773 2919 setes
1787 2851 1855 2914 λόσει

326 2978 372 3040 -ζ-
396 2963 521 3054 ιρθοράν,
546 2964 600 3028 καὶ
623 2963 726 3047 τούτῳ
740 2961 767 3049 ⁶)
791 2962 898 3053 ιρθόνος
923 2965 1092 3055 γενήσεται
1116 2966 1248 3028 ἀπίστου
1270 2967 1348 3028 λαοῦ
1361 2959 1398 3045 ⁷),
1423 2963 1477 3028 καὶ
1500 2963 1573 3054 πρός
1596 2959 1673 3052 ὕψος
1699 2958 1854 3052 :pepecit-

327 3086 371 3150 ÷
395 3096 484 3138 σεται
497 3070 523 3156 ⁸)
548 3077 588 3148 ὡς
613 3070 748 3138 θανάτου
766 3063 937 3150 κατάδυιος
952 3074 986 3160 ⁸).
1012 3079 1122 3138 Terdec
1148 3063 1181 3137 δὲ
1196 3070 1302 3137 πάντα
1317 3069 1395 3137 ἑκὼν
1411 3073 1635 3161 προσπείσεται
1651 3071 1761 3160 φόρων,
1776 3065 1854 3132 θανὼν

329 3195 374 3258 -ζ-
397 3173 430 3247 δὲ
455 3186 496 3258 εἰς
519 3181 616 3248 πόλον
641 3178 821 3272 ἀρθήσεται.
846 3195 891 3257 -ζ-

998 3395 1143 3487 Χρησμός
1169 3396 1211 3461 B‘.

373 3624 416 3688 ÷
439 3610 526 3682 Πλὴν
544 3602 685 3685 κληδόνα
698 3616 823 3704 ἀσφαλῆ
838 3606 1002 3690 λαόόντες,
1015 3611 1189 3703 πορεόεσθε.
1206 3652 1247 3663 -
1260 3609 1356 3702 Ἀνὴρ
1370 3612 1431 3704 γάρ
1444 3636 1490 3688 τις
1504 3604 1589 3688 ridde
1603 3612 1721 3688 ἑννήεις
1734 3599 1852 3700 μιγόιδος,

327 3730 373 3794 ÷
395 3718 514 3810 ἐνεργός
538 3719 571 3785 όν
595 3720 713 3808 κύημα,
739 3721 876 3812 τρυτάνῃ
903 3727 982 3788 Θεοῦ
1006 3723 1181 3800 ἀήττητος,
1199 3721 1364 3796 ἀήττητον
1390 3721 1516 3813 Ῥώμην
1533 3723 1627 3813 ἔχων,
1647 3721 1703 3787 τόν
1721 3719 1851 3808 ἀτέρμονι

328 3839 372 3903 ÷
395 3829 513 3917 κόσμον
536 3833 576 3905 ὡς
600 3829 660 3894 ὠὸν
684 3832 818 3908 κυκλῶν,
847 3831 981 3918 [doreti]
1007 3830 1129 3908 πάντες
1154 3822 1264 3920 δόρατι
1287 3835 1375 3897 ἑλῶν.
1398 3844 1442 3907 -;-

362 4095 386 4168 ¹)
404 4094 501 4153 Vatic.
519 4095 582 4169 555,
601 4097 663 4169 oet,
682 4097 745 4166 995,
760 4098 823 4172 866,
843 4099 921 4172 1159,
943 4101 1021 4158 1606.
1040 4133 1075 4148 -
1129 4107 1161 4158 et
1173 4100 1324 4160 variorum
1333 4099 1488 4177 colloquio.
1502 4091 1850 4176 Quatuorprioreeraul·

324 4183 421 4242 Patet.
440 4187 466 4257 4,
485 4185 547 4242 664.
559 4217 595 4231 -
608 4185 708 4244 Otteb.
720 4187 763 4258 91,
777 4187 840 4260 966,
858 4189 920 4246 967.
933 4221 963 4232 -
977 4189 1075 4248 Paris.
1129 4190 1288 4266 desumpta
1307 4191 1447 4250 dicuntur
1465 4208 1504 4248 ex
1520 4189 1651 4265 Philippi
1669 4187 1814 4265 cujusdam
1827 4180 1851 4236 li·

326 4275 495 4348 1084‚1173‚
510 4275 589 4350 1538,
601 4277 681 4334 9999.
694 4307 730 4322 ·-
743 4277 862 4336 Oeisliu.
875 4278 938 4336 283.
950 4309 986 4321 -
998 4277 1076 4335 'Pau-
1129 4279 1183 4337 bro
1202 4285 1386 4356 πιριαγυγιιῷ.
1404 4281 1463 4340 sed
1482 4280 1562 4339 infra
1579 4297 1618 4338 ox
1636 4280 1700 4338 ced.
1719 4277 1780 4335 vac
1795 4267 1848 4329 w]

327 4364 383 4422 rin.
402 4364 464 4422 966
477 4395 512 4410 -
524 4365 638 4424 Menae.
657 4367 700 4438 61,
715 4367 776 4424 199.
790 4367 954 4426 vindobon.
972 4368 1026 4439 Th,
1039 4369 1076 4426 48
1128 4371 1208 4429 idem
1227 4375 1356 4432 occurrit
1367 4375 1414 4432 utu'
1425 4376 1645 4448 apophthegm
1657 4370 1770 4430 Selenis
1780 4361 1848 4436 legit·

327 4475 356 4514 n.
375 4455 419 4512 96.
437 4486 474 4500 -
493 4457 585 4513 Oxou.
604 4457 720 4515 Bareie.
739 4459 801 4528 914,
820 4458 881 4515 766.
900 4458 948 4517 Ex
966 4458 1077 4516 Vindo·
1129 4461 1248 4520 lateris!
1267 4463 1304 4520 In
1325 4469 1453 4537 utreque
1477 4462 1576 4520 codice
1602 4461 1734 4536 vestigia
1749 4451 1847 4516 metrit⁸

329 4545 396 4603 bon.
416 4545 463 4602 uti
483 4552 613 4617 quatuor
636 4565 717 4622 seqq.
737 4578 772 4592 -
789 4548 951 4606 Meet-man.
977 4548 1021 4605 91.
1040 4577 1076 4589 -
1128 4549 1258 4609 manunt
1275 4557 1365 4610 vetus
1383 4569 1503 4609 carmen
1515 4551 1645 4610 tortasse
1657 4552 1750 4610 fuisse
1761 4547 1793 4605 ab
1808 4537 1847 4597 ali·

328 4633 498 4708 Cantabrig.
510 4634 650 4694 Univers
662 4669 699 4682 -
710 4636 1075 4710 Lambethan.-Leydens.-
1129 4660 1188 4717 que
1207 4641 1370 4700 scholiasta
1382 4660 1559 4702 conversum
1572 4643 1604 4700 in
1615 4643 1746 4702 solutum
1762 4649 1846 4696 ww

328 4722 503 4781 Perizonius
520 4724 565 4779 49.
577 4755 614 4767 -
631 4723 803 4800 Musqueus.
821 4727 883 4798 959,
903 4726 1076 4782 etfertasse
1128 4749 1206 4789 nem,
1225 4732 1404 4790 posteriori.
1424 4733 1487 4791 eod.
1507 4733 1670 4792 variantes
1698 4731 1845 4805 sequuntur·

328 4814 408 4872 aubi.
427 4815 605 4873 Innumcras
629 4817 792 4874 varietates
811 4818 843 4874 in
865 4815 984 4874 schedis
1002 4815 1075 4872 reti·
1164 4822 1188 4895 ⁴)
1206 4821 1302 4879 Vatie.
1323 4827 1363 4876 διὰ
1382 4826 1553 4894 τιτάσρατσς.

327 4918 434 4958 nemus
453 4913 524 4960 cum
541 4904 677 4963 versione
695 4905 790 4964 latina
808 4906 1010 4980 extemporali.
1165 4912 1188 4985 ⁵)
1207 4913 1274 4970 Vat.
1293 4918 1325 4970 et
1343 4911 1427 4970 cedd
1445 4915 1547 4986 piures
1566 4917 1635 4987 ὅρνις·

364 4993 387 5066 ²)
405 4994 470 5050 Pol.
489 4995 543 5051 364
562 4995 581 5052 f.
601 4997 645 5053 80.
663 5003 703 5051 Τὰ
714 5001 838 5072 λεγόμενα
851 5003 960 5070 Περσικὰ
972 4995 1001 5055 ἦν
1016 5004 1075 5054 ἀνα·
1164 5003 1188 5076 ⁶)
1206 5003 1274 5059 Vct.
1294 5009 1361 5056 κατὰ
1379 5006 1474 5056 τοῦτον.

329 5087 517 5156 γιγνωσκόμενα
537 5090 569 5149 εἰς
589 5089 633 5145 τόν
647 5091 779 5159 τράπεζαν,
792 5091 838 5146 τόν
851 5093 894 5142 τοῦ
909 5093 1074 5145 Ἀναστασίσυ
1164 5093 1187 5163 ⁷)
1205 5092 1249 5148 Id.
1270 5093 1369 5164 ἀπίστῳ
1389 5095 1503 5166 ἀγόννπσι
1521 5095 1584 5164 λαῷ.

327 5175 484 5235 όισυπόλιως.
1164 5181 1187 5253 ⁸)
1205 5180 1249 5238 Id.
1268 5183 1421 5254 aprpaotair.

364 5262 388 5337 ³)
406 5261 467 5321 Sub
486 5263 647 5338 epigraphe
667 5268 694 5319 is
712 5271 755 5320 τοῦ
774 5269 848 5340 λόγου
868 5271 911 5322 τοῦ
930 5274 986 5340 περὶ
1006 5271 1075 5322 Κατ·
1162 5273 1186 5346 ⁹)
1204 5272 1247 5329 Id.
1261 5277 1359 5343 θανάτῳ
1373 5277 1508 5336 ιιετάδιιισς
1522 5273 1617 5345 speie:
1631 5275 1741 5328 πείσεται
1752 5259 1842 5336 παρ’ῑῦ·

329 5355 1073 5433 eevepee,prelixoademcnlainterpositosermene
1129 5365 1188 5430 τῶν,
1208 5381 1264 5420 nec
1282 5363 1378 5438 plura.
1433 5413 1436 5418 ,
