4008 6068
739 506 1112 583 mommoreto
1130 507 1205 583 Job.
1416 491 1419 498 ¹
1711 507 1758 576 so

248 684 345 774 Σορύς
367 674 401 750 δέ
423 687 440 748 ό
464 680 534 748 καθ’
558 687 642 773 ἡμᾶς
658 682 754 775 λέγει·
778 681 877 760 Αὐτός
895 705 948 771 μοι
1047 683 1179 770 Sapiens
1195 684 1324 769 quidam
1340 706 1380 750 ex
1398 686 1515 752 nostris
1531 685 1624 754 dicit:
1646 688 1745 774 ‘Ipse

202 783 411 874 tdore¹)r‹tv
435 791 533 855 όντων
557 800 671 883 γνῶσιν
685 781 817 879 ἀψευδῆ,
834 783 948 858 ειδέναι
1002 792 1081 858 mihi
1108 793 1194 859 dedit
1220 793 1335 858 horum
1366 815 1447 879 quae
1476 800 1552 862 sunt
1581 795 1746 863 scientiam

203 900 352 966 σύστασιν
369 899 500 987 κόσμου,
516 898 570 963 καὶ
593 898 746 989 ἐνέργειαν
771 899 947 988 στοιχείων,
1002 906 1132 983 certum,
1148 905 1186 968 ut
1201 902 1298 969 sciam
1314 903 1554 988 dispositionem
1568 907 1689 987 mundi,
1713 911 1746 973 et

203 1009 305 1102 ἀρχὴν
333 1007 387 1072 και
415 1008 506 1084 τέλος
537 1007 591 1072 και
623 1008 787 1099 μεσότητα
818 1007 947 1097 χρόνων,
1002 1010 1157 1076 virtutem
1181 1010 1420 1094 elementorum,
1445 1012 1572 1079 initium
1594 1017 1627 1080 et
1649 1015 1745 1084 finem

204 1117 327 1208 τρόπων
355 1113 512 1204 ἀλλαγὰς,
536 1115 590 1180 καὶ
619 1107 798 1205 μεταύολεις
822 1125 948 1205 καιρῶν,
1002 1123 1036 1186 et
1057 1119 1260 1210 medietatem
1287 1123 1481 1205 temporum,
1506 1123 1745 1190 conversionum

204 1229 344 1292 ἐνιαυτοῦ
369 1223 501 1299 κύκλους
524 1223 578 1289 και
602 1222 739 1315 ἀστέρων
764 1221 870 1299 θέσεις.
1003 1226 1183 1307 varietates,
1200 1231 1232 1292 et
1248 1228 1441 1294 mutationes
1452 1232 1605 1310 aetatum,
1622 1232 1654 1294 et
1670 1230 1745 1295 anni

1003 1331 1148 1412 circulos,
1164 1337 1197 1398 et
1213 1337 1374 1399 astrorum
1389 1335 1563 1419 positiones
1575 1386 1602 1415 ,.

250 1424 390 1522 Οὐκοῦν,
405 1437 457 1504 ἐὰν
473 1440 614 1531 γένωμαι
637 1439 740 1528 σορὸς,
759 1439 875 1526 ᾄσομαι
897 1439 950 1504 και
1047 1439 1175 1521 Nonne,
1191 1441 1217 1507 si
1241 1443 1366 1528 sapiens
1390 1464 1501 1525 essem,
1519 1444 1674 1511 enarrabo
1696 1467 1747 1510 ss·

205 1546 344 1636 ᾰστέρων
357 1545 464 1624 θέσεις,
482 1546 536 1611 και
551 1547 614 1628 ὅτῳ
631 1547 718 1635 ριλον
732 1548 827 1623 έστιν,
841 1549 950 1638 ἀναγι-
1003 1553 1128 1615 trorum
1158 1548 1350 1633 positiones,
1380 1556 1418 1616 ut
1448 1557 1604 1636 quantum
1634 1550 1747 1636 cuique

205 1653 332 1719 νώσκειν
357 1653 410 1718 και
433 1654 487 1719 τὸν
512 1652 612 1743 Ἑνὼχ
624 1679 631 1730 ς
656 1657 770 1730 ἐκεῖνος
795 1650 950 1744 ἀνέγραψε
1003 1655 1120 1740 placet,
1143 1655 1251 1740 legam
1275 1655 1464 1724 Enochum?
1486 1658 1551 1725 ists
1582 1659 1667 1726 enim
1692 1661 1748 1725 de·

208 1762 262 1828 καὶ
284 1761 327 1826 τὰ
350 1761 500 1851 περὶτῶν
519 1764 656 1852 ἀστέρων
673 1762 727 1826 και
743 1759 785 1826 τοι
801 1762 872 1851 περὶ
888 1772 950 1826 τῶν
1004 1766 1132 1850 scripsit
1155 1787 1192 1831 ea
1215 1786 1296 1850 quae
1319 1765 1359 1831 ad
1382 1770 1469 1832 astra
1482 1771 1630 1852 spectent
1652 1771 1685 1834 et
1708 1767 1747 1835 ad

206 1871 376 1961 φωστόρων
393 1871 506 1947 κακούς
523 1872 627 1934 αὐτῶν
643 1871 728 1936 ἐστὶν
742 1869 882 1942 ἀνατολὴ
898 1869 952 1936 καὶ
1004 1877 1184 1958 luminaria,
1208 1879 1241 1942 et
1264 1897 1374 1942 eorum
1393 1876 1553 1960 quodnam
1576 1877 1619 1943 sit
1643 1878 1747 1944 oriens

206 1979 338 2052 έπιτολό
353 1976 389 2066 ¹).
1006 1991 1040 2052 et
1062 2007 1201 2052 occasus.

252 2089 305 2162 Τίς
329 2089 414 2153 ἐστιν
433 2091 449 2151 ὁ
466 2088 577 2178 λέγων·
594 2079 721 2153 ’Ἐδωνέ
738 2110 790 2175 μοι
814 2086 951 2177 ἀστέρων
1051 2093 1129 2172 Quis
1145 2096 1194 2159 est
1208 2091 1264 2158 ille
1279 2091 1401 2159 dicens:
1430 2095 1443 2126 ⁸
1460 2091 1558 2158 Dedit
1580 2093 1659 2158 mihi
1674 2115 1749 2160 noe-

207 2193 302 2271 θέσεις
326 2186 526 2274 ειδέναι;καὶ
543 2187 643 2260 διὰτί
660 2195 721 2261 tet
744 2197 871 2260 πολλῶν
896 2198 953 2258 oto-
1008 2226 1079 2272 uero
1094 2201 1271 2288 positiones
1294 2201 1454 2266 astrorum
1466 2202 1507 2280 ,ι
1523 2199 1566 2266 Et
1588 2222 1684 2286 quam
1710 2204 1752 2269 ob

207 2303 303 2394 τέρων
315 2315 371 2370 τοῦ
384 2296 551 2391 ζωδιακοῦ,
566 2297 709 2392 ὠνόμαζε
726 2303 785 2376 τόν
803 2292 952 2368 Πλειάδα·
1007 2331 1135 2378 ouussm
1152 2331 1188 2375 ox
1204 2308 1315 2374 multis
1331 2307 1449 2374 zodiaci
1470 2307 1625 2374 sideribus
1647 2309 1750 2375 nomi-

207 2422 262 2478 τοῦ
286 2411 346 2504 γὰρ
370 2402 524 2490 tetanos
548 2415 633 2477 ἐστιν
657 2411 748 2483 ανον·
765 2409 784 2484 ν
804 2411 865 2474 ἀπὸ
889 2417 952 2474 τοι
1007 2417 1096 2484 naue
1112 2415 1296 2483 protasome
1313 2414 1413 2497 onus
1429 2415 1513 2478 enim
1534 2413 1685 2498 εοοῑιιο),
1700 2416 1753 2482 ver

210 2523 344 2610 βωρείων
360 2521 415 2586 τον
432 2525 637 2611 Ἀρννοῦρον;
655 2519 716 2583 Καὶ
737 2518 798 2583 οπο
814 2526 877 2581 τῶν
900 2521 955 2581 bt·
1008 2549 1066 2594 cur
1098 2547 1134 2591 ex
1164 2525 1267 2591 stellis
1299 2524 1524 2609 septentrionis
1557 2525 1753 2611 significavit

207 2627 347 2720 γομένων
373 2631 555 2703 πλανητῶν,
586 2627 697 2702 οἵοονος
721 2624 872 2716 φέρονται
894 2622 953 2715 γὰρ
1007 2633 1261 2703 Arcturumiiir
1274 2633 1416 2718 hisquae
1427 2631 1576 2718 planetas
1587 2637 1752 2714 vocantur,

207 2737 269 2801 tut
283 2726 408 2827 δυσμῶν
424 2736 498 2825 πρὸς
515 2733 685 2818 ἀνατολὴν,
701 2733 794 2823 μόνον
802 2731 953 2823 Ἔοπορον
1008 2743 1072 2810 alia
1094 2743 1243 2809 feruntur
1265 2741 1306 2808 ab
1338 2741 1499 2808 occidente
1522 2742 1555 2806 in
1579 2741 1753 2819 orientem3

208 2837 357 2937 ὡνομοζο·
383 2845 420 2908 Εἴ
432 2868 481 2920 τις
499 2834 631 2909 δύναται
647 2843 787 2908 ἅνονὲτω
802 2845 849 2918 τίς
869 2847 954 2907 ἕοτνν
1008 2852 1113 2918 solum
1129 2849 1307 2936 Vesperum
1323 2851 1452 2915 nomine
1468 2849 1622 2916 distinxit.
1636 2848 1669 2916 si
1682 2849 1754 2934 quis

207 2959 227 3028 ἡ
253 2955 386 3030 Πλεῐττε
411 2951 464 3019 ναὶ
486 2953 570 3028 τίνος
594 2946 676 3027 οἶνός
700 2955 767 3017 ἐστι
794 2949 848 3015 καὶ
871 2951 953 3024 τίνος
1007 2961 1041 3027 id
1063 2959 1162 3040 velet,
1186 2958 1294 3024 audiat
1317 2979 1475 3043 quaenam
1493 2957 1535 3023 eit
1557 2956 1698 3036 Pleiade,
1722 2960 1755 3022 et

208 3063 338 3154 χωρίον;
352 3066 368 3126 ὁ
381 3059 600 3152 ΥᾶρἜοῦορος
613 3053 696 3125 οἶνον
710 3059 777 3149 ἕχον
789 3059 826 3124 το
840 3059 954 3148 ἅοτρον
1008 3070 1174 3155 cujusnam
1187 3066 1229 3133 sit
1241 3066 1363 3145 domus,
1377 3066 1543 3151 cujusnam
1555 3067 1656 3133 iocus:
1674 3065 1754 3133 Ves-

208 3179 271 3234 τῶν
296 3160 468 3250 Πλειάδων,
491 3169 546 3234 καὶ
561 3170 618 3233 οὖν
634 3172 700 3241 εἰκῆ
719 3177 822 3232 ταῦτα
846 3167 956 3238 εἴληπ-
1008 3197 1066 3261 ροε
1091 3175 1176 3240 enim
1192 3174 1321 3239 domum
1336 3172 1434 3238 babet
1448 3173 1482 3237 in
1501 3195 1564 3239 una
1586 3173 1753 3240 Pleiadum

209 3302 264 3342 ται
277 3276 318 3343 τὰ
331 3277 489 3365 ὀνόματα·
508 3280 632 3343 tuone
646 3267 803 3350 Πλεόαδας
816 3274 869 3339 καὶ
880 3272 956 3337 Ἔσ-
1009 3280 1114 3364 stultu,
1137 3303 1196 3348 uso
1212 3280 1334 3346 frustra
1347 3279 1426 3346 hoeo
1444 3280 1574 3346 nomino
1593 3279 1683 3346 fuere
1704 3301 1756 3345 re-

208 3408 299 3476 περον
323 3385 377 3450 καὶ
398 3385 588 3477 Ἀρκτοῦρον
619 3385 673 3450 καὶ
704 3389 830 3472 repere
853 3381 955 3447 νότου.
1009 3394 1121 3475 sopio:
1148 3385 1241 3466 ‘Qui
1256 3386 1333 3453 fouit
1347 3385 1503 3467 Pleiadas,
1521 3392 1554 3453 et
1576 3385 1755 3472 vesperum

205 3491 296 3558 Ἔνον
313 3483 347 3559 δὲ
364 3498 549 3583 Ἀρκτοῦρος
565 3487 606 3569 οἷς
623 3491 724 3581 ᾰοτδρ
741 3489 827 3580 παρὰ
847 3499 888 3574 τῇ
907 3491 958 3553 οὗ·
1009 3504 1042 3565 st
1053 3497 1228 3566 Arcturum
1239 3499 1271 3563 et
1283 3495 1392 3562 stellas
1404 3496 1515 3563 Austri
1530 3545 1556 3576 ,.
1573 3495 1647 3562 Una
1658 3495 1755 3563 stella

210 3601 302 3690 ρανίῳ
315 3600 492 3689 καλουμένῃ
512 3595 663 3690 &parmi
680 3609 820 3689 χρῶνται
836 3597 955 3686 σημείῳ
1011 3612 1060 3674 εει
1070 3608 1105 3673 in
1117 3605 1197 3673 coeli
1212 3604 1294 3687 loco,
1309 3605 1364 3690 qui
1376 3627 1470 3671 ursus
1487 3609 1629 3686 vocatur,
1642 3626 1707 3690 qno
1718 3603 1758 3670 si·

210 3718 321 3772 ναῦται
345 3697 398 3772 διὰ
419 3707 457 3772 το
483 3697 660 3795 μηδέποτε
684 3697 784 3770 δονεῖν
804 3703 877 3780 τοὺς
900 3706 957 3766 &⁰-
1010 3735 1076 3801 gno
1090 3717 1228 3780 utuntur
1243 3717 1370 3793 nautae,
1383 3711 1538 3798 quincius
1553 3710 1757 3777 stellsenun·

209 3816 300 3906 τέρος
325 3818 433 3898 αὐτῆς,
457 3814 524 3881 imi
540 3805 575 3880 di
591 3815 712 3904 οἵρηνων
729 3813 791 3879 ἀπο
814 3821 870 3876 τοῦ
894 3803 957 3890 ζω-
1010 3845 1106 3908 quum
1123 3821 1281 3888 occidunt.
1299 3819 1456 3897 Quoniam
1471 3841 1547 3886 vero
1564 3816 1757 3904 significavit

211 3914 320 3990 διακοῦ
332 3922 392 3995 τὴν
407 3913 620 4006 Πλειάδα,και
631 3922 692 3986 όσεύ
701 3929 764 3986 τῶν
778 3918 958 4010 ὑπερέκεινα
1009 3930 1043 3995 iu
1066 3929 1194 3994 sudiuso
1224 3925 1379 4006 Pleiadas,
1404 3930 1437 3992 oi
1466 3924 1641 3992 Arcturum
1670 3924 1758 3989 iuter

211 4042 266 4098 τοῦ
290 4022 444 4110 ζωδιακοῦ
461 4035 491 4096 ἐκ
508 4041 573 4107 τοῖς
590 4033 748 4119 ἀρκτικοῖς
764 4028 884 4103 τύποις,
900 4025 955 4090 τον
1010 4037 1121 4104 stellas
1145 4055 1228 4121 quae
1250 4055 1347 4119 super
1370 4033 1534 4100 zodifleum
1550 4037 1625 4100 guni
1647 4032 1681 4098 in
1703 4055 1755 4098 [θ.

213 4139 583 4231 Ἀρκτοῦρον,’ἓσνῶπηον
600 4130 634 4204 di
649 4147 712 4203 τῶν
730 4137 867 4226 ἀστέρων
883 4131 956 4207 τοὺς
1011 4143 1160 4230 gionibus
1180 4140 1373 4222 borealibus,
1388 4140 1491 4207 tacuit
1506 4161 1583 4205 vero
1598 4139 1637 4204 de
1653 4136 1755 4204 stellis

211 4250 340 4332 νοτίους,
365 4239 417 4312 διὰ
441 4258 535 4313 τοῦτο
551 4247 644 4312 οἱονεὶ
660 4237 878 4334 ἀναλαμύάνει
901 4245 956 4305 ord·
1010 4247 1214 4328 australibus,
1239 4247 1356 4313 idciroo
1378 4247 1470 4331 quusi
1493 4269 1545 4312 oos
1568 4242 1755 4329 oomplooti·

210 4355 291 4432 τοὺς.
309 4355 364 4420 mi
378 4355 474 4446 λέγω·
490 4355 525 4421 ‘0
541 4363 637 4421 πονῶν
655 4344 795 4419 uirtute
811 4350 865 4416 ναι
881 4349 958 4412 Ἔο·
1010 4361 1066 4422 tur
1088 4359 1121 4422 ct
1141 4355 1203 4421 ait:
1230 4356 1244 4387 ⁸
1261 4353 1317 4439 qui
1331 4353 1409 4420 fecit
1425 4352 1571 4419 Pleiadas
1588 4355 1621 4417 et
1636 4348 1756 4433 Vespe-

210 4486 303 4552 τερον
327 4461 381 4526 και
410 4461 596 4551 Ἀρκτοῦρον
620 4459 674 4525 καὶ
697 4466 822 4548 Ταμεῖοι
846 4456 957 4522 Νότου.
1011 4486 1084 4532 sum
1106 4468 1140 4530 ot
1154 4461 1330 4530 Austurum
1346 4467 1379 4528 ot
1394 4461 1505 4528 Austri
1522 4460 1658 4540 collus„
1675 4458 1755 4524 For·

212 4567 307 4657 Τάχα
323 4559 357 4634 δὲ
380 4568 434 4632 καὶ
456 4567 551 4658 λόγον
570 4565 802 4656 τεθεωρημένον
825 4566 891 4653 ἔχω
915 4561 957 4626 τὰ
1011 4576 1095 4638 tasse
1118 4569 1275 4636 rationem
1298 4569 1396 4636 habet
1411 4566 1648 4652 contemplandi
1672 4587 1756 4650 quse

212 4675 297 4742 κατὰ
320 4676 376 4740 τόν
399 4676 506 4743 τόπον·
529 4675 614 4740 ἐστιν
635 4675 684 4741 ἀεὶ
699 4673 827 4764 φανερός
844 4671 957 4746 κύκλος
1011 4675 1052 4742 ad
1078 4674 1184 4743 locum
1214 4678 1372 4760 spectant.
1397 4673 1529 4758 Semper
1559 4665 1755 4757 conspicitur
1847 4664 1850 4670 ¹

211 4783 287 4873 τερος
310 4794 351 4869 τῇ
370 4784 487 4874 ἄρκτῳ,
508 4785 593 4850 ἔστιν
618 4781 736 4871 ἀρανὴς
753 4781 867 4857 κύκλος
882 4779 957 4870 πρὸς
1012 4780 1149 4849 circulus
1172 4803 1247 4848 urso
1274 4780 1405 4860 vicinus,
1428 4780 1505 4845 dum
1528 4799 1592 4845 uon
1615 4777 1757 4846 cernitur
1783 4781 1784 4784 ’

210 4903 252 4979 τῇ
280 4883 454 4983 μεσεμύριᾳ
468 4891 522 4956 καὶ
537 4900 583 4976 τῷ
606 4891 697 4976 νότῳ·
721 4889 808 4980 τάχα
832 4881 884 4953 σύν
908 4888 957 4950 ἵνα
1012 4887 1150 4955 circulus
1169 4888 1224 4974 qui
1240 4887 1280 4954 ad
1296 4887 1460 4952 meridiem
1474 4889 1508 4952 et
1523 4888 1668 4952 anstrum
1683 4906 1757 4950 rcr-

248 5159 271 5235 ¹)
290 5157 420 5235 Sapient
438 5174 493 5229 vn,
514 5157 557 5230 17,
577 5156 620 5228 18,
640 5156 682 5212 19.
1011 5153 1076 5212 sive
1094 5151 1248 5210 Occidens.
1267 5151 1426 5210 Caeterum
1444 5149 1533 5207 facile
1556 5147 1755 5221 dubiumst,

247 5251 400 5325 ν)ιιειιιλνι,
419 5246 500 5323 qnod
517 5247 753 5320 interpretentur
776 5246 862 5302 οτιωε
879 5243 957 5300 etde·
1010 5241 1083 5315 quin
1107 5240 1243 5315 ejusdem
1265 5238 1438 5314 interpretis
1461 5239 1547 5296 locus
1571 5238 1619 5310 sit,
1646 5237 1756 5296 omisso

212 5357 292 5409 ποτε,
309 5339 360 5398 hic
377 5337 498 5398 videtur
522 5353 590 5396 esse
615 5335 797 5394 mummium
822 5334 956 5406 Οιῦσοιιτ,
1010 5331 1140 5389 fortasse
1159 5329 1238 5387 circa
1255 5327 1387 5388 medium
1406 5326 1530 5387 ulterius
1548 5325 1677 5386 nomine.

283 5467 379 5524 Aust.
397 5478 427 5537 ν,
445 5461 496 5521 fol.
514 5462 570 5520 11⁸.
