4022 6072
914 487 1063 562 dandae
1089 488 1254 562 Hilarius

652 631 832 731 Kanendo
854 665 943 731 venis
966 663 1075 731 fistule
1097 665 1239 750 ingluvie
1262 666 1346 734 bona

711 772 892 838 Praesentis
914 771 1081 857 irrogabat
1103 775 1257 858 temporis
1271 769 1297 858 ι)
1322 775 1475 858 extendit,

712 877 866 946 Ventrem
889 879 1101 946 temulentum
1123 880 1270 963 reddidit,

1025 987 1155 1055 Miscuit
1177 989 1270 1055 risus.

655 1131 799 1250 Logere
822 1186 873 1229 me
898 1161 1041 1248 mod02),
1065 1167 1225 1252 permitte,
1251 1167 1386 1234 Domine

713 1273 801 1340 Mala
823 1295 904 1358 quae
927 1275 1012 1359 gessi
1033 1297 1106 1340 reus
1130 1274 1170 1340 ab
1192 1275 1338 1356 infantie,

710 1381 882 1468 Laorymas
905 1381 984 1446 mihi
1008 1386 1065 1448 tua
1088 1383 1172 1450 dona
1193 1383 1300 1468 gratia

1022 1489 1133 1557 Cordis
1155 1489 1196 1556 ab
1219 1489 1295 1556 imo.

654 1641 766 1755 Meis,
790 1677 827 1739 ut
853 1677 944 1758 puto,
967 1671 1054 1738 vitiis
1077 1676 1218 1738 tartarea
1240 1675 1402 1738 tormenta

714 1780 827 1846 Multis
850 1803 915 1846 non
937 1781 1047 1846 velent
1070 1780 1213 1846 sufficere

714 1888 787 1955 Nisi
810 1891 987 1971 succurrat,
1011 1887 1148 1969 Christe,
1172 1892 1231 1953 tna
1254 1889 1357 1973 pietas

1025 1994 1143 2062 Misero
1166 1995 1255 2060 mihi.

652 2141 808 2244 Nullum
831 2181 998 2262 peccatum
1021 2199 1117 2262 super
1140 2182 1243 2244 terrae
1266 2177 1383 2244 faciem

712 2284 825 2351 Potest
847 2290 904 2351 aut
926 2284 1029 2352 scelus
1051 2284 1192 2351 invenire
1216 2284 1339 2369 copiam
1355 2279 1392 2368 ²),

617 2421 626 2438 ·
712 2391 903 2477 equorum
925 2413 988 2458 non
1012 2413 1083 2458 sum
1106 2392 1292 2477 inquinatus
1314 2391 1436 2458 fecibus

1025 2499 1144 2566 infelix
1168 2520 1240 2586 ego.

656 2645 781 2762 Orcus,
805 2703 944 2763 occasus,
968 2679 1086 2766 aquilo,
1110 2679 1297 2764 septentrio,

712 2787 855 2871 Ocelum,
878 2794 1037 2874 terraque,
1061 2811 1158 2870 mare,
1181 2787 1297 2869 fodies,
1321 2787 1464 2871 flumina,

713 2893 843 2962 Montes
866 2899 898 2961 et
920 2895 1029 2977 eolles,
1053 2897 1157 2980 campi
1176 2895 1271 2980 juxta
1293 2896 1416 2963 roscida

1027 3003 1121 3086 Lilia,
1145 3005 1229 3072 flete.

657 3151 824 3270 Plengite
848 3205 983 3264 mecum,
1006 3189 1094 3251 astra
1116 3186 1295 3268 rutilantia,

717 3290 844 3358 Mecum
866 3292 1002 3378 mugite,
1026 3293 1146 3360 bestiae
1169 3293 1350 3380 sylvicolae.

717 3398 840 3466 Dicite:
864 3401 901 3465 tu
924 3421 958 3465 es
981 3400 1086 3481 miser,
1111 3401 1186 3485 quia
1208 3401 1268 3466 sub
1291 3400 1390 3485 impio

1016 3505 1155 3574 Crimine
1178 3509 1281 3594 gemis
1294 3503 1332 3589 ⁴).

661 3657 754 3774 Quis
777 3713 828 3757 me
851 3690 889 3756 de
912 3712 1008 3756 manu
1032 3689 1144 3776 Cocyti
1170 3689 1389 3756 flammicomis

716 3799 838 3864 Eruere
860 3803 976 3884 potest,
1000 3798 1062 3864 nisi
1084 3797 1191 3864 Petris
1214 3799 1307 3864 unica
1330 3796 1448 3882 proles,

717 3905 779 3982 Qui
802 3905 956 3972 mundum
981 3905 1123 3990 pretioso
1146 3906 1303 3990 sanguine

1030 4013 1110 4080 Jure
1133 4013 1292 4079 redemit?

661 4159 873 4278 Redemptor
895 4193 1015 4276 mundi,
1039 4195 1133 4262 unica
1155 4215 1227 4280 spes
1251 4191 1404 4274 omnium,

718 4299 870 4386 Aequalis
892 4301 993 4382 Patri,
1018 4301 1155 4387 Spiritui
1176 4303 1282 4369 trinus

718 4409 764 4476 Et
788 4431 869 4476 unus
891 4409 990 4491 Deus,
1013 4407 1109 4476 Moisi
1131 4410 1308 4492 invisibilis,

1031 4517 1112 4583 Mihi
1134 4535 1291 4584 succurre.

663 4661 709 4763 Si
732 4719 783 4764 me
806 4697 917 4764 subtili
940 4719 1054 4783 pensas
1077 4699 1137 4764 sub
1160 4696 1339 4778 libramine,

721 4801 799 4890 Spes
821 4802 855 4869 in
878 4825 929 4870 me
951 4804 1043 4871 nulla
1065 4811 1209 4870 remanet
1233 4805 1367 4871 fiduciae

721 4910 784 4978 Sed
807 4932 902 4998 rogo,
925 4916 983 4978 tua
1004 4932 1056 4977 me
1079 4910 1182 4976 solvet
1205 4912 1361 4996 potentia,

1033 5018 1135 5086 Filius
1158 5018 1217 5085 Dei
1233 5018 1257 5103 ⁵)

357 5302 380 5378 1)
399 5303 611 5376 occpaoro.
630 5303 709 5378 -²)
728 5303 760 5360 o.
779 5304 1036 5380 maome-³)
1055 5304 1095 5360 u.
1114 5306 1207 5376 ape.
1227 5304 1520 5378 -omqere-
1539 5263 1615 5378 ι)ὀ.
1636 5303 1802 5375 onena
